3278 5348
228 412 290 473 334
638 393 711 451 Dec.
734 401 806 469 270.
831 424 872 436 —
897 392 954 451 An.
980 402 1067 469 1471.

226 610 343 667 vellent
375 609 481 682 pocius
503 608 677 666 Wilhelmo
709 613 783 665 nato
806 607 939 664 condam
974 607 1101 666 Henrici
1136 609 1346 681 Entzesdorf,
1382 614 1504 686 sibique

225 715 355 773 eandem
379 760 385 772 .
411 760 416 769 .
441 759 446 770 .
470 757 478 771 .
503 723 596 786 prout
612 712 719 772 heredi
743 713 782 770 ad
806 712 887 771 dicte
909 713 1037 770 ecclesie
1060 713 1213 772 fabricam
1244 714 1503 775 distribuendam

225 827 255 879 et
277 821 368 878 alleri
391 820 479 878 nulli.
510 820 638 878 Domini
668 834 743 877 vero
774 828 889 891 cantor,
914 818 1123 898 archidiaconi
1152 825 1183 877 et
1206 821 1353 880 canonici
1388 838 1431 882 ex
1452 823 1501 881 ad·

225 940 316 983 verso
346 925 529 999 replicando
553 925 705 995 dixerunt,
739 925 987 999 prenominatam
1020 926 1150 998 pecunie
1180 941 1344 984 summam
1375 930 1503 988 ecclesie

223 1047 279 1090 sue
301 1031 445 1104 legatam.
469 1047 525 1090 nec
548 1047 697 1105 umquam
723 1030 761 1089 de
785 1032 944 1089 voluntate
968 1032 1123 1089 testatoris
1146 1030 1257 1090 fuisset
1282 1033 1423 1093 eandem
1447 1052 1503 1111 per

224 1137 433 1195 wilhelmum
457 1137 560 1194 filium
575 1153 666 1194 suum
691 1136 730 1194 ad
755 1136 836 1194 dicte
859 1136 988 1194 ecclesie
1005 1136 1157 1196 fabricam
1174 1137 1213 1195 ad
1237 1137 1501 1200 distribuendum

225 1242 318 1301 fuisse
347 1244 557 1313 commissam,
578 1243 662 1316 quod
686 1244 713 1300 si
734 1243 794 1301 hoc
816 1241 855 1300 de
879 1249 952 1301 voto
983 1258 1040 1301 suo
1060 1242 1175 1315 fuisset,
1199 1243 1288 1303 idem
1313 1240 1361 1325 (in
1387 1249 1502 1307 ultima

224 1350 398 1419 voluntate)
420 1349 622 1421 expressisset
644 1393 1052 1408 ..............

330 1536 464 1600 Originale
489 1537 516 1586 in
535 1537 682 1586 membrana
700 1538 762 1587 satis
781 1537 893 1588 lacerum
911 1545 937 1587 et
955 1554 1081 1590 mancum.
1109 1540 1137 1588 A
1164 1554 1231 1589 zona
1258 1541 1364 1591 serioeu
1380 1543 1464 1594 rubra
1481 1552 1506 1593 et

223 1626 338 1678 violacea
356 1625 485 1689 appendet
504 1625 627 1690 sigillum.
646 1629 679 1676 In
697 1627 792 1681 archiv.
812 1643 868 1679 ven.
890 1627 974 1692 Capit.
992 1627 1093 1691 aagrab.

821 1911 909 1979 270.

330 2107 411 2155 Auno
435 2118 510 2171 1471,
533 2119 554 2158 l.
574 2105 694 2156 octobris.
714 2104 813 2156 Budae.

223 2250 367 2321 Mathias,
381 2254 557 2325 Hungariae
569 2259 616 2311 ele.
628 2269 690 2318 rex,
708 2251 811 2308 milites
833 2252 863 2306 in
886 2250 1085 2308 cananaeorum
1108 2252 1206 2321 curies,
1212 2251 1506 2329 possessionibusque

738 2374 875 2431 collocati
895 2381 980 2431 vetat.

854 2547 855 2550 =
928 2513 1082 2562 Commissio
1102 2513 1206 2577 propria
1223 2512 1323 2561 domiui
1344 2514 1426 2576 regis.

330 2645 460 2700 Mathias
483 2642 532 2701 dei
556 2644 660 2715 gracia
683 2659 738 2700 rex
763 2643 929 2714 Hungarie,
955 2642 1099 2700 Bohemie
1122 2647 1177 2699 etc.
1200 2640 1368 2699 Fidelibus
1385 2643 1502 2700 nostris

223 2749 396 2823 magnificis
421 2749 522 2806 Blasio
546 2751 674 2820 Magyar
698 2756 727 2806 et
750 2748 905 2806 Damiano
928 2748 1071 2806 Horvath
1094 2748 1181 2820 regni
1203 2747 1304 2805 nostri
1328 2745 1501 2806 Sclauonie

223 2856 312 2913 banis
336 2856 384 2912 rel
419 2871 526 2910 eorum
560 2855 725 2924 vicebanis‚
754 2854 887 2911 salutem
918 2861 948 2911 et
970 2855 1116 2926 graciam.
1148 2853 1324 2927 Exponitur
1346 2854 1444 2912 nobis
1469 2855 1501 2911 in

223 2963 363 3036 personis
387 2960 528 3017 fidelium
553 2967 730 3018 nostrorum
754 2961 947 3018 honorabilis
970 2960 1099 3033 capituli
1129 2959 1258 3018 ecclesie
1281 2961 1501 3032 aagrabiensis

222 3069 259 3126 ad
280 3068 407 3124 modum
426 3068 530 3138 gravis
547 3066 681 3138 querele,
706 3058 790 3138 qbod
811 3080 867 3123 vos
882 3066 942 3123 hiis
959 3065 1153 3139 temporibus
1169 3065 1314 3140 proxime
1330 3066 1501 3123 transactis

223 3176 363 3231 homines
387 3181 416 3229 et
442 3172 611 3230 familiares
635 3178 755 3229 vestros
773 3173 802 3229 in
819 3172 955 3244 propriis
972 3170 1118 3228 domibus
1134 3175 1166 3228 et
1180 3170 1274 3228 curiis
1291 3169 1499 3229 dominorum

222 3280 359 3338 eiusdem
384 3279 512 3351 capituli
530 3285 635 3336 contra
653 3277 846 3335 voluntatem
863 3275 1045 3335 eorumdem
1061 3276 1165 3350 sepius
1183 3275 1368 3334 descensum
1394 3275 1500 3335 facere

222 3387 448 3459 permisissetis‚
475 3401 529 3457 per
553 3400 631 3457 quos
653 3399 714 3442 non
739 3383 896 3441 mediocre
919 3382 1057 3455 dampna
1073 3387 1166 3455 atque
1180 3381 1357 3454 opprobria
1374 3382 1500 3441 eisdem

222 3491 356 3549 dominis
379 3490 486 3548 inferri
510 3490 611 3548 facere
629 3490 796 3547 misissetis.
821 3488 998 3546 Novissime
1021 3488 1118 3545 eciam
1141 3485 1283 3544 homines
1306 3494 1433 3545 vestros
1456 3488 1500 3546 ad

221 3598 447 3671 possessionem
471 3597 609 3653 eiusdem
634 3595 762 3669 capituli
786 3593 952 3668 Thoplylra
969 3599 1123 3664 vocatam,
1145 3593 1177 3651 in
1200 3592 1350 3650 comitatu
1375 3608 1495 3651 waros·

221 3703 318 3761 diensi
342 3704 534 3772 existentem,
560 3717 647 3759 more
670 3701 930 3760 exercituancium
949 3699 1202 3770 transmisissetis‚
1226 3714 1283 3772 per
1298 3713 1380 3773 quos
1398 3714 1498 3774 prop-

220 3815 267 3867 ter
299 3807 456 3881 quandam
488 3815 592 3864 taxam
624 3825 680 3880 per
713 3824 769 3865 vos
800 3808 839 3865 ad
872 3808 953 3865 bona
983 3807 1081 3881 ipsius
1111 3806 1241 3879 capituli
1262 3810 1372 3863 contra
1396 3806 1499 3864 liber·

220 3920 297 3971 tates
319 3913 456 3970 eiusdem
481 3915 541 3971 sibi
564 3929 581 3970 a
606 3914 686 3971 divis
709 3916 834 3987 regibus
858 3914 1025 3987 Hungarie,
1048 3913 1162 3970 nostris
1180 3911 1300 3970 scilicet
1330 3910 1500 3984 predeces-

221 4020 343 4076 soribus
374 4020 540 4091 superinde
571 4034 738 4090 concessas,
763 4021 952 4093 impositam,
984 4033 1083 4093 prope
1106 4017 1218 4092 viginti
1239 4016 1385 4075 homines
1407 4017 1498 4077 simi·

220 4125 292 4182 liter
307 4124 337 4181 in
354 4123 463 4182 eadem
481 4128 672 4198 possessione
688 4135 718 4183 el
743 4127 805 4184 suis
830 4126 1027 4200 pertinenciis
1049 4129 1279 4182 commorantes
1300 4137 1376 4182 nece
1401 4124 1498 4183 mise·

219 4231 314 4288 rabili
335 4230 507 4289 interlicere
532 4233 754 4305 permisissetis
776 4233 876 4290 multa
893 4247 1018 4305 quoque
1038 4231 1101 4289 alia
1125 4230 1209 4288 mala
1233 4234 1327 4304 atque
1349 4228 1496 4305 dampna

219 4336 280 4409 ipsi
303 4337 440 4410 capitulo
478 4337 634 4407 fecissetis,
667 4338 830 4412 facereque
861 4322 1091 4396 niteremini‘in
1115 4324 1324 4410 pfeiudicium
1346 4335 1496 4410 ipsorum

219 4451 250 4501 et
272 4441 455 4516 dampnum.
488 4444 590 4516 Quare
621 4445 833 4517 supplicatum
865 4450 911 4503 est
941 4461 997 4518 per
1031 4443 1225 4502 maiestatem
1256 4447 1396 4502 nostram
1431 4443 1497 4517 ipsi

219 4549 358 4623 capitulo
381 4551 547 4624 superinde
570 4557 746 4623 opportune
765 4550 931 4623 provideri.
954 4549 1045 4610 Unde
1065 4565 1123 4608 nos
1138 4549 1231 4607 sicuti
1245 4548 1403 4607 neminem
1419 4549 1497 4608 sub·

219 4655 356 4713 ditorum
378 4663 565 4727 nostrorum,
590 4657 633 4714 sic
656 4674 713 4715 nec
738 4656 875 4730 prefatos
898 4664 1087 4730 exponentes
1111 4660 1221 4714 contra
1235 4655 1378 4728 ipsorum
1395 4655 1497 4716 liber·

218 4766 296 4820 tates
319 4778 376 4836 per
407 4763 587 4836 quemqiam
610 4764 721 4821 iniuste
745 4763 884 4836 opprimi
907 4762 1058 4833 volentes,
1081 4761 1228 4820 fidelitati
1250 4765 1354 4819 vestre
1375 4761 1496 4821 harum

217 4869 297 4926 serie
315 4870 506 4928 strictissime
526 4870 719 4941 mandamus,
750 4875 901 4942 quatenus
932 4867 1047 4926 amodo
1078 4868 1110 4925 in
1132 4873 1222 4924 antea
1243 4865 1285 4923 ad
1316 4864 1432 4928 domos
1461 4875 1495 4928 et
