3256 5346
622 386 695 443 Doc.
718 395 787 462 257.
814 417 851 427 -
878 382 1047 463 An.1467.

784 700 865 769 257.

297 898 378 945 Anno
401 896 475 960 1467,
495 895 519 947 6.
539 895 693 946 novembris.
714 894 862 958 Zagrabiae.

191 1077 337 1135 Stalutum
353 1076 515 1134 libertatum
531 1076 650 1149 capituli
665 1075 917 1150 defendendarum,
933 1081 1156 1148 secretorumque
1167 1093 1225 1132 aron
1234 1075 1456 1149 pantomimo.

295 1276 385 1331 Anno
409 1272 527 1330 domini
551 1272 809 1330 MCCCCLXVll.
833 1271 909 1329 feria
933 1278 1019 1329 sexta
1041 1270 1122 1329 infra
1143 1278 1291 1330 octavam
1312 1274 1452 1332 Omnium

190 1385 376 1450 sanctorum,
408 1379 540 1437 domini:
575 1379 760 1452 prepositus,
792 1378 898 1449 lector,
920 1386 1028 1435 cantor
1050 1384 1080 1436 et
1103 1378 1197 1436 ceteri
1219 1378 1343 1438 domini
1370 1352 1453 1438 iniri·

190 1486 299 1558 scripti
322 1485 535 1558 capitulariter
561 1486 591 1542 in
615 1486 753 1542 interiori
776 1484 916 1541 sacristia
939 1484 1124 1557 congregati,
1148 1485 1354 1555 attendentes,
1377 1485 1452 1560 quod

188 1590 227 1647 de
250 1590 300 1648 die
323 1592 353 1647 in
376 1591 459 1648 diem
482 1591 612 1648 ecclesia
635 1591 757 1648 ruinam
782 1591 906 1663 patitur,
930 1590 1011 1647 bona
1034 1590 1131 1662 ipsius
1155 1589 1382 1663 dilapidantur,
1405 1589 1450 1648 de·

188 1697 267 1752 cime
297 1697 528 1767 abstrahuntur,
560 1702 743 1754 testamenta
765 1695 962 1767 infriguntur,
986 1696 1088 1752 clerus
1116 1696 1317 1768 persequitur
1341 1700 1372 1755 et
1393 1696 1445 1753 alia

189 1801 386 1859 incommoda
409 1801 591 1871 inferuntur,
616 1802 782 1875 peioraque
819 1803 848 1857 in
874 1799 1013 1857 futurum
1043 1799 1248 1858 formidantes
1284 1802 1444 1859 iuramenti

187 1908 291 1978 medio
322 1908 539 1965 concluserunt
569 1923 604 1964 ac
635 1914 670 1964 ut
692 1909 789 1964 robur
820 1908 953 1963 habeant
982 1905 1149 1976 firmitatis¹
1181 1905 1318 1978 quilibet
1342 1920 1444 1965 sesua

188 2015 315 2088 propria
344 2029 437 2071 manu
461 2015 585 2086 scripsit
608 2020 637 2071 et
667 2029 700 2070 se
722 2013 761 2070 ad
786 2012 983 2085 infrascripta
1006 2011 1201 2069 observanda
1224 2013 1398 2085 obligavit:
1420 2012 1447 2069 in

188 2121 298 2194 primis
330 2120 413 2193 quod
445 2120 634 2177 laborabunt
664 2134 721 2193 pro
753 2119 880 2176 decimis
911 2119 990 2176 inter
1020 2119 1142 2175 liuram
1172 2124 1203 2175 et
1233 2118 1394 2190 Drawam,
1422 2119 1450 2174 in

187 2241 298 2301 campo
329 2233 358 2283 et
388 2226 465 2283 alias
497 2227 550 2283 ubi
581 2234 793 2300 opportunum
824 2226 924 2283 fuerit.
959 2224 1109 2283 Similiter
1130 2238 1187 2296 pro
1211 2226 1336 2297 quartis
1357 2225 1449 2282 archi·

188 2334 394 2393 diaconorum
420 2348 491 2389 cum
523 2333 679 2390 iuvamine
711 2339 814 2389 tamen
837 2347 1043 2405 expensarum
1067 2346 1203 2388 suarum.
1228 2331 1318 2402 item,
1344 2331 1447 2406 proli·

186 2439 360 2496 bertacione
388 2439 557 2510 curiarum,
585 2445 742 2497 resumet
773 2453 984 2511 personarum.
1010 2437 1094 2506 ltem,
1119 2451 1177 2510 pro
1200 2437 1396 2495 testamentis
1421 2443 1449 2494 et

184 2546 369 2618 generaliter
400 2560 457 2617 pro
480 2546 625 2602 omnibus
654 2545 841 2603 utilitatibus
865 2545 1002 2613 ecclesie,
1026 2542 1110 2615 quod
1134 2558 1213 2600 unus
1237 2543 1376 2601 alterum
1402 2542 1448 2600 dc-

184 2651 297 2720 fendat‚
328 2656 562 2724 procuratorem
593 2651 700 2718 eciam,
734 2651 786 2723 qui
818 2651 849 2707 in
881 2651 997 2708 talibus
1020 2649 1186 2718 laborabit,
1209 2648 1236 2705 si
1260 2664 1325 2721 qua
1349 2650 1444 2707 incur·

183 2764 265 2815 reret
296 2755 501 2826 incommoda,
526 2755 661 2814 fideliter
684 2756 876 2813 relevabunt.
900 2754 1054 2828 Quodque
1077 2760 1253 2828 presentem
1277 2755 1449 2813 constituci-

184 2879 276 2920 onem
292 2864 351 2919 sub
375 2862 462 2935 penis
485 2862 614 2935 periurii
638 2869 667 2918 et
691 2869 839 2935 perpetue
855 2860 1043 2917 exclucionis
1066 2859 1105 2917 de
1128 2861 1287 2919 consortio
1310 2861 1444 2919 secretis·

184 2970 261 3026 sime
285 2970 364 3025 inter
387 2984 419 3025 se
443 2969 597 3026 tenebunt.
623 2969 689 3025 lloc
712 2969 809 3025 eciam
834 2967 961 3038 adiectu,
983 2966 1066 3039 quod
1091 2966 1117 3024 si
1139 2967 1209 3038 quis
1235 2983 1292 3040 per
1316 2968 1450 3042 amplius

184 3076 290 3147 aliqua
314 3082 431 3131 secreta
454 3074 550 3130 eciam
575 3081 605 3131 et
630 3075 898 3147 qualitercumque
923 3087 1019 3145 parva
1042 3072 1229 3130 revelaverit
1253 3073 1286 3130 in
1308 3075 1443 3148 capitulo

184 3180 272 3249 facta,
296 3181 372 3253 ipsis
395 3180 481 3252 penis
505 3180 631 3236 omnino
654 3182 693 3237 sit
717 3180 781 3236 sine
806 3178 1017 3236 misericordia
1032 3178 1200 3248 subiectus,
1216 3193 1254 3235 ea
1277 3178 1447 3249 dumtaxat

182 3302 243 3359 que
269 3286 376 3343 cadent
402 3288 433 3342 in
456 3285 621 3342 discrimen
646 3287 784 3358 capituli.

285 3423 420 3487 Johannes
445 3423 526 3471 lector
549 3437 626 3471 manu
654 3424 765 3487 propria.
784 3421 984 3471 Bartholomeus
1002 3428 1091 3470 cantor
1109 3436 1142 3471 m.
1162 3436 1187 3485 p.
1207 3421 1342 3487 Muthyas,
1361 3437 1447 3487 prepo·

181 3513 244 3561 situs
270 3512 427 3559 charmensis
452 3527 485 3561 m.
511 3527 535 3574 p.
562 3512 683 3559 Matheus
707 3511 903 3559 archidiaconus
922 3526 955 3561 m.
975 3526 999 3575 p.
1020 3509 1148 3558 Martinus
1166 3508 1367 3560 archidiaconus
1385 3511 1446 3575 gori-

184 3602 268 3649 censis
286 3616 318 3651 m.
340 3615 364 3663 p.
393 3598 490 3647 Paulus
518 3600 714 3648 archidiaconus
742 3600 773 3647 de
799 3599 916 3648 Kemlelr
943 3615 977 3648 m.
1004 3614 1029 3663 p.
1054 3597 1182 3646 Martinus
1201 3598 1401 3648 archidiaconus
1418 3599 1447 3646 de

180 3689 282 3737 Wasltn
302 3705 334 3740 m.
356 3705 379 3753 p.
396 3688 530 3752 Johannes
553 3689 749 3737 archidiaconns
775 3688 933 3737 chasmensis
952 3704 983 3738 m.
1004 3704 1029 3752 p.
1055 3687 1183 3750 Georgius
1201 3686 1400 3736 archidiaconus
1416 3686 1447 3735 de

178 3778 262 3826 Bexin
281 3793 313 3828 m.
334 3794 359 3841 p.
379 3777 561 3840 Sigismnndus
586 3778 781 3827 archidiaconus
807 3777 839 3825 de
864 3777 976 3825 Wurasd
997 3791 1029 3828 m.
1048 3792 1074 3840 p.
1100 3774 1228 3838 Georgius
1253 3774 1447 3824 archidiaconus

179 3865 212 3914 de
231 3866 357 3914 Vrbowcz
377 3881 409 3916 m.
431 3882 454 3930 p.
474 3865 611 3914 Ladislaus
631 3874 716 3914 custos
736 3873 761 3914 et
780 3866 917 3914 canonicus
937 3881 970 3914 m.
990 3881 1015 3929 p.
1036 3864 1167 3913 Fabianus
1186 3863 1218 3911 de
1238 3863 1353 3928 Roycha
1372 3880 1397 3913 m
1422 3879 1445 3928 p.

176 3954 292 4018 Jacobus
317 3955 407 4003 doctor
435 3970 467 4004 m.
494 3970 518 4017 p,
547 3953 621 4001 Elias
640 3954 672 4001 de
689 3953 832 4018 Suplancza
851 3970 876 4001 m
905 3969 930 4017 p.
951 3954 1081 4001 Gerardus
1100 3951 1132 4001 de
1151 3951 1235 4000 Patak
1254 3967 1289 4004 m.
1309 3968 1336 4018 p.
1356 3954 1445 4002 Deme-

178 4042 242 4089 trius
261 4058 295 4092 m.
314 4057 339 4106 p.
357 4041 491 4105 Johannes
510 4043 542 4089 de
561 4043 640 4089 Iadex
659 4058 683 4089 m
713 4058 737 4106 p.
758 4043 879 4090 Andreas
898 4042 930 4089 de
950 4041 1075 4090 Cracouia
1090 4045 1126 4093 m.
1140 4056 1164 4105 p.
1179 4040 1297 4090 Michael
1312 4043 1344 4091 de
1357 4040 1445 4107 Reytl·

177 4130 232 4178 nicz
252 4146 284 4180 m.
305 4146 330 4194 p.
350 4131 416 4177 Item
437 4130 564 4192 Georgius
584 4131 641 4179 Viti
661 4132 692 4178 de
712 4131 846 4179 Kerbowa
864 4146 897 4181 m.
918 4146 942 4195 p.

282 4304 361 4353 Liber
380 4304 473 4352 rubeus
492 4320 549 4355 ven.
570 4305 654 4370 Capit.
674 4306 775 4369 zagrab.
796 4308 827 4353 In
846 4304 942 4353 archiv.
963 4303 1023 4356 incl.
1044 4303 1127 4353 Acad.
1147 4303 1236 4353 Scient
1266 4304 1338 4358 Slav.
1358 4305 1443 4356 merid.
