<?xml version="1.0" encoding="UTF-8"?>
<!DOCTYPE html PUBLIC "-//W3C//DTD XHTML 1.0 Transitional//EN"
    "http://www.w3.org/TR/xhtml1/DTD/xhtml1-transitional.dtd">
<html xmlns="http://www.w3.org/1999/xhtml" xml:lang="en" lang="en">
 <head>
  <title>
</title>
<meta http-equiv="Content-Type" content="text/html;charset=utf-8" />
  <meta name='ocr-system' content='tesseract 3.04.00' />
  <meta name='ocr-capabilities' content='ocr_page ocr_carea ocr_par ocr_line ocrx_word'/>
</head>
<body>
  <div class='ocr_page' id='page_1' title='image "./monumentahistor01laszgoog_0501.png"; bbox 0 0 3278 5348; ppageno 0'>
   <div class='ocr_carea' id='block_1_1' title="bbox 610 403 1451 481">
    <p class='ocr_par' dir='ltr' id='par_1_1' title="bbox 610 403 1451 481">
     <span class='ocr_line' id='line_1_1' title="bbox 610 403 1451 481; baseline -0.002 -18"><span class='ocrx_word' id='word_1_1' title='bbox 610 405 682 465; x_wconf 85' lang='lat' dir='ltr'>Doc.</span> <span class='ocrx_word' id='word_1_2' title='bbox 705 415 770 481; x_wconf 87' lang='lat'><em>171.</em></span> <span class='ocrx_word' id='word_1_3' title='bbox 793 437 835 447; x_wconf 98' lang='lat'>—</span> <span class='ocrx_word' id='word_1_4' title='bbox 859 403 914 462; x_wconf 84' lang='lat' dir='ltr'>An.</span> <span class='ocrx_word' id='word_1_5' title='bbox 940 414 1028 480; x_wconf 80' lang='lat'><em>1453.</em></span> <span class='ocrx_word' id='word_1_6' title='bbox 1391 418 1451 478; x_wconf 84' lang='lat'>233</span> 
     </span>
    </p>
   </div>
   <div class='ocr_carea' id='block_1_2' title="bbox 181 618 1454 2718">
    <p class='ocr_par' dir='ltr' id='par_1_2' title="bbox 181 618 1454 2718">
     <span class='ocr_line' id='line_1_2' title="bbox 181 618 1453 700; baseline -0.006 -16"><span class='ocrx_word' id='word_1_7' title='bbox 181 624 376 697; x_wconf 85' lang='lat' dir='ltr'><strong>Benedictus,</strong></span> <span class='ocrx_word' id='word_1_8' title='bbox 398 623 597 700; x_wconf 86' lang='lat' dir='ltr'>gwardianus</span> <span class='ocrx_word' id='word_1_9' title='bbox 621 622 749 681; x_wconf 76' lang='lat' dir='ltr'><strong>claustri</strong></span> <span class='ocrx_word' id='word_1_10' title='bbox 773 620 870 679; x_wconf 92' lang='lat' dir='ltr'>sancti</span> <span class='ocrx_word' id='word_1_11' title='bbox 900 620 1056 679; x_wconf 83' lang='lat' dir='ltr'>Francisci</span> <span class='ocrx_word' id='word_1_12' title='bbox 1081 618 1275 691; x_wconf 86' lang='lat' dir='ltr'>confessoris,</span> <span class='ocrx_word' id='word_1_13' title='bbox 1303 619 1453 692; x_wconf 88' lang='lat' dir='ltr'>Zagrabie</span> 
     </span>
     <span class='ocr_line' id='line_1_3' title="bbox 182 726 1454 805; baseline -0.006 -13"><span class='ocrx_word' id='word_1_14' title='bbox 182 732 314 805; x_wconf 85' lang='lat' dir='ltr'>fundati,</span> <span class='ocrx_word' id='word_1_15' title='bbox 338 734 370 791; x_wconf 91' lang='lat' dir='ltr'>in</span> <span class='ocrx_word' id='word_1_16' title='bbox 392 747 448 791; x_wconf 90' lang='lat' dir='ltr'>sua</span> <span class='ocrx_word' id='word_1_17' title='bbox 471 736 501 789; x_wconf 90' lang='lat' dir='ltr'>et</span> <span class='ocrx_word' id='word_1_18' title='bbox 523 731 623 788; x_wconf 90' lang='lat' dir='ltr'>tocius</span> <span class='ocrx_word' id='word_1_19' title='bbox 644 734 812 786; x_wconf 89' lang='lat' dir='ltr'>conventus</span> <span class='ocrx_word' id='word_1_20' title='bbox 833 727 966 785; x_wconf 80' lang='lat' dir='ltr'>fratrum</span> <span class='ocrx_word' id='word_1_21' title='bbox 983 727 1208 785; x_wconf 89' lang='lat' dir='ltr'>monachorum</span> <span class='ocrx_word' id='word_1_22' title='bbox 1224 726 1342 785; x_wconf 87' lang='lat' dir='ltr'>ordinis</span> <span class='ocrx_word' id='word_1_23' title='bbox 1357 726 1454 785; x_wconf 90' lang='lat' dir='ltr'>sancti</span> 
     </span>
     <span class='ocr_line' id='line_1_4' title="bbox 183 834 1453 913; baseline -0.006 -15"><span class='ocrx_word' id='word_1_24' title='bbox 183 839 341 898; x_wconf 86' lang='lat' dir='ltr'>Francisci</span> <span class='ocrx_word' id='word_1_25' title='bbox 363 837 505 913; x_wconf 89' lang='lat' dir='ltr'><strong>predicti,</strong></span> <span class='ocrx_word' id='word_1_26' title='bbox 529 838 561 894; x_wconf 93' lang='lat' dir='ltr'>in</span> <span class='ocrx_word' id='word_1_27' title='bbox 584 835 694 893; x_wconf 90' lang='lat' dir='ltr'>eodem</span> <span class='ocrx_word' id='word_1_28' title='bbox 718 834 856 892; x_wconf 90' lang='lat' dir='ltr'>claustro</span> <span class='ocrx_word' id='word_1_29' title='bbox 879 834 977 891; x_wconf 91' lang='lat' dir='ltr'>sancti</span> <span class='ocrx_word' id='word_1_30' title='bbox 1000 834 1153 892; x_wconf 87' lang='lat' dir='ltr'>Francisci</span> <span class='ocrx_word' id='word_1_31' title='bbox 1178 849 1258 891; x_wconf 93' lang='lat' dir='ltr'>nunc</span> <span class='ocrx_word' id='word_1_32' title='bbox 1271 848 1453 907; x_wconf 91' lang='lat' dir='ltr'>permanen·</span> 
     </span>
     <span class='ocr_line' id='line_1_5' title="bbox 182 940 1454 1015; baseline -0.006 -11"><span class='ocrx_word' id='word_1_33' title='bbox 182 947 266 1005; x_wconf 90' lang='lat' dir='ltr'>cium</span> <span class='ocrx_word' id='word_1_34' title='bbox 302 950 332 1003; x_wconf 90' lang='lat' dir='ltr'>et</span> <span class='ocrx_word' id='word_1_35' title='bbox 366 944 424 1003; x_wconf 91' lang='lat' dir='ltr'>deo</span> <span class='ocrx_word' id='word_1_36' title='bbox 460 944 572 1002; x_wconf 90' lang='lat' dir='ltr'>devote</span> <span class='ocrx_word' id='word_1_37' title='bbox 609 942 834 1001; x_wconf 80' lang='lat' dir='ltr'>famolancium</span> <span class='ocrx_word' id='word_1_38' title='bbox 868 941 1017 1014; x_wconf 89' lang='lat' dir='ltr'>personis,</span> <span class='ocrx_word' id='word_1_39' title='bbox 1053 956 1090 999; x_wconf 90' lang='lat' dir='ltr'>ac</span> <span class='ocrx_word' id='word_1_40' title='bbox 1112 940 1246 1015; x_wconf 91' lang='lat' dir='ltr'>provida</span> <span class='ocrx_word' id='word_1_41' title='bbox 1271 947 1302 999; x_wconf 93' lang='lat' dir='ltr'>et</span> <span class='ocrx_word' id='word_1_42' title='bbox 1325 941 1454 998; x_wconf 89' lang='lat' dir='ltr'>honesta</span> 
     </span>
     <span class='ocr_line' id='line_1_6' title="bbox 182 1046 1451 1121; baseline -0.006 -10"><span class='ocrx_word' id='word_1_43' title='bbox 182 1052 311 1111; x_wconf 89' lang='lat' dir='ltr'>domina</span> <span class='ocrx_word' id='word_1_44' title='bbox 333 1051 504 1110; x_wconf 76' lang='lat' dir='ltr'>Katherine</span> <span class='ocrx_word' id='word_1_45' title='bbox 520 1054 639 1121; x_wconf 89' lang='lat' dir='ltr'>vocata,</span> <span class='ocrx_word' id='word_1_46' title='bbox 662 1048 771 1106; x_wconf 90' lang='lat' dir='ltr'>relicta</span> <span class='ocrx_word' id='word_1_47' title='bbox 794 1048 853 1105; x_wconf 91' lang='lat' dir='ltr'>viri</span> <span class='ocrx_word' id='word_1_48' title='bbox 876 1046 1009 1104; x_wconf 91' lang='lat' dir='ltr'>condam</span> <span class='ocrx_word' id='word_1_49' title='bbox 1030 1046 1155 1121; x_wconf 86' lang='lat' dir='ltr'>providi</span> <span class='ocrx_word' id='word_1_50' title='bbox 1178 1056 1208 1105; x_wconf 89' lang='lat' dir='ltr'>et</span> <span class='ocrx_word' id='word_1_51' title='bbox 1230 1048 1352 1105; x_wconf 79' lang='lat' dir='ltr'>honesti</span> <span class='ocrx_word' id='word_1_52' title='bbox 1375 1047 1451 1104; x_wconf 88' lang='lat' dir='ltr'>Mat·</span> 
     </span>
     <span class='ocr_line' id='line_1_7' title="bbox 183 1153 1453 1232; baseline -0.006 -15"><span class='ocrx_word' id='word_1_53' title='bbox 183 1160 244 1232; x_wconf 89' lang='lat' dir='ltr'>hye</span> <span class='ocrx_word' id='word_1_54' title='bbox 260 1158 337 1216; x_wconf 92' lang='lat' dir='ltr'>dicti</span> <span class='ocrx_word' id='word_1_55' title='bbox 351 1156 476 1229; x_wconf 85' lang='lat' dir='ltr'>Farkas,</span> <span class='ocrx_word' id='word_1_56' title='bbox 500 1157 577 1214; x_wconf 92' lang='lat' dir='ltr'>olim</span> <span class='ocrx_word' id='word_1_57' title='bbox 598 1153 690 1232; x_wconf 90' lang='lat' dir='ltr'>jurati</span> <span class='ocrx_word' id='word_1_58' title='bbox 715 1159 745 1212; x_wconf 88' lang='lat' dir='ltr'>et</span> <span class='ocrx_word' id='word_1_59' title='bbox 766 1154 901 1212; x_wconf 83' lang='lat' dir='ltr'>concivis</span> <span class='ocrx_word' id='word_1_60' title='bbox 925 1155 1030 1226; x_wconf 88' lang='lat' dir='ltr'>nostri,</span> <span class='ocrx_word' id='word_1_61' title='bbox 1047 1153 1106 1212; x_wconf 92' lang='lat' dir='ltr'>filii</span> <span class='ocrx_word' id='word_1_62' title='bbox 1127 1153 1229 1227; x_wconf 89' lang='lat' dir='ltr'>Egidii</span> <span class='ocrx_word' id='word_1_63' title='bbox 1245 1153 1284 1211; x_wconf 93' lang='lat' dir='ltr'>de</span> <span class='ocrx_word' id='word_1_64' title='bbox 1299 1153 1453 1225; x_wconf 83' lang='lat' dir='ltr'>Ktokoch,</span> 
     </span>
     <span class='ocr_line' id='line_1_8' title="bbox 182 1259 1454 1334; baseline -0.004 -12"><span class='ocrx_word' id='word_1_65' title='bbox 182 1265 319 1323; x_wconf 87' lang='lat' dir='ltr'>concivis</span> <span class='ocrx_word' id='word_1_66' title='bbox 343 1269 458 1334; x_wconf 88' lang='lat' dir='ltr'>nostra,</span> <span class='ocrx_word' id='word_1_67' title='bbox 481 1262 521 1320; x_wconf 92' lang='lat' dir='ltr'>ad</span> <span class='ocrx_word' id='word_1_68' title='bbox 544 1267 685 1320; x_wconf 90' lang='lat' dir='ltr'>nostram</span> <span class='ocrx_word' id='word_1_69' title='bbox 707 1261 913 1334; x_wconf 84' lang='lat' dir='ltr'>personaliter</span> <span class='ocrx_word' id='word_1_70' title='bbox 929 1261 1085 1318; x_wconf 89' lang='lat' dir='ltr'>venientes</span> <span class='ocrx_word' id='word_1_71' title='bbox 1102 1260 1295 1334; x_wconf 86' lang='lat' dir='ltr'>presenciam</span> <span class='ocrx_word' id='word_1_72' title='bbox 1321 1259 1454 1317; x_wconf 81' lang='lat' dir='ltr'>confessi</span> 
     </span>
     <span class='ocr_line' id='line_1_9' title="bbox 183 1351 1454 1442; baseline -0.004 -12"><span class='ocrx_word' id='word_1_73' title='bbox 183 1378 256 1430; x_wconf 87' lang='lat' dir='ltr'>sunt</span> <span class='ocrx_word' id='word_1_74' title='bbox 278 1372 311 1428; x_wconf 94' lang='lat' dir='ltr'>in</span> <span class='ocrx_word' id='word_1_75' title='bbox 334 1371 416 1428; x_wconf 92' lang='lat' dir='ltr'>hunc</span> <span class='ocrx_word' id='word_1_76' title='bbox 438 1369 581 1428; x_wconf 91' lang='lat' dir='ltr'>modum:</span> <span class='ocrx_word' id='word_1_77' title='bbox 605 1374 640 1427; x_wconf 92' lang='lat' dir='ltr'>ut</span> <span class='ocrx_word' id='word_1_78' title='bbox 660 1368 722 1442; x_wconf 91' lang='lat' dir='ltr'>ipsi</span> <span class='ocrx_word' id='word_1_79' title='bbox 745 1366 905 1441; x_wconf 88' lang='lat' dir='ltr'>quoddam</span> <span class='ocrx_word' id='word_1_80' title='bbox 926 1367 1020 1424; x_wconf 87' lang='lat' dir='ltr'>fenile</span> <span class='ocrx_word' id='word_1_81' title='bbox 1042 1366 1156 1441; x_wconf 82' lang='lat' dir='ltr'>prefati</span> <span class='ocrx_word' id='word_1_82' title='bbox 1180 1366 1312 1424; x_wconf 91' lang='lat' dir='ltr'>condam</span> <span class='ocrx_word' id='word_1_83' title='bbox 1329 1351 1454 1439; x_wconf 80' lang='lat' dir='ltr'>ltlathy⁰e</span> 
     </span>
     <span class='ocr_line' id='line_1_10' title="bbox 183 1472 1453 1549; baseline -0.005 -13"><span class='ocrx_word' id='word_1_84' title='bbox 183 1478 300 1536; x_wconf 85' lang='lat' dir='ltr'>Farkas</span> <span class='ocrx_word' id='word_1_85' title='bbox 324 1479 355 1535; x_wconf 90' lang='lat' dir='ltr'>in</span> <span class='ocrx_word' id='word_1_86' title='bbox 378 1492 490 1549; x_wconf 92' lang='lat' dir='ltr'>campo</span> <span class='ocrx_word' id='word_1_87' title='bbox 514 1482 545 1535; x_wconf 89' lang='lat' dir='ltr'>et</span> <span class='ocrx_word' id='word_1_88' title='bbox 568 1475 724 1533; x_wconf 90' lang='lat' dir='ltr'>territorio</span> <span class='ocrx_word' id='word_1_89' title='bbox 746 1479 853 1532; x_wconf 90' lang='lat' dir='ltr'>nostro</span> <span class='ocrx_word' id='word_1_90' title='bbox 876 1489 930 1531; x_wconf 89' lang='lat' dir='ltr'>seu</span> <span class='ocrx_word' id='word_1_91' title='bbox 954 1474 1088 1531; x_wconf 91' lang='lat' dir='ltr'>civitatis</span> <span class='ocrx_word' id='word_1_92' title='bbox 1110 1472 1239 1548; x_wconf 83' lang='lat' dir='ltr'>prefate,</span> <span class='ocrx_word' id='word_1_93' title='bbox 1264 1475 1343 1531; x_wconf 89' lang='lat' dir='ltr'>inter</span> <span class='ocrx_word' id='word_1_94' title='bbox 1360 1472 1453 1531; x_wconf 89' lang='lat' dir='ltr'>fenile</span> 
     </span>
     <span class='ocr_line' id='line_1_11' title="bbox 185 1577 1452 1658; baseline -0.005 -16"><span class='ocrx_word' id='word_1_95' title='bbox 185 1585 246 1643; x_wconf 85' lang='lat' dir='ltr'>viri</span> <span class='ocrx_word' id='word_1_96' title='bbox 271 1582 397 1658; x_wconf 84' lang='lat' dir='ltr'>providi</span> <span class='ocrx_word' id='word_1_97' title='bbox 419 1591 449 1640; x_wconf 88' lang='lat' dir='ltr'>et</span> <span class='ocrx_word' id='word_1_98' title='bbox 464 1582 585 1640; x_wconf 92' lang='lat' dir='ltr'>honesti</span> <span class='ocrx_word' id='word_1_99' title='bbox 608 1581 764 1639; x_wconf 90' lang='lat' dir='ltr'>Valentini</span> <span class='ocrx_word' id='word_1_100' title='bbox 799 1581 928 1638; x_wconf 91' lang='lat' dir='ltr'>senioris</span> <span class='ocrx_word' id='word_1_101' title='bbox 962 1577 1074 1655; x_wconf 89' lang='lat' dir='ltr'>judicis</span> <span class='ocrx_word' id='word_1_102' title='bbox 1110 1585 1139 1637; x_wconf 90' lang='lat' dir='ltr'>et</span> <span class='ocrx_word' id='word_1_103' title='bbox 1173 1580 1310 1637; x_wconf 90' lang='lat' dir='ltr'>concivis</span> <span class='ocrx_word' id='word_1_104' title='bbox 1346 1579 1452 1649; x_wconf 86' lang='lat' dir='ltr'>nostri,</span> 
     </span>
     <span class='ocr_line' id='line_1_12' title="bbox 185 1685 1451 1764; baseline -0.005 -16"><span class='ocrx_word' id='word_1_105' title='bbox 185 1690 245 1749; x_wconf 88' lang='lat' dir='ltr'>filii</span> <span class='ocrx_word' id='word_1_106' title='bbox 269 1689 401 1748; x_wconf 91' lang='lat' dir='ltr'>condam</span> <span class='ocrx_word' id='word_1_107' title='bbox 425 1688 584 1747; x_wconf 84' lang='lat' dir='ltr'>Michaelis</span> <span class='ocrx_word' id='word_1_108' title='bbox 605 1685 725 1764; x_wconf 91' lang='lat' dir='ltr'>judicis,</span> <span class='ocrx_word' id='word_1_109' title='bbox 750 1686 825 1745; x_wconf 90' lang='lat' dir='ltr'>dicti</span> <span class='ocrx_word' id='word_1_110' title='bbox 847 1685 1014 1758; x_wconf 88' lang='lat' dir='ltr'>Saronych,</span> <span class='ocrx_word' id='word_1_111' title='bbox 1048 1686 1089 1743; x_wconf 94' lang='lat' dir='ltr'>ab</span> <span class='ocrx_word' id='word_1_112' title='bbox 1120 1685 1286 1757; x_wconf 90' lang='lat' dir='ltr'>occidente,</span> <span class='ocrx_word' id='word_1_113' title='bbox 1318 1691 1349 1744; x_wconf 90' lang='lat' dir='ltr'>et</span> <span class='ocrx_word' id='word_1_114' title='bbox 1371 1686 1451 1743; x_wconf 88' lang='lat' dir='ltr'>inter</span> 
     </span>
     <span class='ocr_line' id='line_1_13' title="bbox 184 1792 1454 1867; baseline -0.005 -12"><span class='ocrx_word' id='word_1_115' title='bbox 184 1798 253 1856; x_wconf 86' lang='lat' dir='ltr'>vias</span> <span class='ocrx_word' id='word_1_116' title='bbox 275 1811 463 1865; x_wconf 89' lang='lat' dir='ltr'>communes,</span> <span class='ocrx_word' id='word_1_117' title='bbox 480 1809 574 1852; x_wconf 90' lang='lat' dir='ltr'>unam</span> <span class='ocrx_word' id='word_1_118' title='bbox 597 1809 615 1851; x_wconf 88' lang='lat' dir='ltr'>a</span> <span class='ocrx_word' id='word_1_119' title='bbox 637 1794 858 1867; x_wconf 85' lang='lat' dir='ltr'>septemtrione</span> <span class='ocrx_word' id='word_1_120' title='bbox 881 1796 912 1850; x_wconf 89' lang='lat' dir='ltr'>et</span> <span class='ocrx_word' id='word_1_121' title='bbox 934 1792 1030 1849; x_wconf 90' lang='lat' dir='ltr'>aliam</span> <span class='ocrx_word' id='word_1_122' title='bbox 1053 1792 1093 1849; x_wconf 93' lang='lat' dir='ltr'>ab</span> <span class='ocrx_word' id='word_1_123' title='bbox 1109 1792 1227 1849; x_wconf 91' lang='lat' dir='ltr'>oriente</span> <span class='ocrx_word' id='word_1_124' title='bbox 1253 1792 1357 1863; x_wconf 89' lang='lat' dir='ltr'>situm,</span> <span class='ocrx_word' id='word_1_125' title='bbox 1383 1807 1454 1849; x_wconf 92' lang='lat' dir='ltr'>nec·</span> 
     </span>
     <span class='ocr_line' id='line_1_14' title="bbox 185 1886 1453 1974; baseline -0.006 -12"><span class='ocrx_word' id='word_1_126' title='bbox 185 1919 248 1962; x_wconf 91' lang='lat' dir='ltr'>non</span> <span class='ocrx_word' id='word_1_127' title='bbox 272 1904 351 1962; x_wconf 90' lang='lat' dir='ltr'>inter</span> <span class='ocrx_word' id='word_1_128' title='bbox 373 1902 485 1960; x_wconf 91' lang='lat' dir='ltr'>dumos</span> <span class='ocrx_word' id='word_1_129' title='bbox 508 1900 633 1974; x_wconf 90' lang='lat' dir='ltr'>spineos</span> <span class='ocrx_word' id='word_1_130' title='bbox 655 1915 709 1957; x_wconf 88' lang='lat' dir='ltr'>seu</span> <span class='ocrx_word' id='word_1_131' title='bbox 745 1900 850 1957; x_wconf 91' lang='lat' dir='ltr'>locum</span> <span class='ocrx_word' id='word_1_132' title='bbox 885 1898 1003 1971; x_wconf 89' lang='lat' dir='ltr'>Zygeth</span> <span class='ocrx_word' id='word_1_133' title='bbox 1037 1904 1140 1956; x_wconf 90' lang='lat' dir='ltr'>nostre</span> <span class='ocrx_word' id='word_1_134' title='bbox 1180 1886 1453 1956; x_wconf 88' lang='lat' dir='ltr'>communitatisa</span> 
     </span>
     <span class='ocr_line' id='line_1_15' title="bbox 183 2005 1449 2080; baseline -0.006 -10"><span class='ocrx_word' id='word_1_135' title='bbox 183 2011 314 2069; x_wconf 91' lang='lat' dir='ltr'>meridie</span> <span class='ocrx_word' id='word_1_136' title='bbox 336 2010 479 2069; x_wconf 91' lang='lat' dir='ltr'>habitum</span> <span class='ocrx_word' id='word_1_137' title='bbox 503 2013 532 2065; x_wconf 90' lang='lat' dir='ltr'>et</span> <span class='ocrx_word' id='word_1_138' title='bbox 555 2008 698 2079; x_wconf 86' lang='lat' dir='ltr'>existens,</span> <span class='ocrx_word' id='word_1_139' title='bbox 720 2008 825 2080; x_wconf 90' lang='lat' dir='ltr'>ipsum</span> <span class='ocrx_word' id='word_1_140' title='bbox 847 2006 964 2064; x_wconf 88' lang='lat' dir='ltr'>scilicet</span> <span class='ocrx_word' id='word_1_141' title='bbox 987 2006 1119 2064; x_wconf 91' lang='lat' dir='ltr'>condam</span> <span class='ocrx_word' id='word_1_142' title='bbox 1142 2006 1311 2078; x_wconf 86' lang='lat' dir='ltr'>Mathyam,</span> <span class='ocrx_word' id='word_1_143' title='bbox 1330 2005 1449 2063; x_wconf 91' lang='lat' dir='ltr'>dictum</span> 
     </span>
     <span class='ocr_line' id='line_1_16' title="bbox 188 2111 1453 2190; baseline -0.005 -15"><span class='ocrx_word' id='word_1_144' title='bbox 188 2117 313 2189; x_wconf 89' lang='lat' dir='ltr'>Farkas,</span> <span class='ocrx_word' id='word_1_145' title='bbox 337 2132 355 2173; x_wconf 89' lang='lat' dir='ltr'>a</span> <span class='ocrx_word' id='word_1_146' title='bbox 377 2116 477 2190; x_wconf 93' lang='lat' dir='ltr'>proba</span> <span class='ocrx_word' id='word_1_147' title='bbox 491 2120 520 2172; x_wconf 92' lang='lat' dir='ltr'>et</span> <span class='ocrx_word' id='word_1_148' title='bbox 544 2113 643 2172; x_wconf 90' lang='lat' dir='ltr'>nobili</span> <span class='ocrx_word' id='word_1_149' title='bbox 666 2112 792 2170; x_wconf 90' lang='lat' dir='ltr'>domina</span> <span class='ocrx_word' id='word_1_150' title='bbox 814 2113 908 2170; x_wconf 90' lang='lat' dir='ltr'>Lucia</span> <span class='ocrx_word' id='word_1_151' title='bbox 932 2119 1050 2183; x_wconf 91' lang='lat' dir='ltr'>vocata,</span> <span class='ocrx_word' id='word_1_152' title='bbox 1073 2113 1140 2170; x_wconf 88' lang='lat' dir='ltr'>filia</span> <span class='ocrx_word' id='word_1_153' title='bbox 1164 2112 1296 2170; x_wconf 91' lang='lat' dir='ltr'>condam</span> <span class='ocrx_word' id='word_1_154' title='bbox 1308 2111 1453 2184; x_wconf 88' lang='lat' dir='ltr'>Symonis</span> 
     </span>
     <span class='ocr_line' id='line_1_17' title="bbox 188 2219 1453 2297; baseline -0.005 -16"><span class='ocrx_word' id='word_1_155' title='bbox 188 2223 263 2282; x_wconf 88' lang='lat' dir='ltr'>dicti</span> <span class='ocrx_word' id='word_1_156' title='bbox 286 2221 500 2297; x_wconf 89' lang='lat' dir='ltr'>Chepemych,</span> <span class='ocrx_word' id='word_1_157' title='bbox 524 2220 603 2278; x_wconf 90' lang='lat' dir='ltr'>olim</span> <span class='ocrx_word' id='word_1_158' title='bbox 615 2220 751 2277; x_wconf 91' lang='lat' dir='ltr'>concivis</span> <span class='ocrx_word' id='word_1_159' title='bbox 773 2220 879 2289; x_wconf 91' lang='lat' dir='ltr'>nostri,</span> <span class='ocrx_word' id='word_1_160' title='bbox 902 2235 983 2277; x_wconf 90' lang='lat' dir='ltr'>nunc</span> <span class='ocrx_word' id='word_1_161' title='bbox 1005 2225 1146 2277; x_wconf 89' lang='lat' dir='ltr'>consorte</span> <span class='ocrx_word' id='word_1_162' title='bbox 1162 2220 1315 2292; x_wconf 90' lang='lat' dir='ltr'>legittima</span> <span class='ocrx_word' id='word_1_163' title='bbox 1338 2219 1453 2276; x_wconf 88' lang='lat' dir='ltr'>nobilis</span> 
     </span>
     <span class='ocr_line' id='line_1_18' title="bbox 186 2324 1453 2407; baseline -0.006 -19"><span class='ocrx_word' id='word_1_164' title='bbox 186 2330 331 2388; x_wconf 90' lang='lat' dir='ltr'>similiter</span> <span class='ocrx_word' id='word_1_165' title='bbox 354 2329 414 2386; x_wconf 90' lang='lat' dir='ltr'>viri</span> <span class='ocrx_word' id='word_1_166' title='bbox 437 2328 563 2400; x_wconf 84' lang='lat' dir='ltr'>Mathye</span> <span class='ocrx_word' id='word_1_167' title='bbox 585 2326 722 2397; x_wconf 89' lang='lat' dir='ltr'>litterati,</span> <span class='ocrx_word' id='word_1_168' title='bbox 745 2326 804 2383; x_wconf 87' lang='lat' dir='ltr'>filii</span> <span class='ocrx_word' id='word_1_169' title='bbox 825 2325 958 2383; x_wconf 92' lang='lat' dir='ltr'>condam</span> <span class='ocrx_word' id='word_1_170' title='bbox 981 2326 1099 2407; x_wconf 82' lang='lat' dir='ltr'>Jacobi,</span> <span class='ocrx_word' id='word_1_171' title='bbox 1130 2327 1207 2383; x_wconf 94' lang='lat' dir='ltr'>olim</span> <span class='ocrx_word' id='word_1_172' title='bbox 1229 2324 1388 2383; x_wconf 90' lang='lat' dir='ltr'>castellani</span> <span class='ocrx_word' id='word_1_173' title='bbox 1414 2324 1453 2381; x_wconf 91' lang='lat' dir='ltr'>de</span> 
     </span>
     <span class='ocr_line' id='line_1_19' title="bbox 185 2430 1453 2507; baseline -0.004 -14"><span class='ocrx_word' id='word_1_174' title='bbox 185 2435 382 2507; x_wconf 85' lang='lat' dir='ltr'>Medwewar‚</span> <span class='ocrx_word' id='word_1_175' title='bbox 398 2433 457 2493; x_wconf 87' lang='lat' dir='ltr'>filii</span> <span class='ocrx_word' id='word_1_176' title='bbox 481 2432 613 2491; x_wconf 90' lang='lat' dir='ltr'>condam</span> <span class='ocrx_word' id='word_1_177' title='bbox 637 2432 764 2505; x_wconf 87' lang='lat' dir='ltr'>Georgii</span> <span class='ocrx_word' id='word_1_178' title='bbox 787 2431 825 2490; x_wconf 93' lang='lat' dir='ltr'>de</span> <span class='ocrx_word' id='word_1_179' title='bbox 848 2431 930 2490; x_wconf 91' lang='lat' dir='ltr'>dicta</span> <span class='ocrx_word' id='word_1_180' title='bbox 954 2432 1106 2504; x_wconf 81' lang='lat' dir='ltr'>Klolroch,</span> <span class='ocrx_word' id='word_1_181' title='bbox 1122 2430 1189 2507; x_wconf 83' lang='lat' dir='ltr'>jure</span> <span class='ocrx_word' id='word_1_182' title='bbox 1212 2431 1453 2506; x_wconf 89' lang='lat' dir='ltr'>permutacionis</span> 
     </span>
     <span class='ocr_line' id='line_1_20' title="bbox 186 2537 1453 2613; baseline -0.004 -14"><span class='ocrx_word' id='word_1_183' title='bbox 186 2547 216 2600; x_wconf 89' lang='lat' dir='ltr'>et</span> <span class='ocrx_word' id='word_1_184' title='bbox 239 2541 414 2599; x_wconf 90' lang='lat' dir='ltr'>concambii</span> <span class='ocrx_word' id='word_1_185' title='bbox 449 2540 632 2597; x_wconf 88' lang='lat' dir='ltr'>litteratorie</span> <span class='ocrx_word' id='word_1_186' title='bbox 670 2553 865 2610; x_wconf 90' lang='lat' dir='ltr'>concernens,</span> <span class='ocrx_word' id='word_1_187' title='bbox 888 2543 982 2613; x_wconf 90' lang='lat' dir='ltr'>prout</span> <span class='ocrx_word' id='word_1_188' title='bbox 1016 2540 1075 2596; x_wconf 94' lang='lat' dir='ltr'>hoc</span> <span class='ocrx_word' id='word_1_189' title='bbox 1109 2539 1141 2596; x_wconf 90' lang='lat' dir='ltr'>in</span> <span class='ocrx_word' id='word_1_190' title='bbox 1178 2538 1315 2613; x_wconf 90' lang='lat' dir='ltr'>quadam</span> <span class='ocrx_word' id='word_1_191' title='bbox 1349 2537 1453 2595; x_wconf 90' lang='lat' dir='ltr'>littera</span> 
     </span>
     <span class='ocr_line' id='line_1_21' title="bbox 185 2642 1451 2718; baseline -0.004 -13"><span class='ocrx_word' id='word_1_192' title='bbox 185 2653 291 2706; x_wconf 89' lang='lat' dir='ltr'>nostra</span> <span class='ocrx_word' id='word_1_193' title='bbox 313 2662 366 2704; x_wconf 91' lang='lat' dir='ltr'>seu</span> <span class='ocrx_word' id='word_1_194' title='bbox 389 2646 523 2704; x_wconf 88' lang='lat' dir='ltr'>civitatis</span> <span class='ocrx_word' id='word_1_195' title='bbox 546 2649 650 2703; x_wconf 87' lang='lat' dir='ltr'>nostre</span> <span class='ocrx_word' id='word_1_196' title='bbox 673 2644 873 2718; x_wconf 89' lang='lat' dir='ltr'>privilegiali,</span> <span class='ocrx_word' id='word_1_197' title='bbox 898 2649 1040 2718; x_wconf 89' lang='lat' dir='ltr'>tempore</span> <span class='ocrx_word' id='word_1_198' title='bbox 1064 2644 1217 2702; x_wconf 92' lang='lat' dir='ltr'>iudicatus</span> <span class='ocrx_word' id='word_1_199' title='bbox 1241 2645 1301 2702; x_wconf 91' lang='lat' dir='ltr'>viri</span> <span class='ocrx_word' id='word_1_200' title='bbox 1319 2642 1451 2701; x_wconf 91' lang='lat' dir='ltr'>condam</span> 
     </span>
    </p>
   </div>
   <div class='ocr_carea' id='block_1_3' title="bbox 184 2749 1557 2829">
    <p class='ocr_par' dir='ltr' id='par_1_3' title="bbox 184 2749 1557 2829">
     <span class='ocr_line' id='line_1_22' title="bbox 184 2749 1557 2829; baseline -0.003 -17"><span class='ocrx_word' id='word_1_201' title='bbox 184 2754 312 2829; x_wconf 90' lang='lat' dir='ltr'>providi</span> <span class='ocrx_word' id='word_1_202' title='bbox 335 2760 365 2811; x_wconf 91' lang='lat' dir='ltr'>et</span> <span class='ocrx_word' id='word_1_203' title='bbox 386 2753 508 2810; x_wconf 89' lang='lat' dir='ltr'>honesti</span> <span class='ocrx_word' id='word_1_204' title='bbox 530 2751 652 2809; x_wconf 91' lang='lat' dir='ltr'>Nicolai</span> <span class='ocrx_word' id='word_1_205' title='bbox 674 2752 751 2808; x_wconf 89' lang='lat' dir='ltr'>olim</span> <span class='ocrx_word' id='word_1_206' title='bbox 778 2749 889 2827; x_wconf 88' lang='lat' dir='ltr'>judicis</span> <span class='ocrx_word' id='word_1_207' title='bbox 913 2758 942 2809; x_wconf 92' lang='lat' dir='ltr'>et</span> <span class='ocrx_word' id='word_1_208' title='bbox 959 2751 1096 2809; x_wconf 90' lang='lat' dir='ltr'>concivis</span> <span class='ocrx_word' id='word_1_209' title='bbox 1112 2752 1217 2822; x_wconf 89' lang='lat' dir='ltr'>nostri,</span> <span class='ocrx_word' id='word_1_210' title='bbox 1241 2751 1300 2809; x_wconf 86' lang='lat' dir='ltr'>filii</span> <span class='ocrx_word' id='word_1_211' title='bbox 1314 2751 1453 2822; x_wconf 89' lang='lat' dir='ltr'>Fabiani,</span> <span class='ocrx_word' id='word_1_212' title='bbox 1554 2816 1557 2821; x_wconf 18' lang='lat'><em>7</em></span> 
     </span>
    </p>
   </div>
   <div class='ocr_carea' id='block_1_4' title="bbox 183 2856 1453 4959">
    <p class='ocr_par' dir='ltr' id='par_1_4' title="bbox 183 2856 1453 4959">
     <span class='ocr_line' id='line_1_23' title="bbox 187 2856 1453 2931; baseline -0.003 -13"><span class='ocrx_word' id='word_1_213' title='bbox 187 2859 226 2918; x_wconf 87' lang='lat' dir='ltr'>de</span> <span class='ocrx_word' id='word_1_214' title='bbox 249 2875 329 2918; x_wconf 91' lang='lat' dir='ltr'>anno</span> <span class='ocrx_word' id='word_1_215' title='bbox 352 2859 470 2918; x_wconf 89' lang='lat' dir='ltr'>domini</span> <span class='ocrx_word' id='word_1_216' title='bbox 494 2858 665 2917; x_wconf 90' lang='lat' dir='ltr'>millesimo</span> <span class='ocrx_word' id='word_1_217' title='bbox 689 2856 995 2931; x_wconf 89' lang='lat' dir='ltr'>quadringentesimo</span> <span class='ocrx_word' id='word_1_218' title='bbox 1018 2858 1175 2927; x_wconf 89' lang='lat' dir='ltr'>tricesimo</span> <span class='ocrx_word' id='word_1_219' title='bbox 1193 2858 1301 2931; x_wconf 91' lang='lat' dir='ltr'>quinto</span> <span class='ocrx_word' id='word_1_220' title='bbox 1324 2858 1453 2915; x_wconf 85' lang='lat' dir='ltr'>infesto</span> 
     </span>
     <span class='ocr_line' id='line_1_24' title="bbox 187 2964 1453 3051; baseline -0.002 -26"><span class='ocrx_word' id='word_1_221' title='bbox 187 2967 306 3026; x_wconf 90' lang='lat' dir='ltr'>scilicet</span> <span class='ocrx_word' id='word_1_222' title='bbox 329 2967 414 3024; x_wconf 89' lang='lat' dir='ltr'>beati</span> <span class='ocrx_word' id='word_1_223' title='bbox 448 2965 618 3023; x_wconf 89' lang='lat' dir='ltr'>Clementis</span> <span class='ocrx_word' id='word_1_224' title='bbox 652 2981 742 3038; x_wconf 91' lang='lat' dir='ltr'>pape,</span> <span class='ocrx_word' id='word_1_225' title='bbox 779 2964 898 3021; x_wconf 92' lang='lat' dir='ltr'>dudum</span> <span class='ocrx_word' id='word_1_226' title='bbox 933 2966 1098 3051; x_wconf 78' lang='lat' dir='ltr'>preteritis,</span> <span class='ocrx_word' id='word_1_227' title='bbox 1138 2982 1197 3040; x_wconf 89' lang='lat' dir='ltr'>pro</span> <span class='ocrx_word' id='word_1_228' title='bbox 1234 2972 1322 3039; x_wconf 88' lang='lat' dir='ltr'>parte</span> <span class='ocrx_word' id='word_1_229' title='bbox 1356 2967 1453 3038; x_wconf 91' lang='lat' dir='ltr'>ipsius</span> 
     </span>
     <span class='ocr_line' id='line_1_25' title="bbox 186 3071 1453 3145; baseline -0.002 -13"><span class='ocrx_word' id='word_1_230' title='bbox 186 3072 319 3132; x_wconf 90' lang='lat' dir='ltr'>condam</span> <span class='ocrx_word' id='word_1_231' title='bbox 342 3074 466 3144; x_wconf 88' lang='lat' dir='ltr'>Mathyc</span> <span class='ocrx_word' id='word_1_232' title='bbox 490 3072 606 3130; x_wconf 89' lang='lat' dir='ltr'>Farkas</span> <span class='ocrx_word' id='word_1_233' title='bbox 622 3071 788 3145; x_wconf 89' lang='lat' dir='ltr'>superinde</span> <span class='ocrx_word' id='word_1_234' title='bbox 805 3071 943 3129; x_wconf 89' lang='lat' dir='ltr'>coniecta</span> <span class='ocrx_word' id='word_1_235' title='bbox 967 3079 997 3128; x_wconf 89' lang='lat' dir='ltr'>et</span> <span class='ocrx_word' id='word_1_236' title='bbox 1020 3077 1162 3129; x_wconf 85' lang='lat' dir='ltr'>emanata</span> <span class='ocrx_word' id='word_1_237' title='bbox 1185 3087 1221 3129; x_wconf 91' lang='lat' dir='ltr'>ac</span> <span class='ocrx_word' id='word_1_238' title='bbox 1244 3087 1349 3130; x_wconf 91' lang='lat' dir='ltr'>coram</span> <span class='ocrx_word' id='word_1_239' title='bbox 1363 3073 1453 3130; x_wconf 92' lang='lat' dir='ltr'>nobis</span> 
     </span>
     <span class='ocr_line' id='line_1_26' title="bbox 187 3177 1453 3253; baseline 0.002 -17"><span class='ocrx_word' id='word_1_240' title='bbox 187 3179 218 3237; x_wconf 92' lang='lat' dir='ltr'>in</span> <span class='ocrx_word' id='word_1_241' title='bbox 250 3179 352 3253; x_wconf 87' lang='lat' dir='ltr'>specie</span> <span class='ocrx_word' id='word_1_242' title='bbox 386 3179 538 3252; x_wconf 90' lang='lat' dir='ltr'>producta</span> <span class='ocrx_word' id='word_1_243' title='bbox 572 3194 718 3251; x_wconf 85' lang='lat' dir='ltr'>expresse</span> <span class='ocrx_word' id='word_1_244' title='bbox 753 3177 890 3236; x_wconf 91' lang='lat' dir='ltr'>vidimus</span> <span class='ocrx_word' id='word_1_245' title='bbox 925 3180 1082 3247; x_wconf 87' lang='lat' dir='ltr'>contineri,</span> <span class='ocrx_word' id='word_1_246' title='bbox 1118 3195 1174 3252; x_wconf 92' lang='lat' dir='ltr'>per</span> <span class='ocrx_word' id='word_1_247' title='bbox 1207 3180 1311 3252; x_wconf 92' lang='lat' dir='ltr'>ipsum</span> <span class='ocrx_word' id='word_1_248' title='bbox 1349 3181 1453 3252; x_wconf 91' lang='lat' dir='ltr'>itaque</span> 
     </span>
     <span class='ocr_line' id='line_1_27' title="bbox 187 3282 1453 3358; baseline 0.001 -15"><span class='ocrx_word' id='word_1_249' title='bbox 187 3282 321 3343; x_wconf 91' lang='lat' dir='ltr'>condam</span> <span class='ocrx_word' id='word_1_250' title='bbox 344 3285 504 3358; x_wconf 88' lang='lat' dir='ltr'>Mathyam</span> <span class='ocrx_word' id='word_1_251' title='bbox 527 3285 643 3343; x_wconf 89' lang='lat' dir='ltr'>Farkas</span> <span class='ocrx_word' id='word_1_252' title='bbox 666 3286 697 3343; x_wconf 91' lang='lat' dir='ltr'>in</span> <span class='ocrx_word' id='word_1_253' title='bbox 720 3301 775 3343; x_wconf 89' lang='lat' dir='ltr'>sue</span> <span class='ocrx_word' id='word_1_254' title='bbox 798 3286 910 3343; x_wconf 92' lang='lat' dir='ltr'>ultime</span> <span class='ocrx_word' id='word_1_255' title='bbox 944 3287 1115 3344; x_wconf 87' lang='lat' dir='ltr'>voluntatis</span> <span class='ocrx_word' id='word_1_256' title='bbox 1150 3287 1274 3358; x_wconf 89' lang='lat' dir='ltr'>eulogio</span> <span class='ocrx_word' id='word_1_257' title='bbox 1309 3288 1453 3345; x_wconf 92' lang='lat' dir='ltr'>commis·</span> 
     </span>
     <span class='ocr_line' id='line_1_28' title="bbox 188 3392 1453 3468; baseline 0 -19"><span class='ocrx_word' id='word_1_258' title='bbox 188 3392 277 3449; x_wconf 89' lang='lat' dir='ltr'>sariis</span> <span class='ocrx_word' id='word_1_259' title='bbox 300 3398 329 3449; x_wconf 91' lang='lat' dir='ltr'>et</span> <span class='ocrx_word' id='word_1_260' title='bbox 364 3393 581 3450; x_wconf 84' lang='lat' dir='ltr'>executoribus</span> <span class='ocrx_word' id='word_1_261' title='bbox 615 3393 790 3450; x_wconf 91' lang='lat' dir='ltr'>testamenti</span> <span class='ocrx_word' id='word_1_262' title='bbox 825 3394 873 3450; x_wconf 90' lang='lat' dir='ltr'>sui</span> <span class='ocrx_word' id='word_1_263' title='bbox 907 3393 1045 3450; x_wconf 91' lang='lat' dir='ltr'>verbalis</span> <span class='ocrx_word' id='word_1_264' title='bbox 1082 3399 1152 3467; x_wconf 92' lang='lat' dir='ltr'>post</span> <span class='ocrx_word' id='word_1_265' title='bbox 1186 3400 1321 3452; x_wconf 89' lang='lat' dir='ltr'>mortem</span> <span class='ocrx_word' id='word_1_266' title='bbox 1356 3395 1453 3468; x_wconf 87' lang='lat' dir='ltr'>ipsius</span> 
     </span>
     <span class='ocr_line' id='line_1_29' title="bbox 186 3497 1453 3574; baseline 0.001 -18"><span class='ocrx_word' id='word_1_267' title='bbox 186 3497 311 3556; x_wconf 91' lang='lat' dir='ltr'>domine</span> <span class='ocrx_word' id='word_1_268' title='bbox 343 3498 512 3556; x_wconf 89' lang='lat' dir='ltr'>Katherine</span> <span class='ocrx_word' id='word_1_269' title='bbox 536 3500 642 3556; x_wconf 92' lang='lat' dir='ltr'>uxoris</span> <span class='ocrx_word' id='word_1_270' title='bbox 667 3515 721 3556; x_wconf 88' lang='lat' dir='ltr'>sue</span> <span class='ocrx_word' id='word_1_271' title='bbox 742 3499 836 3557; x_wconf 88' lang='lat' dir='ltr'>vendi</span> <span class='ocrx_word' id='word_1_272' title='bbox 859 3506 889 3557; x_wconf 92' lang='lat' dir='ltr'>et</span> <span class='ocrx_word' id='word_1_273' title='bbox 920 3515 979 3574; x_wconf 89' lang='lat' dir='ltr'>pro</span> <span class='ocrx_word' id='word_1_274' title='bbox 1015 3501 1118 3557; x_wconf 88' lang='lat' dir='ltr'>anima</span> <span class='ocrx_word' id='word_1_275' title='bbox 1156 3515 1211 3557; x_wconf 91' lang='lat' dir='ltr'>sua</span> <span class='ocrx_word' id='word_1_276' title='bbox 1246 3500 1379 3574; x_wconf 91' lang='lat' dir='ltr'>expendi</span> <span class='ocrx_word' id='word_1_277' title='bbox 1414 3500 1453 3557; x_wconf 90' lang='lat' dir='ltr'>ad</span> 
     </span>
     <span class='ocr_line' id='line_1_30' title="bbox 186 3603 1453 3680; baseline 0.001 -18"><span class='ocrx_word' id='word_1_278' title='bbox 186 3603 362 3677; x_wconf 92' lang='lat' dir='ltr'>predictum</span> <span class='ocrx_word' id='word_1_279' title='bbox 377 3605 547 3662; x_wconf 90' lang='lat' dir='ltr'>claustrum</span> <span class='ocrx_word' id='word_1_280' title='bbox 571 3606 668 3663; x_wconf 91' lang='lat' dir='ltr'>sancti</span> <span class='ocrx_word' id='word_1_281' title='bbox 691 3606 845 3664; x_wconf 89' lang='lat' dir='ltr'>Francisci</span> <span class='ocrx_word' id='word_1_282' title='bbox 869 3611 899 3664; x_wconf 92' lang='lat' dir='ltr'>et</span> <span class='ocrx_word' id='word_1_283' title='bbox 921 3607 960 3663; x_wconf 90' lang='lat' dir='ltr'>ad</span> <span class='ocrx_word' id='word_1_284' title='bbox 997 3608 1100 3680; x_wconf 90' lang='lat' dir='ltr'>ipsum</span> <span class='ocrx_word' id='word_1_285' title='bbox 1131 3613 1231 3665; x_wconf 90' lang='lat' dir='ltr'>totum</span> <span class='ocrx_word' id='word_1_286' title='bbox 1267 3612 1453 3665; x_wconf 90' lang='lat' dir='ltr'>conventum</span> 
     </span>
     <span class='ocr_line' id='line_1_31' title="bbox 185 3709 1453 3787; baseline 0.002 -19"><span class='ocrx_word' id='word_1_287' title='bbox 185 3711 319 3769; x_wconf 82' lang='lat' dir='ltr'>fratrum</span> <span class='ocrx_word' id='word_1_288' title='bbox 342 3709 481 3768; x_wconf 91' lang='lat' dir='ltr'>eiusdem</span> <span class='ocrx_word' id='word_1_289' title='bbox 509 3711 872 3783; x_wconf 69' lang='lat' dir='ltr'>claustri‘commissum,</span> <span class='ocrx_word' id='word_1_290' title='bbox 895 3717 987 3785; x_wconf 93' lang='lat' dir='ltr'>prout</span> <span class='ocrx_word' id='word_1_291' title='bbox 1010 3713 1176 3786; x_wconf 88' lang='lat' dir='ltr'>superinde</span> <span class='ocrx_word' id='word_1_292' title='bbox 1199 3729 1237 3771; x_wconf 89' lang='lat' dir='ltr'>ex</span> <span class='ocrx_word' id='word_1_293' title='bbox 1260 3714 1359 3771; x_wconf 89' lang='lat' dir='ltr'>relatu</span> <span class='ocrx_word' id='word_1_294' title='bbox 1383 3715 1453 3787; x_wconf 93' lang='lat' dir='ltr'>plu-</span> 
     </span>
     <span class='ocr_line' id='line_1_32' title="bbox 184 3816 1452 3890; baseline 0.002 -15"><span class='ocrx_word' id='word_1_295' title='bbox 184 3818 338 3875; x_wconf 91' lang='lat' dir='ltr'>rimorum</span> <span class='ocrx_word' id='word_1_296' title='bbox 362 3816 592 3890; x_wconf 87' lang='lat' dir='ltr'>fidedignorum</span> <span class='ocrx_word' id='word_1_297' title='bbox 613 3823 644 3875; x_wconf 91' lang='lat' dir='ltr'>et</span> <span class='ocrx_word' id='word_1_298' title='bbox 666 3819 867 3876; x_wconf 90' lang='lat' dir='ltr'>honestorum</span> <span class='ocrx_word' id='word_1_299' title='bbox 892 3820 1033 3877; x_wconf 91' lang='lat' dir='ltr'>virorum</span> <span class='ocrx_word' id='word_1_300' title='bbox 1069 3820 1326 3877; x_wconf 88' lang='lat' dir='ltr'>certitudinaliter</span> <span class='ocrx_word' id='word_1_301' title='bbox 1351 3820 1452 3878; x_wconf 92' lang='lat' dir='ltr'>edocti</span> 
     </span>
     <span class='ocr_line' id='line_1_33' title="bbox 184 3922 1450 3996; baseline 0 -14"><span class='ocrx_word' id='word_1_302' title='bbox 184 3938 292 3982; x_wconf 89' lang='lat' dir='ltr'>sumus</span> <span class='ocrx_word' id='word_1_303' title='bbox 315 3927 346 3980; x_wconf 93' lang='lat' dir='ltr'>et</span> <span class='ocrx_word' id='word_1_304' title='bbox 375 3922 543 3995; x_wconf 84' lang='lat' dir='ltr'>informati,</span> <span class='ocrx_word' id='word_1_305' title='bbox 579 3924 674 3982; x_wconf 91' lang='lat' dir='ltr'>simul</span> <span class='ocrx_word' id='word_1_306' title='bbox 697 3940 768 3982; x_wconf 91' lang='lat' dir='ltr'>cum</span> <span class='ocrx_word' id='word_1_307' title='bbox 792 3926 937 3982; x_wconf 91' lang='lat' dir='ltr'>omnibus</span> <span class='ocrx_word' id='word_1_308' title='bbox 962 3926 1103 3984; x_wconf 90' lang='lat' dir='ltr'>eiusdem</span> <span class='ocrx_word' id='word_1_309' title='bbox 1127 3927 1230 3984; x_wconf 79' lang='lat' dir='ltr'>senilis</span> <span class='ocrx_word' id='word_1_310' title='bbox 1254 3927 1450 3996; x_wconf 82' lang='lat' dir='ltr'>utilitatibus,</span> 
     </span>
     <span class='ocr_line' id='line_1_34' title="bbox 183 4027 1450 4108; baseline 0.001 -21"><span class='ocrx_word' id='word_1_311' title='bbox 183 4027 315 4108; x_wconf 86' lang='lat' dir='ltr'>juribus,</span> <span class='ocrx_word' id='word_1_312' title='bbox 349 4031 466 4101; x_wconf 86' lang='lat' dir='ltr'>usibus,</span> <span class='ocrx_word' id='word_1_313' title='bbox 501 4030 728 4103; x_wconf 87' lang='lat' dir='ltr'>integritatibus</span> <span class='ocrx_word' id='word_1_314' title='bbox 763 4036 793 4088; x_wconf 93' lang='lat' dir='ltr'>et</span> <span class='ocrx_word' id='word_1_315' title='bbox 829 4032 1025 4104; x_wconf 88' lang='lat' dir='ltr'>pertinenciis</span> <span class='ocrx_word' id='word_1_316' title='bbox 1061 4034 1214 4090; x_wconf 90' lang='lat' dir='ltr'>universis</span> <span class='ocrx_word' id='word_1_317' title='bbox 1246 4033 1346 4091; x_wconf 90' lang='lat' dir='ltr'>nobili</span> <span class='ocrx_word' id='word_1_318' title='bbox 1382 4033 1450 4089; x_wconf 92' lang='lat' dir='ltr'>viro</span> 
     </span>
     <span class='ocr_line' id='line_1_35' title="bbox 185 4135 1452 4214; baseline 0 -20"><span class='ocrx_word' id='word_1_319' title='bbox 185 4135 329 4208; x_wconf 90' lang='lat' dir='ltr'>Georgio,</span> <span class='ocrx_word' id='word_1_320' title='bbox 353 4136 421 4193; x_wconf 88' lang='lat' dir='ltr'>filio</span> <span class='ocrx_word' id='word_1_321' title='bbox 443 4137 544 4193; x_wconf 91' lang='lat' dir='ltr'>Mauri</span> <span class='ocrx_word' id='word_1_322' title='bbox 568 4136 606 4194; x_wconf 93' lang='lat' dir='ltr'>de</span> <span class='ocrx_word' id='word_1_323' title='bbox 629 4136 710 4194; x_wconf 92' lang='lat' dir='ltr'>dicta</span> <span class='ocrx_word' id='word_1_324' title='bbox 734 4137 885 4207; x_wconf 82' lang='lat' dir='ltr'>Klolroch,</span> <span class='ocrx_word' id='word_1_325' title='bbox 902 4140 1021 4197; x_wconf 88' lang='lat' dir='ltr'>sororio</span> <span class='ocrx_word' id='word_1_326' title='bbox 1038 4139 1183 4197; x_wconf 90' lang='lat' dir='ltr'>videlicet</span> <span class='ocrx_word' id='word_1_327' title='bbox 1206 4139 1302 4214; x_wconf 90' lang='lat' dir='ltr'>ipsius</span> <span class='ocrx_word' id='word_1_328' title='bbox 1327 4138 1452 4196; x_wconf 90' lang='lat' dir='ltr'>domine</span> 
     </span>
     <span class='ocr_line' id='line_1_36' title="bbox 185 4242 1452 4317; baseline 0.001 -17"><span class='ocrx_word' id='word_1_329' title='bbox 185 4242 363 4313; x_wconf 88' lang='lat' dir='ltr'>Katherine,</span> <span class='ocrx_word' id='word_1_330' title='bbox 387 4256 423 4299; x_wconf 90' lang='lat' dir='ltr'>ac</span> <span class='ocrx_word' id='word_1_331' title='bbox 446 4259 503 4316; x_wconf 91' lang='lat' dir='ltr'>per</span> <span class='ocrx_word' id='word_1_332' title='bbox 525 4244 629 4316; x_wconf 90' lang='lat' dir='ltr'>ipsum</span> <span class='ocrx_word' id='word_1_333' title='bbox 665 4242 843 4316; x_wconf 84' lang='lat' dir='ltr'>Georgium,</span> <span class='ocrx_word' id='word_1_334' title='bbox 868 4246 1010 4316; x_wconf 87' lang='lat' dir='ltr'>Martin0,</span> <span class='ocrx_word' id='word_1_335' title='bbox 1045 4245 1113 4302; x_wconf 86' lang='lat' dir='ltr'>filio</span> <span class='ocrx_word' id='word_1_336' title='bbox 1148 4244 1285 4302; x_wconf 87' lang='lat' dir='ltr'>eiusdem</span> <span class='ocrx_word' id='word_1_337' title='bbox 1317 4244 1452 4317; x_wconf 88' lang='lat' dir='ltr'>Georgii,</span> 
     </span>
     <span class='ocr_line' id='line_1_37' title="bbox 185 4345 1452 4425; baseline 0.004 -19"><span class='ocrx_word' id='word_1_338' title='bbox 185 4345 298 4424; x_wconf 86' lang='lat' dir='ltr'>Wojko</span> <span class='ocrx_word' id='word_1_339' title='bbox 321 4350 548 4421; x_wconf 81' lang='lat' dir='ltr'>cognominato,</span> <span class='ocrx_word' id='word_1_340' title='bbox 573 4365 611 4407; x_wconf 90' lang='lat' dir='ltr'>ex</span> <span class='ocrx_word' id='word_1_341' title='bbox 634 4349 744 4406; x_wconf 89' lang='lat' dir='ltr'>eodem</span> <span class='ocrx_word' id='word_1_342' title='bbox 768 4349 903 4423; x_wconf 90' lang='lat' dir='ltr'>Georgio</span> <span class='ocrx_word' id='word_1_343' title='bbox 928 4360 958 4410; x_wconf 91' lang='lat' dir='ltr'>et</span> <span class='ocrx_word' id='word_1_344' title='bbox 981 4368 1019 4409; x_wconf 90' lang='lat' dir='ltr'>ex</span> <span class='ocrx_word' id='word_1_345' title='bbox 1043 4353 1144 4425; x_wconf 91' lang='lat' dir='ltr'>proba</span> <span class='ocrx_word' id='word_1_346' title='bbox 1168 4368 1203 4408; x_wconf 92' lang='lat' dir='ltr'>ac</span> <span class='ocrx_word' id='word_1_347' title='bbox 1235 4352 1363 4408; x_wconf 84' lang='lat' dir='ltr'>honesta</span> <span class='ocrx_word' id='word_1_348' title='bbox 1397 4352 1452 4411; x_wconf 93' lang='lat' dir='ltr'>do-</span> 
     </span>
     <span class='ocr_line' id='line_1_38' title="bbox 184 4455 1451 4527; baseline 0.004 -15"><span class='ocrx_word' id='word_1_349' title='bbox 184 4455 269 4513; x_wconf 91' lang='lat' dir='ltr'>mina</span> <span class='ocrx_word' id='word_1_350' title='bbox 285 4455 454 4527; x_wconf 86' lang='lat' dir='ltr'>Elyzabeth</span> <span class='ocrx_word' id='word_1_351' title='bbox 479 4461 597 4527; x_wconf 87' lang='lat' dir='ltr'>vocata,</span> <span class='ocrx_word' id='word_1_352' title='bbox 621 4472 728 4515; x_wconf 90' lang='lat' dir='ltr'>sorore</span> <span class='ocrx_word' id='word_1_353' title='bbox 761 4459 901 4516; x_wconf 89' lang='lat' dir='ltr'>eiusdem</span> <span class='ocrx_word' id='word_1_354' title='bbox 926 4460 1050 4517; x_wconf 91' lang='lat' dir='ltr'>domine</span> <span class='ocrx_word' id='word_1_355' title='bbox 1075 4460 1242 4516; x_wconf 87' lang='lat' dir='ltr'>Katherine</span> <span class='ocrx_word' id='word_1_356' title='bbox 1279 4459 1398 4527; x_wconf 82' lang='lat' dir='ltr'>uterina</span> <span class='ocrx_word' id='word_1_357' title='bbox 1422 4466 1451 4517; x_wconf 90' lang='lat' dir='ltr'>et</span> 
     </span>
     <span class='ocr_line' id='line_1_39' title="bbox 185 4561 1450 4639; baseline 0.004 -20"><span class='ocrx_word' id='word_1_358' title='bbox 185 4561 310 4632; x_wconf 87' lang='lat' dir='ltr'>carnali,</span> <span class='ocrx_word' id='word_1_359' title='bbox 334 4569 475 4620; x_wconf 91' lang='lat' dir='ltr'>consorte</span> <span class='ocrx_word' id='word_1_360' title='bbox 498 4578 573 4621; x_wconf 88' lang='lat' dir='ltr'>vero</span> <span class='ocrx_word' id='word_1_361' title='bbox 597 4564 750 4636; x_wconf 90' lang='lat' dir='ltr'>legittima</span> <span class='ocrx_word' id='word_1_362' title='bbox 774 4565 872 4638; x_wconf 89' lang='lat' dir='ltr'>ipsius</span> <span class='ocrx_word' id='word_1_363' title='bbox 895 4565 1031 4638; x_wconf 88' lang='lat' dir='ltr'>Georgii,</span> <span class='ocrx_word' id='word_1_364' title='bbox 1062 4567 1217 4638; x_wconf 90' lang='lat' dir='ltr'>legittime</span> <span class='ocrx_word' id='word_1_365' title='bbox 1241 4567 1404 4639; x_wconf 92' lang='lat' dir='ltr'>progenito</span> <span class='ocrx_word' id='word_1_366' title='bbox 1421 4572 1450 4625; x_wconf 89' lang='lat' dir='ltr'>et</span> 
     </span>
     <span class='ocr_line' id='line_1_40' title="bbox 186 4671 1452 4746; baseline 0.004 -21"><span class='ocrx_word' id='word_1_367' title='bbox 186 4674 357 4742; x_wconf 81' lang='lat' dir='ltr'>procreate,</span> <span class='ocrx_word' id='word_1_368' title='bbox 380 4683 416 4725; x_wconf 91' lang='lat' dir='ltr'>ac</span> <span class='ocrx_word' id='word_1_369' title='bbox 440 4683 496 4742; x_wconf 91' lang='lat' dir='ltr'>per</span> <span class='ocrx_word' id='word_1_370' title='bbox 519 4684 570 4727; x_wconf 90' lang='lat' dir='ltr'>eos</span> <span class='ocrx_word' id='word_1_371' title='bbox 594 4671 734 4743; x_wconf 88' lang='lat' dir='ltr'>ipsorum</span> <span class='ocrx_word' id='word_1_372' title='bbox 758 4671 924 4729; x_wconf 89' lang='lat' dir='ltr'>heredibus</span> <span class='ocrx_word' id='word_1_373' title='bbox 948 4687 1006 4746; x_wconf 90' lang='lat' dir='ltr'>pro</span> <span class='ocrx_word' id='word_1_374' title='bbox 1025 4672 1203 4745; x_wconf 88' lang='lat' dir='ltr'>quindecim</span> <span class='ocrx_word' id='word_1_375' title='bbox 1226 4672 1349 4730; x_wconf 86' lang='lat' dir='ltr'>florenis</span> <span class='ocrx_word' id='word_1_376' title='bbox 1384 4675 1452 4731; x_wconf 90' lang='lat' dir='ltr'>auri</span> 
     </span>
     <span class='ocr_line' id='line_1_41' title="bbox 186 4774 1449 4850; baseline 0.004 -19"><span class='ocrx_word' id='word_1_377' title='bbox 186 4790 243 4849; x_wconf 87' lang='lat' dir='ltr'>per</span> <span class='ocrx_word' id='word_1_378' title='bbox 267 4774 399 4832; x_wconf 90' lang='lat' dir='ltr'>eundem</span> <span class='ocrx_word' id='word_1_379' title='bbox 423 4774 592 4847; x_wconf 90' lang='lat' dir='ltr'>Georgium</span> <span class='ocrx_word' id='word_1_380' title='bbox 616 4778 771 4833; x_wconf 90' lang='lat' dir='ltr'>sororium</span> <span class='ocrx_word' id='word_1_381' title='bbox 792 4778 889 4850; x_wconf 89' lang='lat' dir='ltr'>ipsius</span> <span class='ocrx_word' id='word_1_382' title='bbox 914 4778 1038 4835; x_wconf 89' lang='lat' dir='ltr'>domine</span> <span class='ocrx_word' id='word_1_383' title='bbox 1062 4778 1237 4849; x_wconf 86' lang='lat' dir='ltr'>Katherine,</span> <span class='ocrx_word' id='word_1_384' title='bbox 1266 4779 1367 4837; x_wconf 90' lang='lat' dir='ltr'>eidem</span> <span class='ocrx_word' id='word_1_385' title='bbox 1396 4779 1449 4836; x_wconf 92' lang='lat' dir='ltr'>do·</span> 
     </span>
     <span class='ocr_line' id='line_1_42' title="bbox 188 4881 1450 4959; baseline 0.005 -22"><span class='ocrx_word' id='word_1_386' title='bbox 188 4882 269 4938; x_wconf 91' lang='lat' dir='ltr'>mine</span> <span class='ocrx_word' id='word_1_387' title='bbox 293 4881 461 4940; x_wconf 85' lang='lat' dir='ltr'>Katherine</span> <span class='ocrx_word' id='word_1_388' title='bbox 485 4890 514 4939; x_wconf 89' lang='lat' dir='ltr'>ct</span> <span class='ocrx_word' id='word_1_389' title='bbox 538 4883 658 4956; x_wconf 85' lang='lat' dir='ltr'>pretato</span> <span class='ocrx_word' id='word_1_390' title='bbox 683 4881 771 4940; x_wconf 83' lang='lat' dir='ltr'>fratri</span> <span class='ocrx_word' id='word_1_391' title='bbox 795 4883 960 4942; x_wconf 91' lang='lat' dir='ltr'>Benedicto</span> <span class='ocrx_word' id='word_1_392' title='bbox 984 4885 1173 4957; x_wconf 80' lang='lat' dir='ltr'>gwardianO,</span> <span class='ocrx_word' id='word_1_393' title='bbox 1202 4892 1296 4959; x_wconf 89' lang='lat' dir='ltr'>prout</span> <span class='ocrx_word' id='word_1_394' title='bbox 1321 4887 1450 4959; x_wconf 88' lang='lat' dir='ltr'>ipsimet</span> 
     </span>
    </p>
   </div>
   <div class='ocr_carea' id='block_1_5' title="bbox 0 0 1644 5348">
    <p class='ocr_par' dir='ltr' id='par_1_5' title="bbox 0 0 1644 5348">
     <span class='ocr_line' id='line_1_43' title="bbox 0 0 1644 5348; baseline 0 0"><span class='ocrx_word' id='word_1_395' title='bbox 0 0 1644 5348; x_wconf 95' lang='lat' dir='ltr'> </span> 
     </span>
    </p>
   </div>
  </div>
 </body>
</html>
