3278 5348
676 436 753 495 Doc.
778 431 831 510 89.
851 448 906 510 9⁰·
929 468 972 479 —
994 436 1052 494 An
1075 446 1164 513 1435·

884 645 949 712 ⁸9.

387 795 461 839 Anno
482 799 557 853 1435,
577 787 600 838 8.
621 786 776 839 novembris.
795 785 911 839 Posottii.

283 914 494 990 Segismundus,
518 915 696 989 Hungarr‘ae
718 923 766 973 etc.
802 933 867 983 rex,
901 912 1031 973 omnibus
1066 914 1232 973 mutatio
1266 922 1296 973 et
1331 915 1553 985 vicctn'butan‘is

282 1023 411 1092 mandat,
426 1041 462 1081 ne
478 1041 498 1078 a
513 1022 622 1079 ciuibus
637 1024 740 1079 monus
765 1020 918 1080 Grccensis
940 1022 1031 1079 ullum
1054 1021 1191 1078 tributum
1204 1028 1315 1094 petant
1334 1040 1406 1080 neve
1428 1025 1553 1098 exigant.
1587 1060 1637 1076 ,

897 1158 1052 1209 Commissio
1070 1156 1175 1223 propria
1192 1157 1291 1207 domini
1308 1158 1484 1224 impentoris.

388 1254 605 1327 sigismundus
624 1254 674 1312 dei
697 1254 802 1328 gracia
824 1253 1038 1312 Romanorum
1055 1252 1234 1326 imperator,
1250 1268 1375 1328 semper
1392 1259 1550 1329 augustus,

282 1378 318 1421 ac
348 1361 513 1434 ilungarie‚
546 1360 700 1431 Bohemie,
730 1359 900 1431 Dalmacie,
933 1358 1061 1416 Croacie
1084 1363 1140 1416 etc.
1163 1375 1226 1417 rex.
1250 1357 1414 1419 Fidelibus
1438 1362 1550 1420 nostris

281 1469 435 1526 universis
469 1473 499 1524 et
533 1466 665 1539 singulis
700 1466 872 1525 tributariis
903 1471 933 1522 et
956 1464 1205 1537 vicetributariis,
1230 1471 1294 1523 tam
1316 1467 1435 1525 nostris
1458 1482 1553 1542 quam

283 1575 418 1631 aliorum
442 1589 712 1647 quorumcumque
735 1574 767 1630 in
791 1586 886 1645 regno
909 1578 1015 1630 nostro
1039 1571 1198 1644 Hungarie
1221 1577 1251 1630 et
1281 1573 1427 1646 partibus
1450 1572 1552 1632 eidem

281 1680 435 1751 subiectis,
458 1679 591 1737 ubilibet
615 1679 798 1749 constitutis,
821 1679 1017 1752 presentibus
1041 1677 1160 1736 scilicet
1175 1683 1205 1735 et
1222 1677 1334 1737 suturis
1350 1681 1551 1753 presencium

191 1858 192 1863 γ
282 1787 427 1844 noticiam
459 1787 621 1856 habituris,
654 1785 788 1842 salutem
822 1792 852 1842 et
888 1785 1033 1858 graciam.
1068 1782 1149 1856 Quia
1180 1783 1289 1842 fideles
1319 1786 1420 1844 nostri
1450 1785 1553 1857 iudex,

282 1892 383 1963 iurati,
406 1893 560 1965 ceterique
595 1892 678 1949 cives
713 1898 743 1949 et
777 1891 878 1949 incole
900 1890 1034 1949 civitatis
1057 1896 1162 1948 nostre
1184 1891 1299 1949 montis
1323 1890 1491 1950 Grecensis
1515 1891 1553 1950 de

282 1997 435 2070 Zagrabia
468 1999 553 2055 iuxta
589 2013 697 2055 eorum
728 1999 871 2071 antiquas
902 1998 1062 2055 libertates
1086 2002 1117 2054 et
1140 1997 1355 2071 prerogativas
1378 2014 1439 2072 per
1461 1998 1553 2057 divos

283 2120 373 2177 reges
396 2105 563 2177 Hungarie‚
586 2111 708 2162 nostros
731 2105 849 2162 scilicet
883 2103 1125 2179 predecessores,
1160 2103 1277 2162 eisdem
1310 2105 1453 2178 graciose
1483 2121 1555 2164 con-

281 2225 382 2266 cessas
405 2216 435 2266 et
458 2226 514 2284 per
537 2224 592 2266 nos
615 2226 695 2268 nunc
719 2209 927 2282 confirmatas,
950 2211 1003 2295 ab·
1018 2210 1104 2267 omni
1134 2210 1300 2269 tributaria
1329 2212 1494 2271 solucione
1517 2212 1555 2270 de

281 2317 421 2390 personis
444 2331 480 2372 ac
503 2315 595 2373 rebus
619 2323 649 2373 et
671 2317 762 2375 bonis
784 2332 893 2375 eorum
916 2316 1058 2375 iacienda
1089 2315 1228 2390 exempti
1261 2322 1334 2375 sunt
1370 2318 1498 2392 penitus
1522 2325 1552 2377 et

279 2423 480 2495 emancipati;
514 2422 584 2481 ideo
618 2424 765 2481 volumus
808 2430 837 2481 et
872 2430 972 2481 vestre
1007 2427 1037 2479 ct
1070 2422 1199 2481 cuilibet
1230 2428 1369 2481 vestrum
1399 2422 1550 2484 fidelitati

280 2527 459 2586 firmissime
483 2529 675 2602 precipimus
698 2535 728 2585 et
751 2530 945 2599 mandamus,
969 2534 1120 2602 quatenus
1142 2527 1256 2587 amodo
1278 2529 1311 2587 in
1330 2535 1422 2589 antea
1440 2532 1463 2589 'a
1480 2548 1551 2606 pre·

283 2636 371 2692 tactis
395 2634 505 2705 iudice,
529 2634 650 2692 civibus
673 2641 702 2691 et
727 2635 904 2709 hospitibus
927 2642 956 2692 et
979 2635 1089 2693 incolis
1112 2640 1249 2709 pretacte
1281 2635 1417 2694 civitatis
1446 2644 1554 2698 nostre

280 2741 393 2797 montis
417 2739 578 2799 Grecensls
602 2740 640 2797 de
664 2739 823 2812 Zagrabia.
846 2757 883 2799 ac
898 2741 992 2799 rebus
1008 2747 1038 2799 et
1055 2741 1144 2799 bonis
1160 2756 1269 2799 eorum
1284 2742 1547 2820 quibuscumque,

280 2853 385 2902 contra
412 2846 565 2920 predictas
589 2861 698 2903 eorum
721 2845 891 2917 libertates,
913 2847 1038 2904 nullum
1061 2847 1225 2917 tributum,
1248 2848 1433 2923 nullamque
1449 2852 1551 2910 tribu·

281 2951 392 3007 tariam
427 2952 619 3008 solucionem
655 2956 759 3025 petere
783 2960 813 3010 et
836 2953 969 3025 exigere,
992 2953 1111 3026 petiqui
1145 2958 1175 3009 et
1205 2954 1288 3026 exigi
1310 2952 1412 3014 lacere
1444 2973 1554 3031 presu-

280 3058 380 3127 matis,
406 3074 460 3114 nec
481 3059 546 3115 sitis
568 3059 634 3116 ausi
652 3060 745 3117 modo
761 3060 901 3133 aliquali,
917 3061 1019 3132 gracie
1034 3066 1138 3117 nostre
1154 3060 1214 3118 sub
1230 3061 1366 3118 obtentu.
1389 3061 1554 3122 Presentes

280 3177 404 3234 quoque
428 3165 580 3236 perlectas
605 3165 693 3223 reddi
709 3166 853 3224 iubemus
869 3167 1066 3241 presentanti.
1089 3167 1207 3224 Datum
1223 3166 1347 3225 Posonii
1362 3165 1441 3226 feria
1456 3171 1556 3227 tercia

281 3270 423 3341 proxima
448 3276 518 3325 ante
542 3269 655 3328 festum
679 3272 762 3329 beati
786 3273 910 3330 Martini
934 3273 1074 3346 episcopi
1103 3279 1133 3329 et
1156 3271 1351 3331 confessoris.
1380 3275 1475 3332 Anno
1498 3275 1554 3333 do·

280 3375 355 3432 mini
379 3375 548 3431 millesimo
582 3377 885 3449 quadringentesimo
921 3379 1076 3436 tricesimo
1111 3378 1228 3451 quinto.
1263 3378 1446 3451 Regnorum
1481 3396 1553 3439 nos·

280 3485 411 3550 trorum,
445 3496 524 3537 anno
560 3483 717 3555 ilungarie
753 3493 807 3541 etc.
844 3484 993 3546 XLVllll.
1017 3484 1229 3542 Romanorum
1254 3483 1408 3557 vigesimo
1433 3487 1552 3560 quinto,

278 3584 424 3642 Bohemie
448 3587 610 3658 sedecimo,
635 3591 759 3662 imperii
785 3605 859 3647 vero
882 3592 987 3649 tercio.

385 3723 518 3785 Originale
552 3725 577 3771 in
605 3724 761 3789 membrana,
789 3727 816 3774 in
842 3727 955 3788 margine
983 3727 1099 3777 interiori
1127 3727 1279 3790 impressum
1297 3734 1337 3777 est
1363 3726 1490 3792 sigillum.
1518 3732 1548 3779 In

278 3810 373 3860 archiv.
393 3811 439 3860 lib.
459 3828 511 3873 reg.
531 3813 578 3862 civ.
599 3814 698 3876 zagrob.

877 3990 944 4055 90.

385 4108 465 4156 Anno
487 4121 561 4171 1435,
582 4110 604 4158 8.
625 4110 778 4160 novembris.
802 4112 914 4162 l’osonii.

278 4213 491 4293 Sigr'smuudni,
514 4219 689 4290 llmrgari'ae
712 4227 759 4277 cic.
784 4240 846 4289 rex,
870 4225 1099 4283 cornmrmilutem
1121 4225 1246 4283 civitatis
1259 4227 1364 4284 monh's
1384 4226 1548 4301 Grecensis,

277 4321 305 4376 si
325 4329 428 4379 contra
443 4341 621 4396 quriscmrquc
639 4326 739 4382 ordine
753 4327 915 4401 judiciario
938 4332 1065 4388 corrot'cta
1087 4334 1152 4402 erit,
1174 4332 1205 4388 in
1220 4332 1349 4390 ontm'bus
1363 4337 1479 4395 mulctis
1493 4339 1549 4397 sol-

607 4433 705 4488 vendis
728 4452 746 4488 a
766 4435 897 4505 portione
911 4414 1077 4510 judiciaria¹
1099 4439 1225 4496 relaxat.

384 4553 446 4610 Nos
470 4554 759 4627 Sigismundusdei
783 4561 886 4630 gracia
903 4561 1115 4621 Romanorum
1138 4564 1318 4638 imperator,
1341 4576 1549 4644 semper'au·

277 4666 394 4731 gustus,
418 4675 453 4716 ac
478 4662 643 4733 ilungarie,
668 4663 822 4737 Bohemie,
854 4667 1024 4742 Dalmacie,
1056 4671 1183 4728 Croacie
1214 4677 1269 4731 etc.
1298 4647 1368 4732 rex..
1393 4676 1548 4738 Memorie

277 4766 533 4823 commendamus
564 4784 620 4840 per
651 4777 815 4843 presentes,
840 4773 922 4845 quod
947 4791 1002 4833 nos
1027 4781 1094 4833 tum
1119 4775 1159 4834 ad
1182 4777 1363 4838 humillime
1384 4784 1548 4857 supplica·

277 4872 372 4928 ciouis
397 4873 575 4930 instanciam
602 4876 822 4934 nonnullorum
847 4877 988 4938 fidelium
1013 4889 1191 4941 nostrorum
1215 4900 1272 4960 per
1294 4900 1348 4945 eos
1370 4902 1431 4963 pro
1453 4899 1546 4964 parte
