<?xml version="1.0" encoding="UTF-8"?>
<!DOCTYPE html PUBLIC "-//W3C//DTD XHTML 1.0 Transitional//EN"
    "http://www.w3.org/TR/xhtml1/DTD/xhtml1-transitional.dtd">
<html xmlns="http://www.w3.org/1999/xhtml" xml:lang="en" lang="en">
 <head>
  <title>
</title>
<meta http-equiv="Content-Type" content="text/html;charset=utf-8" />
  <meta name='ocr-system' content='tesseract 3.04.00' />
  <meta name='ocr-capabilities' content='ocr_page ocr_carea ocr_par ocr_line ocrx_word'/>
</head>
<body>
  <div class='ocr_page' id='page_1' title='image "./monumentahistor01laszgoog_0655.png"; bbox 0 0 3278 5348; ppageno 0'>
   <div class='ocr_carea' id='block_1_1' title="bbox 626 375 1063 511">
    <p class='ocr_par' dir='ltr' id='par_1_1' title="bbox 626 375 1063 511">
     <span class='ocr_line' id='line_1_1' title="bbox 626 375 1063 511; baseline -0.002 -19"><span class='ocrx_word' id='word_1_1' title='bbox 626 375 797 511; x_wconf 38' lang='lat' dir='ltr'><strong>Docsjo9.</strong></span> <span class='ocrx_word' id='word_1_2' title='bbox 824 466 865 477; x_wconf 98' lang='lat'>—</span> <span class='ocrx_word' id='word_1_3' title='bbox 888 434 945 493; x_wconf 87' lang='lat' dir='ltr'><strong>An.</strong></span> <span class='ocrx_word' id='word_1_4' title='bbox 970 429 1063 511; x_wconf 70' lang='lat'><em>1478.</em></span> 
     </span>
    </p>
   </div>
   <div class='ocr_carea' id='block_1_2' title="bbox 182 645 1508 4866">
    <p class='ocr_par' dir='ltr' id='par_1_2' title="bbox 182 645 1508 4866">
     <span class='ocr_line' id='line_1_2' title="bbox 193 645 1461 725; baseline 0.002 -18"><span class='ocrx_word' id='word_1_5' title='bbox 193 645 334 725; x_wconf 88' lang='lat' dir='ltr'><strong>judicare</strong></span> <span class='ocrx_word' id='word_1_6' title='bbox 354 649 387 706; x_wconf 92' lang='lat' dir='ltr'><strong>in</strong></span> <span class='ocrx_word' id='word_1_7' title='bbox 410 649 555 706; x_wconf 91' lang='lat' dir='ltr'><strong>omnibus</strong></span> <span class='ocrx_word' id='word_1_8' title='bbox 586 648 685 706; x_wconf 91' lang='lat' dir='ltr'><strong>causis</strong></span> <span class='ocrx_word' id='word_1_9' title='bbox 716 648 862 707; x_wconf 90' lang='lat' dir='ltr'><strong>civilibus</strong></span> <span class='ocrx_word' id='word_1_10' title='bbox 893 654 923 706; x_wconf 91' lang='lat' dir='ltr'><strong>et</strong></span> <span class='ocrx_word' id='word_1_11' title='bbox 956 649 1171 709; x_wconf 87' lang='lat' dir='ltr'><strong>criminalibus</strong></span> <span class='ocrx_word' id='word_1_12' title='bbox 1203 651 1337 709; x_wconf 91' lang='lat' dir='ltr'><strong>civiliter</strong></span> <span class='ocrx_word' id='word_1_13' title='bbox 1360 653 1461 723; x_wconf 91' lang='lat' dir='ltr'><strong>motis,</strong></span> 
     </span>
     <span class='ocr_line' id='line_1_3' title="bbox 193 753 1461 829; baseline 0.003 -17"><span class='ocrx_word' id='word_1_14' title='bbox 193 754 344 814; x_wconf 83' lang='lat' dir='ltr'><strong>adhibitis</strong></span> <span class='ocrx_word' id='word_1_15' title='bbox 375 770 483 812; x_wconf 89' lang='lat' dir='ltr'><strong>secum</strong></span> <span class='ocrx_word' id='word_1_16' title='bbox 506 754 630 812; x_wconf 91' lang='lat' dir='ltr'><strong>duobus</strong></span> <span class='ocrx_word' id='word_1_17' title='bbox 659 760 712 812; x_wconf 93' lang='lat' dir='ltr'><strong>aut</strong></span> <span class='ocrx_word' id='word_1_18' title='bbox 736 755 835 814; x_wconf 90' lang='lat' dir='ltr'><strong>tribus</strong></span> <span class='ocrx_word' id='word_1_19' title='bbox 867 753 975 829; x_wconf 87' lang='lat' dir='ltr'><strong>juratis</strong></span> <span class='ocrx_word' id='word_1_20' title='bbox 999 756 1153 829; x_wconf 86' lang='lat' dir='ltr'><strong>predictis.</strong></span> <span class='ocrx_word' id='word_1_21' title='bbox 1177 757 1211 814; x_wconf 90' lang='lat' dir='ltr'><strong>ln</strong></span> <span class='ocrx_word' id='word_1_22' title='bbox 1234 759 1333 814; x_wconf 92' lang='lat' dir='ltr'><strong>causis</strong></span> <span class='ocrx_word' id='word_1_23' title='bbox 1356 768 1461 816; x_wconf 88' lang='lat' dir='ltr'><strong>autem</strong></span> 
     </span>
     <span class='ocr_line' id='line_1_4' title="bbox 190 861 1460 936; baseline 0.002 -16"><span class='ocrx_word' id='word_1_24' title='bbox 190 862 408 920; x_wconf 83' lang='lat' dir='ltr'><strong>criminalibus</strong></span> <span class='ocrx_word' id='word_1_25' title='bbox 425 861 628 919; x_wconf 75' lang='lat' dir='ltr'><strong>criminaliter</strong></span> <span class='ocrx_word' id='word_1_26' title='bbox 645 861 745 928; x_wconf 87' lang='lat' dir='ltr'><strong>motis,</strong></span> <span class='ocrx_word' id='word_1_27' title='bbox 761 862 839 920; x_wconf 90' lang='lat' dir='ltr'><strong>sicut</strong></span> <span class='ocrx_word' id='word_1_28' title='bbox 855 862 1020 934; x_wconf 86' lang='lat' dir='ltr'><strong>sanguinis,</strong></span> <span class='ocrx_word' id='word_1_29' title='bbox 1037 862 1200 933; x_wconf 90' lang='lat' dir='ltr'><strong>latrocinii,</strong></span> <span class='ocrx_word' id='word_1_30' title='bbox 1217 861 1303 936; x_wconf 81' lang='lat' dir='ltr'><strong>furti,</strong></span> <span class='ocrx_word' id='word_1_31' title='bbox 1319 864 1460 936; x_wconf 92' lang='lat' dir='ltr'><strong>incendii,</strong></span> 
     </span>
     <span class='ocr_line' id='line_1_5' title="bbox 189 966 1461 1043; baseline 0.001 -17"><span class='ocrx_word' id='word_1_32' title='bbox 189 967 379 1037; x_wconf 86' lang='lat' dir='ltr'><strong>tradimenti,</strong></span> <span class='ocrx_word' id='word_1_33' title='bbox 402 967 594 1026; x_wconf 87' lang='lat' dir='ltr'><strong>infidelitatis</strong></span> <span class='ocrx_word' id='word_1_34' title='bbox 622 975 652 1025; x_wconf 91' lang='lat' dir='ltr'><strong>et</strong></span> <span class='ocrx_word' id='word_1_35' title='bbox 682 968 839 1026; x_wconf 89' lang='lat' dir='ltr'><strong>similibus</strong></span> <span class='ocrx_word' id='word_1_36' title='bbox 868 984 940 1026; x_wconf 94' lang='lat' dir='ltr'><strong>cum</strong></span> <span class='ocrx_word' id='word_1_37' title='bbox 970 975 1076 1026; x_wconf 92' lang='lat' dir='ltr'><strong>nostro</strong></span> <span class='ocrx_word' id='word_1_38' title='bbox 1108 966 1207 1039; x_wconf 85' lang='lat' dir='ltr'><strong>iudice</strong></span> <span class='ocrx_word' id='word_1_39' title='bbox 1229 970 1372 1043; x_wconf 89' lang='lat' dir='ltr'><strong>seculari,</strong></span> <span class='ocrx_word' id='word_1_40' title='bbox 1396 976 1461 1028; x_wconf 88' lang='lat' dir='ltr'><strong>tota</strong></span> 
     </span>
     <span class='ocr_line' id='line_1_6' title="bbox 189 1072 1456 1150; baseline 0.002 -18"><span class='ocrx_word' id='word_1_41' title='bbox 189 1075 413 1132; x_wconf 88' lang='lat' dir='ltr'><strong>communitate</strong></span> <span class='ocrx_word' id='word_1_42' title='bbox 443 1075 584 1148; x_wconf 90' lang='lat' dir='ltr'><strong>ipsorum</strong></span> <span class='ocrx_word' id='word_1_43' title='bbox 608 1081 758 1148; x_wconf 81' lang='lat' dir='ltr'><strong>presente,</strong></span> <span class='ocrx_word' id='word_1_44' title='bbox 783 1072 860 1132; x_wconf 84' lang='lat' dir='ltr'><strong>feria</strong></span> <span class='ocrx_word' id='word_1_45' title='bbox 885 1081 995 1148; x_wconf 91' lang='lat' dir='ltr'><strong>quarta</strong></span> <span class='ocrx_word' id='word_1_46' title='bbox 1019 1074 1181 1133; x_wconf 82' lang='lat' dir='ltr'><strong>dumtaxat</strong></span> <span class='ocrx_word' id='word_1_47' title='bbox 1205 1076 1371 1134; x_wconf 91' lang='lat' dir='ltr'><strong>cuiuslibet</strong></span> <span class='ocrx_word' id='word_1_48' title='bbox 1387 1092 1456 1150; x_wconf 90' lang='lat' dir='ltr'><strong>sep·</strong></span> 
     </span>
     <span class='ocr_line' id='line_1_7' title="bbox 189 1178 1459 1255; baseline 0.002 -18"><span class='ocrx_word' id='word_1_49' title='bbox 189 1180 315 1251; x_wconf 86' lang='lat' dir='ltr'><strong>timane,</strong></span> <span class='ocrx_word' id='word_1_50' title='bbox 353 1180 549 1254; x_wconf 87' lang='lat' dir='ltr'><strong>temporibus</strong></span> <span class='ocrx_word' id='word_1_51' title='bbox 580 1186 683 1240; x_wconf 89' lang='lat' dir='ltr'><strong>tamen</strong></span> <span class='ocrx_word' id='word_1_52' title='bbox 718 1195 736 1238; x_wconf 89' lang='lat' dir='ltr'><strong>a</strong></span> <span class='ocrx_word' id='word_1_53' title='bbox 769 1178 839 1254; x_wconf 85' lang='lat' dir='ltr'><strong>jure</strong></span> <span class='ocrx_word' id='word_1_54' title='bbox 871 1181 1032 1255; x_wconf 88' lang='lat' dir='ltr'><strong>permissis</strong></span> <span class='ocrx_word' id='word_1_55' title='bbox 1055 1186 1086 1239; x_wconf 92' lang='lat' dir='ltr'><strong>et</strong></span> <span class='ocrx_word' id='word_1_56' title='bbox 1118 1183 1278 1240; x_wconf 89' lang='lat' dir='ltr'><strong>consvetis.</strong></span> <span class='ocrx_word' id='word_1_57' title='bbox 1309 1183 1377 1241; x_wconf 90' lang='lat' dir='ltr'><strong>Hoc</strong></span> <span class='ocrx_word' id='word_1_58' title='bbox 1407 1198 1459 1240; x_wconf 88' lang='lat' dir='ltr'><strong>ex·</strong></span> 
     </span>
     <span class='ocr_line' id='line_1_8' title="bbox 188 1286 1456 1362; baseline 0.002 -18"><span class='ocrx_word' id='word_1_59' title='bbox 188 1302 307 1362; x_wconf 86' lang='lat' dir='ltr'><strong>presso,</strong></span> <span class='ocrx_word' id='word_1_60' title='bbox 337 1287 422 1359; x_wconf 90' lang='lat' dir='ltr'><strong>quod</strong></span> <span class='ocrx_word' id='word_1_61' title='bbox 456 1287 488 1344; x_wconf 91' lang='lat' dir='ltr'><strong>in</strong></span> <span class='ocrx_word' id='word_1_62' title='bbox 517 1287 617 1344; x_wconf 90' lang='lat' dir='ltr'><strong>causis</strong></span> <span class='ocrx_word' id='word_1_63' title='bbox 646 1286 794 1344; x_wconf 93' lang='lat' dir='ltr'><strong>civilibus</strong></span> <span class='ocrx_word' id='word_1_64' title='bbox 828 1288 881 1344; x_wconf 93' lang='lat' dir='ltr'><strong>vel</strong></span> <span class='ocrx_word' id='word_1_65' title='bbox 912 1287 1128 1345; x_wconf 88' lang='lat' dir='ltr'><strong>criminalibus</strong></span> <span class='ocrx_word' id='word_1_66' title='bbox 1160 1288 1296 1346; x_wconf 88' lang='lat' dir='ltr'><strong>civiliter</strong></span> <span class='ocrx_word' id='word_1_67' title='bbox 1320 1289 1456 1346; x_wconf 89' lang='lat' dir='ltr'><strong>motisa</strong></span> 
     </span>
     <span class='ocr_line' id='line_1_9' title="bbox 188 1390 1458 1467; baseline 0.002 -18"><span class='ocrx_word' id='word_1_68' title='bbox 188 1393 350 1467; x_wconf 87' lang='lat' dir='ltr'><strong>presencia</strong></span> <span class='ocrx_word' id='word_1_69' title='bbox 384 1390 495 1467; x_wconf 89' lang='lat' dir='ltr'><strong>judicis</strong></span> <span class='ocrx_word' id='word_1_70' title='bbox 532 1391 644 1466; x_wconf 82' lang='lat' dir='ltr'><strong>prefati</strong></span> <span class='ocrx_word' id='word_1_71' title='bbox 680 1408 719 1450; x_wconf 88' lang='lat' dir='ltr'><strong>ex</strong></span> <span class='ocrx_word' id='word_1_72' title='bbox 761 1407 854 1449; x_wconf 89' lang='lat' dir='ltr'><strong>causa</strong></span> <span class='ocrx_word' id='word_1_73' title='bbox 887 1393 1072 1450; x_wconf 90' lang='lat' dir='ltr'><strong>racionabili</strong></span> <span class='ocrx_word' id='word_1_74' title='bbox 1106 1394 1205 1467; x_wconf 87' lang='lat' dir='ltr'><strong>possit</strong></span> <span class='ocrx_word' id='word_1_75' title='bbox 1240 1393 1279 1450; x_wconf 87' lang='lat' dir='ltr'><strong>ad</strong></span> <span class='ocrx_word' id='word_1_76' title='bbox 1317 1399 1458 1452; x_wconf 87' lang='lat' dir='ltr'><strong>nostrum</strong></span> 
     </span>
     <span class='ocr_line' id='line_1_10' title="bbox 187 1498 1457 1573; baseline 0.001 -17"><span class='ocrx_word' id='word_1_77' title='bbox 187 1514 320 1557; x_wconf 88' lang='lat' dir='ltr'><strong>examen</strong></span> <span class='ocrx_word' id='word_1_78' title='bbox 339 1500 621 1573; x_wconf 91' lang='lat' dir='ltr'><strong>quocienscumque</strong></span> <span class='ocrx_word' id='word_1_79' title='bbox 638 1504 668 1556; x_wconf 89' lang='lat' dir='ltr'><strong>et</strong></span> <span class='ocrx_word' id='word_1_80' title='bbox 680 1499 940 1573; x_wconf 89' lang='lat' dir='ltr'><strong>quandocumque</strong></span> <span class='ocrx_word' id='word_1_81' title='bbox 964 1498 1134 1572; x_wconf 88' lang='lat' dir='ltr'><strong>expedierit</strong></span> <span class='ocrx_word' id='word_1_82' title='bbox 1158 1499 1331 1572; x_wconf 88' lang='lat' dir='ltr'><strong>appellari;</strong></span> <span class='ocrx_word' id='word_1_83' title='bbox 1348 1515 1457 1557; x_wconf 90' lang='lat' dir='ltr'><strong>verum</strong></span> 
     </span>
     <span class='ocr_line' id='line_1_11' title="bbox 187 1602 1458 1680; baseline -0.001 -18"><span class='ocrx_word' id='word_1_84' title='bbox 187 1604 309 1677; x_wconf 91' lang='lat' dir='ltr'><strong>siquis</strong></span> <span class='ocrx_word' id='word_1_85' title='bbox 334 1604 447 1663; x_wconf 85' lang='lat' dir='ltr'><strong>frivole</strong></span> <span class='ocrx_word' id='word_1_86' title='bbox 477 1604 634 1663; x_wconf 92' lang='lat' dir='ltr'><strong>declinare</strong></span> <span class='ocrx_word' id='word_1_87' title='bbox 664 1606 774 1663; x_wconf 89' lang='lat' dir='ltr'><strong>volens</strong></span> <span class='ocrx_word' id='word_1_88' title='bbox 804 1620 934 1664; x_wconf 88' lang='lat' dir='ltr'><strong>examen</strong></span> <span class='ocrx_word' id='word_1_89' title='bbox 970 1606 1017 1662; x_wconf 89' lang='lat' dir='ltr'><strong>sui</strong></span> <span class='ocrx_word' id='word_1_90' title='bbox 1047 1602 1158 1680; x_wconf 88' lang='lat' dir='ltr'><strong>judicis</strong></span> <span class='ocrx_word' id='word_1_91' title='bbox 1189 1610 1242 1662; x_wconf 88' lang='lat' dir='ltr'><strong>aut</strong></span> <span class='ocrx_word' id='word_1_92' title='bbox 1265 1606 1364 1663; x_wconf 92' lang='lat' dir='ltr'><strong>eciam</strong></span> <span class='ocrx_word' id='word_1_93' title='bbox 1388 1613 1458 1679; x_wconf 90' lang='lat' dir='ltr'><strong>post</strong></span> 
     </span>
     <span class='ocr_line' id='line_1_12' title="bbox 186 1707 1458 1787; baseline 0.001 -20"><span class='ocrx_word' id='word_1_94' title='bbox 186 1707 339 1786; x_wconf 87' lang='lat' dir='ltr'><strong>judicium</strong></span> <span class='ocrx_word' id='word_1_95' title='bbox 364 1711 480 1770; x_wconf 82' lang='lat' dir='ltr'><strong>tactum</strong></span> <span class='ocrx_word' id='word_1_96' title='bbox 513 1728 684 1786; x_wconf 90' lang='lat' dir='ltr'><strong>persuum</strong></span> <span class='ocrx_word' id='word_1_97' title='bbox 714 1710 849 1787; x_wconf 87' lang='lat' dir='ltr'><strong>judicem</strong></span> <span class='ocrx_word' id='word_1_98' title='bbox 880 1712 920 1769; x_wconf 88' lang='lat' dir='ltr'><strong>ad</strong></span> <span class='ocrx_word' id='word_1_99' title='bbox 941 1726 998 1770; x_wconf 90' lang='lat' dir='ltr'><strong>nos</strong></span> <span class='ocrx_word' id='word_1_100' title='bbox 1029 1711 1246 1785; x_wconf 88' lang='lat' dir='ltr'><strong>appellaverit,</strong></span> <span class='ocrx_word' id='word_1_101' title='bbox 1270 1715 1301 1770; x_wconf 89' lang='lat' dir='ltr'><strong>et</strong></span> <span class='ocrx_word' id='word_1_102' title='bbox 1325 1727 1380 1786; x_wconf 90' lang='lat' dir='ltr'><strong>per</strong></span> <span class='ocrx_word' id='word_1_103' title='bbox 1402 1726 1458 1769; x_wconf 88' lang='lat' dir='ltr'><strong>nos</strong></span> 
     </span>
     <span class='ocr_line' id='line_1_13' title="bbox 186 1815 1457 1894; baseline 0 -19"><span class='ocrx_word' id='word_1_104' title='bbox 186 1824 385 1890; x_wconf 89' lang='lat' dir='ltr'><strong>compertum</strong></span> <span class='ocrx_word' id='word_1_105' title='bbox 402 1816 494 1876; x_wconf 85' lang='lat' dir='ltr'><strong>fuerit</strong></span> <span class='ocrx_word' id='word_1_106' title='bbox 506 1815 641 1892; x_wconf 90' lang='lat' dir='ltr'><strong>judicem</strong></span> <span class='ocrx_word' id='word_1_107' title='bbox 657 1817 813 1892; x_wconf 84' lang='lat' dir='ltr'><strong>prefatum</strong></span> <span class='ocrx_word' id='word_1_108' title='bbox 830 1819 908 1877; x_wconf 90' lang='lat' dir='ltr'><strong>bene</strong></span> <span class='ocrx_word' id='word_1_109' title='bbox 923 1816 1074 1894; x_wconf 84' lang='lat' dir='ltr'><strong>judicasse</strong></span> <span class='ocrx_word' id='word_1_110' title='bbox 1091 1826 1143 1875; x_wconf 93' lang='lat' dir='ltr'><strong>aut</strong></span> <span class='ocrx_word' id='word_1_111' title='bbox 1155 1818 1232 1875; x_wconf 91' lang='lat' dir='ltr'><strong>alias</strong></span> <span class='ocrx_word' id='word_1_112' title='bbox 1245 1819 1457 1891; x_wconf 85' lang='lat' dir='ltr'><strong>appellantem</strong></span> 
     </span>
     <span class='ocr_line' id='line_1_14' title="bbox 187 1921 1456 1998; baseline 0 -17"><span class='ocrx_word' id='word_1_113' title='bbox 187 1923 303 1981; x_wconf 82' lang='lat' dir='ltr'><strong>frivole</strong></span> <span class='ocrx_word' id='word_1_114' title='bbox 326 1923 510 1998; x_wconf 84' lang='lat' dir='ltr'><strong>appellasse,</strong></span> <span class='ocrx_word' id='word_1_115' title='bbox 535 1924 631 1981; x_wconf 90' lang='lat' dir='ltr'><strong>talem</strong></span> <span class='ocrx_word' id='word_1_116' title='bbox 654 1925 843 1982; x_wconf 85' lang='lat' dir='ltr'><strong>remittimus</strong></span> <span class='ocrx_word' id='word_1_117' title='bbox 865 1923 905 1980; x_wconf 93' lang='lat' dir='ltr'><strong>ad</strong></span> <span class='ocrx_word' id='word_1_118' title='bbox 921 1921 1057 1998; x_wconf 86' lang='lat' dir='ltr'><strong>judicem</strong></span> <span class='ocrx_word' id='word_1_119' title='bbox 1082 1939 1173 1981; x_wconf 92' lang='lat' dir='ltr'><strong>suum</strong></span> <span class='ocrx_word' id='word_1_120' title='bbox 1197 1924 1229 1981; x_wconf 93' lang='lat' dir='ltr'><strong>in</strong></span> <span class='ocrx_word' id='word_1_121' title='bbox 1252 1925 1363 1996; x_wconf 87' lang='lat' dir='ltr'><strong>viginti</strong></span> <span class='ocrx_word' id='word_1_122' title='bbox 1380 1939 1456 1997; x_wconf 94' lang='lat' dir='ltr'><strong>qua·</strong></span> 
     </span>
     <span class='ocr_line' id='line_1_15' title="bbox 186 2027 1455 2105; baseline 0 -18"><span class='ocrx_word' id='word_1_123' title='bbox 186 2035 261 2087; x_wconf 86' lang='lat' dir='ltr'><strong>tuor</strong></span> <span class='ocrx_word' id='word_1_124' title='bbox 285 2029 418 2087; x_wconf 92' lang='lat' dir='ltr'><strong>denariis</strong></span> <span class='ocrx_word' id='word_1_125' title='bbox 442 2037 566 2088; x_wconf 89' lang='lat' dir='ltr'><strong>monete</strong></span> <span class='ocrx_word' id='word_1_126' title='bbox 588 2036 661 2088; x_wconf 91' lang='lat' dir='ltr'><strong>tunc</strong></span> <span class='ocrx_word' id='word_1_127' title='bbox 691 2031 842 2088; x_wconf 89' lang='lat' dir='ltr'><strong>currentis</strong></span> <span class='ocrx_word' id='word_1_128' title='bbox 873 2046 910 2088; x_wconf 91' lang='lat' dir='ltr'><strong>eo</strong></span> <span class='ocrx_word' id='word_1_129' title='bbox 939 2029 1020 2087; x_wconf 86' lang='lat' dir='ltr'><strong>sacto</strong></span> <span class='ocrx_word' id='word_1_130' title='bbox 1044 2030 1306 2104; x_wconf 90' lang='lat' dir='ltr'><strong>condempnatum</strong></span> <span class='ocrx_word' id='word_1_131' title='bbox 1330 2045 1386 2088; x_wconf 95' lang='lat' dir='ltr'><strong>suo</strong></span> <span class='ocrx_word' id='word_1_132' title='bbox 1409 2027 1455 2105; x_wconf 87' lang='lat' dir='ltr'><strong>ju-</strong></span> 
     </span>
     <span class='ocr_line' id='line_1_16' title="bbox 187 2134 1456 2211; baseline 0.002 -19"><span class='ocrx_word' id='word_1_133' title='bbox 187 2135 252 2193; x_wconf 91' lang='lat' dir='ltr'><strong>dici</strong></span> <span class='ocrx_word' id='word_1_134' title='bbox 275 2136 499 2209; x_wconf 88' lang='lat' dir='ltr'><strong>persolvendis.</strong></span> <span class='ocrx_word' id='word_1_135' title='bbox 523 2137 570 2194; x_wconf 93' lang='lat' dir='ltr'><strong>De</strong></span> <span class='ocrx_word' id='word_1_136' title='bbox 586 2137 790 2211; x_wconf 84' lang='lat' dir='ltr'><strong>proventibus</strong></span> <span class='ocrx_word' id='word_1_137' title='bbox 813 2143 916 2194; x_wconf 92' lang='lat' dir='ltr'><strong>autem</strong></span> <span class='ocrx_word' id='word_1_138' title='bbox 933 2136 1253 2210; x_wconf 90' lang='lat' dir='ltr'><strong>condempnacionum</strong></span> <span class='ocrx_word' id='word_1_139' title='bbox 1276 2134 1456 2194; x_wconf 89' lang='lat' dir='ltr'><strong>huiusmodi</strong></span> 
     </span>
     <span class='ocr_line' id='line_1_17' title="bbox 187 2241 1454 2318; baseline -0.001 -19"><span class='ocrx_word' id='word_1_140' title='bbox 187 2248 219 2299; x_wconf 90' lang='lat' dir='ltr'><strong>et</strong></span> <span class='ocrx_word' id='word_1_141' title='bbox 242 2241 312 2299; x_wconf 91' lang='lat' dir='ltr'><strong>aliis</strong></span> <span class='ocrx_word' id='word_1_142' title='bbox 336 2242 479 2316; x_wconf 84' lang='lat' dir='ltr'><strong>birsagiis</strong></span> <span class='ocrx_word' id='word_1_143' title='bbox 501 2241 582 2318; x_wconf 90' lang='lat' dir='ltr'><strong>juste</strong></span> <span class='ocrx_word' id='word_1_144' title='bbox 616 2243 870 2318; x_wconf 85' lang='lat' dir='ltr'><strong>provenientibus</strong></span> <span class='ocrx_word' id='word_1_145' title='bbox 893 2241 989 2318; x_wconf 90' lang='lat' dir='ltr'><strong>judici</strong></span> <span class='ocrx_word' id='word_1_146' title='bbox 1019 2241 1222 2314; x_wconf 91' lang='lat' dir='ltr'><strong>undecunque</strong></span> <span class='ocrx_word' id='word_1_147' title='bbox 1252 2241 1375 2299; x_wconf 92' lang='lat' dir='ltr'><strong>racione</strong></span> <span class='ocrx_word' id='word_1_148' title='bbox 1406 2242 1454 2298; x_wconf 91' lang='lat' dir='ltr'><strong>sui</strong></span> 
     </span>
     <span class='ocr_line' id='line_1_18' title="bbox 184 2345 1452 2424; baseline -0.001 -19"><span class='ocrx_word' id='word_1_149' title='bbox 184 2345 348 2424; x_wconf 90' lang='lat' dir='ltr'><strong>judicatus,</strong></span> <span class='ocrx_word' id='word_1_150' title='bbox 371 2346 466 2422; x_wconf 87' lang='lat' dir='ltr'><strong>judex</strong></span> <span class='ocrx_word' id='word_1_151' title='bbox 489 2349 556 2423; x_wconf 91' lang='lat' dir='ltr'><strong>ipse</strong></span> <span class='ocrx_word' id='word_1_152' title='bbox 579 2350 692 2408; x_wconf 87' lang='lat' dir='ltr'><strong>habeat</strong></span> <span class='ocrx_word' id='word_1_153' title='bbox 723 2349 800 2406; x_wconf 89' lang='lat' dir='ltr'><strong>duas</strong></span> <span class='ocrx_word' id='word_1_154' title='bbox 824 2354 927 2423; x_wconf 89' lang='lat' dir='ltr'><strong>partes</strong></span> <span class='ocrx_word' id='word_1_155' title='bbox 950 2355 980 2407; x_wconf 89' lang='lat' dir='ltr'><strong>et</strong></span> <span class='ocrx_word' id='word_1_156' title='bbox 1003 2350 1050 2406; x_wconf 94' lang='lat' dir='ltr'><strong>sui</strong></span> <span class='ocrx_word' id='word_1_157' title='bbox 1074 2346 1168 2423; x_wconf 88' lang='lat' dir='ltr'><strong>jurati</strong></span> <span class='ocrx_word' id='word_1_158' title='bbox 1190 2362 1359 2405; x_wconf 90' lang='lat' dir='ltr'><strong>assessores</strong></span> <span class='ocrx_word' id='word_1_159' title='bbox 1383 2363 1452 2420; x_wconf 92' lang='lat' dir='ltr'><strong>pre·</strong></span> 
     </span>
     <span class='ocr_line' id='line_1_19' title="bbox 186 2452 1454 2530; baseline -0.002 -19"><span class='ocrx_word' id='word_1_160' title='bbox 186 2453 262 2512; x_wconf 88' lang='lat' dir='ltr'><strong>dicti</strong></span> <span class='ocrx_word' id='word_1_161' title='bbox 296 2455 425 2512; x_wconf 90' lang='lat' dir='ltr'><strong>terciam</strong></span> <span class='ocrx_word' id='word_1_162' title='bbox 461 2462 591 2530; x_wconf 88' lang='lat' dir='ltr'><strong>partem.</strong></span> <span class='ocrx_word' id='word_1_163' title='bbox 627 2456 662 2513; x_wconf 92' lang='lat' dir='ltr'><strong>In</strong></span> <span class='ocrx_word' id='word_1_164' title='bbox 695 2456 794 2514; x_wconf 89' lang='lat' dir='ltr'><strong>causis</strong></span> <span class='ocrx_word' id='word_1_165' title='bbox 828 2461 934 2512; x_wconf 90' lang='lat' dir='ltr'><strong>autern</strong></span> <span class='ocrx_word' id='word_1_166' title='bbox 969 2453 1193 2524; x_wconf 86' lang='lat' dir='ltr'><strong>criminalibus,</strong></span> <span class='ocrx_word' id='word_1_167' title='bbox 1216 2460 1252 2510; x_wconf 90' lang='lat' dir='ltr'><strong>ut</strong></span> <span class='ocrx_word' id='word_1_168' title='bbox 1274 2452 1454 2527; x_wconf 87' lang='lat' dir='ltr'><strong>predicitur,</strong></span> 
     </span>
     <span class='ocr_line' id='line_1_20' title="bbox 185 2558 1455 2636; baseline -0.002 -19"><span class='ocrx_word' id='word_1_169' title='bbox 185 2560 385 2619; x_wconf 88' lang='lat' dir='ltr'><strong>medietatem</strong></span> <span class='ocrx_word' id='word_1_170' title='bbox 409 2562 520 2619; x_wconf 91' lang='lat' dir='ltr'><strong>talium</strong></span> <span class='ocrx_word' id='word_1_171' title='bbox 543 2567 753 2636; x_wconf 89' lang='lat' dir='ltr'><strong>proventuum</strong></span> <span class='ocrx_word' id='word_1_172' title='bbox 784 2561 898 2619; x_wconf 92' lang='lat' dir='ltr'><strong>habeat</strong></span> <span class='ocrx_word' id='word_1_173' title='bbox 925 2559 1020 2636; x_wconf 86' lang='lat' dir='ltr'><strong>judex</strong></span> <span class='ocrx_word' id='word_1_174' title='bbox 1041 2566 1146 2618; x_wconf 89' lang='lat' dir='ltr'><strong>noster</strong></span> <span class='ocrx_word' id='word_1_175' title='bbox 1169 2558 1325 2630; x_wconf 91' lang='lat' dir='ltr'><strong>secularis,</strong></span> <span class='ocrx_word' id='word_1_176' title='bbox 1359 2558 1455 2615; x_wconf 91' lang='lat' dir='ltr'><strong>aliam</strong></span> 
     </span>
     <span class='ocr_line' id='line_1_21' title="bbox 185 2663 1452 2742; baseline -0.002 -18"><span class='ocrx_word' id='word_1_177' title='bbox 185 2666 384 2725; x_wconf 92' lang='lat' dir='ltr'><strong>medietatem</strong></span> <span class='ocrx_word' id='word_1_178' title='bbox 415 2665 509 2741; x_wconf 86' lang='lat' dir='ltr'><strong>judex</strong></span> <span class='ocrx_word' id='word_1_179' title='bbox 541 2667 679 2741; x_wconf 84' lang='lat' dir='ltr'><strong>prefatus</strong></span> <span class='ocrx_word' id='word_1_180' title='bbox 711 2683 782 2725; x_wconf 90' lang='lat' dir='ltr'><strong>cum</strong></span> <span class='ocrx_word' id='word_1_181' title='bbox 817 2665 925 2742; x_wconf 87' lang='lat' dir='ltr'><strong>juratis</strong></span> <span class='ocrx_word' id='word_1_182' title='bbox 955 2667 1169 2737; x_wconf 90' lang='lat' dir='ltr'><strong>assessoribus,</strong></span> <span class='ocrx_word' id='word_1_183' title='bbox 1200 2670 1235 2722; x_wconf 95' lang='lat' dir='ltr'><strong>ut</strong></span> <span class='ocrx_word' id='word_1_184' title='bbox 1257 2669 1302 2722; x_wconf 89' lang='lat' dir='ltr'><strong>est</strong></span> <span class='ocrx_word' id='word_1_185' title='bbox 1326 2663 1452 2722; x_wconf 89' lang='lat' dir='ltr'><strong>dictum.</strong></span> 
     </span>
     <span class='ocr_line' id='line_1_22' title="bbox 186 2770 1450 2845; baseline -0.003 -14"><span class='ocrx_word' id='word_1_186' title='bbox 186 2772 395 2832; x_wconf 89' lang='lat' dir='ltr'><strong>Concedimus</strong></span> <span class='ocrx_word' id='word_1_187' title='bbox 424 2774 522 2831; x_wconf 87' lang='lat' dir='ltr'><strong>eciam</strong></span> <span class='ocrx_word' id='word_1_188' title='bbox 553 2772 670 2831; x_wconf 91' lang='lat' dir='ltr'><strong>eisdem</strong></span> <span class='ocrx_word' id='word_1_189' title='bbox 700 2774 813 2831; x_wconf 92' lang='lat' dir='ltr'><strong>nostris</strong></span> <span class='ocrx_word' id='word_1_190' title='bbox 844 2773 1019 2845; x_wconf 91' lang='lat' dir='ltr'><strong>hospitibus</strong></span> <span class='ocrx_word' id='word_1_191' title='bbox 1049 2776 1079 2829; x_wconf 90' lang='lat' dir='ltr'><strong>et</strong></span> <span class='ocrx_word' id='word_1_192' title='bbox 1109 2771 1207 2828; x_wconf 92' lang='lat' dir='ltr'><strong>eciam</strong></span> <span class='ocrx_word' id='word_1_193' title='bbox 1230 2771 1300 2828; x_wconf 89' lang='lat' dir='ltr'><strong>aliis</strong></span> <span class='ocrx_word' id='word_1_194' title='bbox 1324 2770 1450 2844; x_wconf 92' lang='lat' dir='ltr'><strong>quibus·</strong></span> 
     </span>
     <span class='ocr_line' id='line_1_23' title="bbox 186 2877 1450 2953; baseline -0.003 -15"><span class='ocrx_word' id='word_1_195' title='bbox 186 2895 321 2953; x_wconf 92' lang='lat' dir='ltr'><strong>cumque</strong></span> <span class='ocrx_word' id='word_1_196' title='bbox 344 2880 426 2937; x_wconf 92' lang='lat' dir='ltr'><strong>veris</strong></span> <span class='ocrx_word' id='word_1_197' title='bbox 449 2879 678 2938; x_wconf 92' lang='lat' dir='ltr'><strong>habitatoribus</strong></span> <span class='ocrx_word' id='word_1_198' title='bbox 702 2879 827 2951; x_wconf 90' lang='lat' dir='ltr'><strong>ibidem,</strong></span> <span class='ocrx_word' id='word_1_199' title='bbox 851 2878 934 2953; x_wconf 92' lang='lat' dir='ltr'><strong>quod</strong></span> <span class='ocrx_word' id='word_1_200' title='bbox 958 2879 996 2936; x_wconf 90' lang='lat' dir='ltr'><strong>de</strong></span> <span class='ocrx_word' id='word_1_201' title='bbox 1020 2877 1109 2936; x_wconf 90' lang='lat' dir='ltr'><strong>bonis</strong></span> <span class='ocrx_word' id='word_1_202' title='bbox 1133 2879 1196 2936; x_wconf 91' lang='lat' dir='ltr'><strong>suis</strong></span> <span class='ocrx_word' id='word_1_203' title='bbox 1221 2878 1392 2935; x_wconf 91' lang='lat' dir='ltr'><strong>mobilibus</strong></span> <span class='ocrx_word' id='word_1_204' title='bbox 1415 2892 1450 2934; x_wconf 93' lang='lat' dir='ltr'><strong>ac</strong></span> 
     </span>
     <span class='ocr_line' id='line_1_24' title="bbox 186 2982 1451 3059; baseline -0.003 -15"><span class='ocrx_word' id='word_1_205' title='bbox 186 3001 220 3044; x_wconf 91' lang='lat' dir='ltr'><strong>se</strong></span> <span class='ocrx_word' id='word_1_206' title='bbox 243 2986 450 3056; x_wconf 91' lang='lat' dir='ltr'><strong>moventibus,</strong></span> <span class='ocrx_word' id='word_1_207' title='bbox 474 2987 505 3044; x_wconf 92' lang='lat' dir='ltr'><strong>in</strong></span> <span class='ocrx_word' id='word_1_208' title='bbox 528 2987 591 3044; x_wconf 90' lang='lat' dir='ltr'><strong>vita</strong></span> <span class='ocrx_word' id='word_1_209' title='bbox 615 2986 732 3059; x_wconf 89' lang='lat' dir='ltr'><strong>pariter</strong></span> <span class='ocrx_word' id='word_1_210' title='bbox 755 2992 784 3043; x_wconf 93' lang='lat' dir='ltr'><strong>et</strong></span> <span class='ocrx_word' id='word_1_211' title='bbox 806 2985 837 3043; x_wconf 96' lang='lat' dir='ltr'><strong>in</strong></span> <span class='ocrx_word' id='word_1_212' title='bbox 867 2991 966 3042; x_wconf 90' lang='lat' dir='ltr'><strong>morte</strong></span> <span class='ocrx_word' id='word_1_213' title='bbox 988 2982 1065 3059; x_wconf 85' lang='lat' dir='ltr'><strong>juris</strong></span> <span class='ocrx_word' id='word_1_214' title='bbox 1089 2984 1233 3043; x_wconf 88' lang='lat' dir='ltr'><strong>benificio</strong></span> <span class='ocrx_word' id='word_1_215' title='bbox 1256 2989 1286 3042; x_wconf 89' lang='lat' dir='ltr'><strong>et</strong></span> <span class='ocrx_word' id='word_1_216' title='bbox 1309 2984 1451 3042; x_wconf 89' lang='lat' dir='ltr'><strong>modera-</strong></span> 
     </span>
     <span class='ocr_line' id='line_1_25' title="bbox 186 3089 1454 3166; baseline -0.002 -16"><span class='ocrx_word' id='word_1_217' title='bbox 186 3093 271 3150; x_wconf 88' lang='lat' dir='ltr'><strong>mine</strong></span> <span class='ocrx_word' id='word_1_218' title='bbox 294 3091 445 3163; x_wconf 91' lang='lat' dir='ltr'><strong>adhibito,</strong></span> <span class='ocrx_word' id='word_1_219' title='bbox 462 3092 598 3150; x_wconf 91' lang='lat' dir='ltr'><strong>habeant</strong></span> <span class='ocrx_word' id='word_1_220' title='bbox 613 3090 798 3166; x_wconf 87' lang='lat' dir='ltr'><strong>disponendi</strong></span> <span class='ocrx_word' id='word_1_221' title='bbox 822 3092 954 3149; x_wconf 88' lang='lat' dir='ltr'><strong>liberam</strong></span> <span class='ocrx_word' id='word_1_222' title='bbox 972 3089 1158 3147; x_wconf 86' lang='lat' dir='ltr'><strong>facultatem.</strong></span> <span class='ocrx_word' id='word_1_223' title='bbox 1175 3090 1221 3146; x_wconf 91' lang='lat' dir='ltr'><strong>De</strong></span> <span class='ocrx_word' id='word_1_224' title='bbox 1236 3089 1454 3147; x_wconf 92' lang='lat' dir='ltr'><strong>immobilibus</strong></span> 
     </span>
     <span class='ocr_line' id='line_1_26' title="bbox 186 3195 1453 3271; baseline -0.002 -15"><span class='ocrx_word' id='word_1_225' title='bbox 186 3204 291 3256; x_wconf 91' lang='lat' dir='ltr'><strong>autem</strong></span> <span class='ocrx_word' id='word_1_226' title='bbox 313 3204 342 3256; x_wconf 92' lang='lat' dir='ltr'><strong>et</strong></span> <span class='ocrx_word' id='word_1_227' title='bbox 365 3199 529 3271; x_wconf 82' lang='lat' dir='ltr'><strong>presertim</strong></span> <span class='ocrx_word' id='word_1_228' title='bbox 553 3198 592 3256; x_wconf 92' lang='lat' dir='ltr'><strong>de</strong></span> <span class='ocrx_word' id='word_1_229' title='bbox 607 3198 700 3256; x_wconf 90' lang='lat' dir='ltr'><strong>curiis</strong></span> <span class='ocrx_word' id='word_1_230' title='bbox 723 3204 753 3255; x_wconf 90' lang='lat' dir='ltr'><strong>et</strong></span> <span class='ocrx_word' id='word_1_231' title='bbox 777 3198 923 3255; x_wconf 89' lang='lat' dir='ltr'><strong>civilibus</strong></span> <span class='ocrx_word' id='word_1_232' title='bbox 944 3196 1007 3253; x_wconf 92' lang='lat' dir='ltr'><strong>suis</strong></span> <span class='ocrx_word' id='word_1_233' title='bbox 1032 3195 1135 3253; x_wconf 88' lang='lat' dir='ltr'><strong>taliter</strong></span> <span class='ocrx_word' id='word_1_234' title='bbox 1152 3195 1316 3269; x_wconf 92' lang='lat' dir='ltr'><strong>disponere</strong></span> <span class='ocrx_word' id='word_1_235' title='bbox 1333 3195 1453 3269; x_wconf 90' lang='lat' dir='ltr'><strong>possint</strong></span> 
     </span>
     <span class='ocr_line' id='line_1_27' title="bbox 186 3301 1453 3377; baseline -0.004 -14"><span class='ocrx_word' id='word_1_236' title='bbox 186 3304 355 3363; x_wconf 84' lang='lat' dir='ltr'><strong>invitaet</strong></span> <span class='ocrx_word' id='word_1_237' title='bbox 390 3305 421 3361; x_wconf 96' lang='lat' dir='ltr'><strong>in</strong></span> <span class='ocrx_word' id='word_1_238' title='bbox 457 3309 566 3374; x_wconf 89' lang='lat' dir='ltr'><strong>morte,</strong></span> <span class='ocrx_word' id='word_1_239' title='bbox 601 3302 684 3377; x_wconf 87' lang='lat' dir='ltr'><strong>quod</strong></span> <span class='ocrx_word' id='word_1_240' title='bbox 709 3319 745 3362; x_wconf 92' lang='lat' dir='ltr'><strong>ea</strong></span> <span class='ocrx_word' id='word_1_241' title='bbox 779 3302 818 3360; x_wconf 92' lang='lat' dir='ltr'><strong>ad</strong></span> <span class='ocrx_word' id='word_1_242' title='bbox 851 3308 1020 3372; x_wconf 91' lang='lat' dir='ltr'><strong>extraneos,</strong></span> <span class='ocrx_word' id='word_1_243' title='bbox 1052 3302 1106 3375; x_wconf 94' lang='lat' dir='ltr'><strong>qui</strong></span> <span class='ocrx_word' id='word_1_244' title='bbox 1139 3301 1256 3360; x_wconf 90' lang='lat' dir='ltr'><strong>ibidem</strong></span> <span class='ocrx_word' id='word_1_245' title='bbox 1279 3302 1453 3359; x_wconf 90' lang='lat' dir='ltr'><strong>inhabitare</strong></span> 
     </span>
     <span class='ocr_line' id='line_1_28' title="bbox 184 3409 1452 3504; baseline -0.003 -35"><span class='ocrx_word' id='word_1_246' title='bbox 184 3411 342 3469; x_wconf 88' lang='lat' dir='ltr'><strong>noluerint</strong></span> <span class='ocrx_word' id='word_1_247' title='bbox 377 3416 406 3468; x_wconf 91' lang='lat' dir='ltr'><strong>et</strong></span> <span class='ocrx_word' id='word_1_248' title='bbox 441 3410 622 3484; x_wconf 86' lang='lat' dir='ltr'><strong>pressertim</strong></span> <span class='ocrx_word' id='word_1_249' title='bbox 652 3409 693 3467; x_wconf 91' lang='lat' dir='ltr'><strong>ad</strong></span> <span class='ocrx_word' id='word_1_250' title='bbox 723 3410 845 3468; x_wconf 85' lang='lat' dir='ltr'><strong>emulos</strong></span> <span class='ocrx_word' id='word_1_251' title='bbox 867 3415 904 3504; x_wconf 65' lang='lat' dir='ltr'><strong>et</strong></span> <span class='ocrx_word' id='word_1_252' title='bbox 921 3409 1061 3467; x_wconf 92' lang='lat' dir='ltr'><strong>inimicos</strong></span> <span class='ocrx_word' id='word_1_253' title='bbox 1092 3409 1220 3466; x_wconf 89' lang='lat' dir='ltr'><strong>ecclesie</strong></span> <span class='ocrx_word' id='word_1_254' title='bbox 1253 3413 1368 3482; x_wconf 87' lang='lat' dir='ltr'><strong>nostre,</strong></span> <span class='ocrx_word' id='word_1_255' title='bbox 1391 3421 1452 3466; x_wconf 92' lang='lat' dir='ltr'><strong>nou</strong></span> 
     </span>
     <span class='ocr_line' id='line_1_29' title="bbox 186 3514 1451 3589; baseline -0.002 -16"><span class='ocrx_word' id='word_1_256' title='bbox 186 3517 404 3585; x_wconf 90' lang='lat' dir='ltr'><strong>devolvantur,</strong></span> <span class='ocrx_word' id='word_1_257' title='bbox 428 3516 564 3575; x_wconf 91' lang='lat' dir='ltr'><strong>ecclesiis</strong></span> <span class='ocrx_word' id='word_1_258' title='bbox 580 3524 685 3575; x_wconf 92' lang='lat' dir='ltr'><strong>autem</strong></span> <span class='ocrx_word' id='word_1_259' title='bbox 701 3522 732 3574; x_wconf 88' lang='lat' dir='ltr'><strong>et</strong></span> <span class='ocrx_word' id='word_1_260' title='bbox 747 3516 941 3574; x_wconf 90' lang='lat' dir='ltr'><strong>monasteriis</strong></span> <span class='ocrx_word' id='word_1_261' title='bbox 964 3521 1017 3572; x_wconf 91' lang='lat' dir='ltr'><strong>aut</strong></span> <span class='ocrx_word' id='word_1_262' title='bbox 1040 3514 1111 3572; x_wconf 89' lang='lat' dir='ltr'><strong>aliis</strong></span> <span class='ocrx_word' id='word_1_263' title='bbox 1128 3515 1187 3589; x_wconf 93' lang='lat' dir='ltr'><strong>piis</strong></span> <span class='ocrx_word' id='word_1_264' title='bbox 1211 3515 1287 3572; x_wconf 92' lang='lat' dir='ltr'><strong>locis</strong></span> <span class='ocrx_word' id='word_1_265' title='bbox 1312 3515 1451 3588; x_wconf 91' lang='lat' dir='ltr'><strong>precium</strong></span> 
     </span>
     <span class='ocr_line' id='line_1_30' title="bbox 185 3620 1449 3694; baseline -0.002 -14"><span class='ocrx_word' id='word_1_266' title='bbox 185 3622 353 3681; x_wconf 92' lang='lat' dir='ltr'><strong>domorum</strong></span> <span class='ocrx_word' id='word_1_267' title='bbox 378 3628 429 3680; x_wconf 91' lang='lat' dir='ltr'><strong>aut</strong></span> <span class='ocrx_word' id='word_1_268' title='bbox 445 3622 604 3680; x_wconf 89' lang='lat' dir='ltr'><strong>curiarum</strong></span> <span class='ocrx_word' id='word_1_269' title='bbox 620 3622 694 3680; x_wconf 89' lang='lat' dir='ltr'><strong>dare</strong></span> <span class='ocrx_word' id='word_1_270' title='bbox 709 3627 739 3680; x_wconf 92' lang='lat' dir='ltr'><strong>et</strong></span> <span class='ocrx_word' id='word_1_271' title='bbox 755 3622 859 3694; x_wconf 87' lang='lat' dir='ltr'><strong>legare</strong></span> <span class='ocrx_word' id='word_1_272' title='bbox 882 3621 1007 3678; x_wconf 88' lang='lat' dir='ltr'><strong>valeant</strong></span> <span class='ocrx_word' id='word_1_273' title='bbox 1023 3620 1194 3691; x_wconf 82' lang='lat' dir='ltr'><strong>dumtaxat,</strong></span> <span class='ocrx_word' id='word_1_274' title='bbox 1218 3627 1247 3679; x_wconf 92' lang='lat' dir='ltr'><strong>et</strong></span> <span class='ocrx_word' id='word_1_275' title='bbox 1270 3636 1332 3679; x_wconf 94' lang='lat' dir='ltr'><strong>non</strong></span> <span class='ocrx_word' id='word_1_276' title='bbox 1348 3621 1449 3678; x_wconf 88' lang='lat' dir='ltr'><strong>curias</strong></span> 
     </span>
     <span class='ocr_line' id='line_1_31' title="bbox 185 3724 1508 3802; baseline -0.002 -15"><span class='ocrx_word' id='word_1_277' title='bbox 185 3735 240 3787; x_wconf 89' lang='lat' dir='ltr'><strong>aut</strong></span> <span class='ocrx_word' id='word_1_278' title='bbox 262 3728 373 3786; x_wconf 92' lang='lat' dir='ltr'><strong>domos</strong></span> <span class='ocrx_word' id='word_1_279' title='bbox 402 3727 565 3802; x_wconf 90' lang='lat' dir='ltr'><strong>predictas.</strong></span> <span class='ocrx_word' id='word_1_280' title='bbox 589 3727 787 3801; x_wconf 83' lang='lat' dir='ltr'><strong>Quicumque</strong></span> <span class='ocrx_word' id='word_1_281' title='bbox 808 3733 912 3785; x_wconf 89' lang='lat' dir='ltr'><strong>autem</strong></span> <span class='ocrx_word' id='word_1_282' title='bbox 936 3727 1098 3785; x_wconf 88' lang='lat' dir='ltr'><strong>intestatus</strong></span> <span class='ocrx_word' id='word_1_283' title='bbox 1122 3727 1285 3786; x_wconf 89' lang='lat' dir='ltr'><strong>decesserit</strong></span> <span class='ocrx_word' id='word_1_284' title='bbox 1308 3729 1339 3784; x_wconf 91' lang='lat' dir='ltr'><strong>in</strong></span> <span class='ocrx_word' id='word_1_285' title='bbox 1362 3727 1451 3785; x_wconf 86' lang='lat' dir='ltr'><strong>bonis</strong></span> <span class='ocrx_word' id='word_1_286' title='bbox 1504 3724 1508 3731; x_wconf 84' lang='lat'>&#39;</span> 
     </span>
     <span class='ocr_line' id='line_1_32' title="bbox 185 3831 1451 3908; baseline -0.004 -14"><span class='ocrx_word' id='word_1_287' title='bbox 185 3838 249 3895; x_wconf 88' lang='lat' dir='ltr'><strong>suis</strong></span> <span class='ocrx_word' id='word_1_288' title='bbox 272 3832 438 3894; x_wconf 90' lang='lat' dir='ltr'><strong>succedant</strong></span> <span class='ocrx_word' id='word_1_289' title='bbox 461 3833 563 3892; x_wconf 89' lang='lat' dir='ltr'><strong>eidem</strong></span> <span class='ocrx_word' id='word_1_290' title='bbox 595 3834 725 3893; x_wconf 92' lang='lat' dir='ltr'><strong>heredes</strong></span> <span class='ocrx_word' id='word_1_291' title='bbox 757 3835 963 3908; x_wconf 84' lang='lat' dir='ltr'><strong>proximiores</strong></span> <span class='ocrx_word' id='word_1_292' title='bbox 994 3849 1085 3891; x_wconf 92' lang='lat' dir='ltr'><strong>sexus</strong></span> <span class='ocrx_word' id='word_1_293' title='bbox 1108 3836 1270 3906; x_wconf 91' lang='lat' dir='ltr'><strong>utriusque</strong></span> <span class='ocrx_word' id='word_1_294' title='bbox 1292 3848 1390 3904; x_wconf 93' lang='lat' dir='ltr'><strong>usque</strong></span> <span class='ocrx_word' id='word_1_295' title='bbox 1412 3831 1451 3889; x_wconf 92' lang='lat' dir='ltr'><strong>ad</strong></span> 
     </span>
     <span class='ocr_line' id='line_1_33' title="bbox 185 3938 1450 4014; baseline -0.004 -15"><span class='ocrx_word' id='word_1_296' title='bbox 185 3943 314 4000; x_wconf 90' lang='lat' dir='ltr'><strong>terciam</strong></span> <span class='ocrx_word' id='word_1_297' title='bbox 337 3943 572 4014; x_wconf 81' lang='lat' dir='ltr'><strong>generacionem</strong></span> <span class='ocrx_word' id='word_1_298' title='bbox 588 3957 645 3998; x_wconf 93' lang='lat' dir='ltr'><strong>suo</strong></span> <span class='ocrx_word' id='word_1_299' title='bbox 668 3940 763 3998; x_wconf 89' lang='lat' dir='ltr'><strong>modo</strong></span> <span class='ocrx_word' id='word_1_300' title='bbox 780 3945 811 3998; x_wconf 95' lang='lat' dir='ltr'><strong>et</strong></span> <span class='ocrx_word' id='word_1_301' title='bbox 826 3939 942 4009; x_wconf 89' lang='lat' dir='ltr'><strong>ordine,</strong></span> <span class='ocrx_word' id='word_1_302' title='bbox 966 3940 1020 3997; x_wconf 87' lang='lat' dir='ltr'><strong>sed</strong></span> <span class='ocrx_word' id='word_1_303' title='bbox 1044 3940 1159 3996; x_wconf 89' lang='lat' dir='ltr'><strong>talibus</strong></span> <span class='ocrx_word' id='word_1_304' title='bbox 1182 3954 1244 3996; x_wconf 92' lang='lat' dir='ltr'><strong>non</strong></span> <span class='ocrx_word' id='word_1_305' title='bbox 1265 3938 1450 4009; x_wconf 85' lang='lat' dir='ltr'><strong>extantibus,</strong></span> 
     </span>
     <span class='ocr_line' id='line_1_34' title="bbox 184 4043 1449 4122; baseline -0.005 -17"><span class='ocrx_word' id='word_1_306' title='bbox 184 4048 267 4106; x_wconf 88' lang='lat' dir='ltr'><strong>bona</strong></span> <span class='ocrx_word' id='word_1_307' title='bbox 291 4046 436 4119; x_wconf 83' lang='lat' dir='ltr'><strong>defuncti,</strong></span> <span class='ocrx_word' id='word_1_308' title='bbox 459 4056 493 4105; x_wconf 89' lang='lat' dir='ltr'><strong>ut</strong></span> <span class='ocrx_word' id='word_1_309' title='bbox 518 4046 697 4122; x_wconf 88' lang='lat' dir='ltr'><strong>predicitur,</strong></span> <span class='ocrx_word' id='word_1_310' title='bbox 722 4046 838 4105; x_wconf 91' lang='lat' dir='ltr'><strong>intres</strong></span> <span class='ocrx_word' id='word_1_311' title='bbox 863 4046 1042 4105; x_wconf 91' lang='lat' dir='ltr'><strong>dividantur</strong></span> <span class='ocrx_word' id='word_1_312' title='bbox 1058 4050 1171 4119; x_wconf 87' lang='lat' dir='ltr'><strong>partes,</strong></span> <span class='ocrx_word' id='word_1_313' title='bbox 1197 4058 1329 4117; x_wconf 92' lang='lat' dir='ltr'><strong>quarum</strong></span> <span class='ocrx_word' id='word_1_314' title='bbox 1347 4043 1449 4116; x_wconf 89' lang='lat' dir='ltr'><strong>prima</strong></span> 
     </span>
     <span class='ocr_line' id='line_1_35' title="bbox 184 4148 1450 4227; baseline -0.002 -17"><span class='ocrx_word' id='word_1_315' title='bbox 184 4168 243 4227; x_wconf 85' lang='lat' dir='ltr'><strong>pro</strong></span> <span class='ocrx_word' id='word_1_316' title='bbox 267 4168 321 4210; x_wconf 91' lang='lat' dir='ltr'><strong>sue</strong></span> <span class='ocrx_word' id='word_1_317' title='bbox 344 4152 482 4210; x_wconf 91' lang='lat' dir='ltr'><strong>remedio</strong></span> <span class='ocrx_word' id='word_1_318' title='bbox 505 4154 607 4211; x_wconf 93' lang='lat' dir='ltr'><strong>anime</strong></span> <span class='ocrx_word' id='word_1_319' title='bbox 631 4153 671 4211; x_wconf 92' lang='lat' dir='ltr'><strong>de</strong></span> <span class='ocrx_word' id='word_1_320' title='bbox 693 4159 799 4211; x_wconf 88' lang='lat' dir='ltr'><strong>nostro</strong></span> <span class='ocrx_word' id='word_1_321' title='bbox 823 4154 952 4210; x_wconf 91' lang='lat' dir='ltr'><strong>consilio</strong></span> <span class='ocrx_word' id='word_1_322' title='bbox 976 4152 1180 4226; x_wconf 87' lang='lat' dir='ltr'><strong>dispensetur,</strong></span> <span class='ocrx_word' id='word_1_323' title='bbox 1204 4148 1337 4207; x_wconf 91' lang='lat' dir='ltr'><strong>secunda</strong></span> <span class='ocrx_word' id='word_1_324' title='bbox 1361 4148 1450 4207; x_wconf 89' lang='lat' dir='ltr'><strong>cedat</strong></span> 
     </span>
     <span class='ocr_line' id='line_1_36' title="bbox 184 4256 1449 4333; baseline -0.004 -16"><span class='ocrx_word' id='word_1_325' title='bbox 184 4265 289 4317; x_wconf 92' lang='lat' dir='ltr'><strong>nostre</strong></span> <span class='ocrx_word' id='word_1_326' title='bbox 311 4258 510 4332; x_wconf 90' lang='lat' dir='ltr'><strong>disposicioni</strong></span> <span class='ocrx_word' id='word_1_327' title='bbox 525 4264 555 4316; x_wconf 93' lang='lat' dir='ltr'><strong>et</strong></span> <span class='ocrx_word' id='word_1_328' title='bbox 570 4259 664 4317; x_wconf 90' lang='lat' dir='ltr'><strong>tercia</strong></span> <span class='ocrx_word' id='word_1_329' title='bbox 680 4265 849 4333; x_wconf 92' lang='lat' dir='ltr'><strong>occupetur</strong></span> <span class='ocrx_word' id='word_1_330' title='bbox 865 4274 922 4333; x_wconf 92' lang='lat' dir='ltr'><strong>pro</strong></span> <span class='ocrx_word' id='word_1_331' title='bbox 938 4260 1080 4333; x_wconf 90' lang='lat' dir='ltr'><strong>ipsorum</strong></span> <span class='ocrx_word' id='word_1_332' title='bbox 1095 4256 1254 4330; x_wconf 89' lang='lat' dir='ltr'><strong>hospitum</strong></span> <span class='ocrx_word' id='word_1_333' title='bbox 1271 4260 1449 4314; x_wconf 89' lang='lat' dir='ltr'><strong>nostrorum</strong></span> 
     </span>
     <span class='ocr_line' id='line_1_37' title="bbox 183 4361 1449 4438; baseline -0.002 -15"><span class='ocrx_word' id='word_1_334' title='bbox 183 4367 406 4423; x_wconf 89' lang='lat' dir='ltr'><strong>communitate</strong></span> <span class='ocrx_word' id='word_1_335' title='bbox 428 4365 466 4423; x_wconf 92' lang='lat' dir='ltr'><strong>ad</strong></span> <span class='ocrx_word' id='word_1_336' title='bbox 484 4365 649 4424; x_wconf 91' lang='lat' dir='ltr'><strong>utilitatem</strong></span> <span class='ocrx_word' id='word_1_337' title='bbox 666 4371 696 4423; x_wconf 93' lang='lat' dir='ltr'><strong>et</strong></span> <span class='ocrx_word' id='word_1_338' title='bbox 711 4365 839 4438; x_wconf 88' lang='lat' dir='ltr'><strong>negocia</strong></span> <span class='ocrx_word' id='word_1_339' title='bbox 857 4364 994 4422; x_wconf 90' lang='lat' dir='ltr'><strong>eiusdem</strong></span> <span class='ocrx_word' id='word_1_340' title='bbox 1013 4362 1242 4420; x_wconf 88' lang='lat' dir='ltr'><strong>communitatis</strong></span> <span class='ocrx_word' id='word_1_341' title='bbox 1258 4361 1449 4434; x_wconf 88' lang='lat' dir='ltr'><strong>exponenda.</strong></span> 
     </span>
     <span class='ocr_line' id='line_1_38' title="bbox 183 4467 1450 4545; baseline -0.003 -16"><span class='ocrx_word' id='word_1_342' title='bbox 183 4471 219 4529; x_wconf 93' lang='lat' dir='ltr'><strong>In</strong></span> <span class='ocrx_word' id='word_1_343' title='bbox 242 4486 279 4530; x_wconf 88' lang='lat' dir='ltr'><strong>eo</strong></span> <span class='ocrx_word' id='word_1_344' title='bbox 302 4477 406 4530; x_wconf 89' lang='lat' dir='ltr'><strong>autem</strong></span> <span class='ocrx_word' id='word_1_345' title='bbox 429 4487 510 4542; x_wconf 89' lang='lat' dir='ltr'><strong>casu,</strong></span> <span class='ocrx_word' id='word_1_346' title='bbox 547 4471 670 4545; x_wconf 90' lang='lat' dir='ltr'><strong>quando</strong></span> <span class='ocrx_word' id='word_1_347' title='bbox 702 4472 816 4545; x_wconf 90' lang='lat' dir='ltr'><strong>aliquis</strong></span> <span class='ocrx_word' id='word_1_348' title='bbox 847 4485 905 4545; x_wconf 94' lang='lat' dir='ltr'><strong>pro</strong></span> <span class='ocrx_word' id='word_1_349' title='bbox 937 4471 1103 4527; x_wconf 90' lang='lat' dir='ltr'><strong>commisso</strong></span> <span class='ocrx_word' id='word_1_350' title='bbox 1126 4467 1282 4526; x_wconf 89' lang='lat' dir='ltr'><strong>maleficio</strong></span> <span class='ocrx_word' id='word_1_351' title='bbox 1305 4467 1450 4541; x_wconf 90' lang='lat' dir='ltr'><strong>punietur</strong></span> 
     </span>
     <span class='ocr_line' id='line_1_39' title="bbox 183 4571 1448 4652; baseline -0.004 -17"><span class='ocrx_word' id='word_1_352' title='bbox 183 4578 234 4636; x_wconf 84' lang='lat' dir='ltr'><strong>vel</strong></span> <span class='ocrx_word' id='word_1_353' title='bbox 257 4578 387 4651; x_wconf 88' lang='lat' dir='ltr'><strong>recedet,</strong></span> <span class='ocrx_word' id='word_1_354' title='bbox 406 4594 460 4636; x_wconf 90' lang='lat' dir='ltr'><strong>sua</strong></span> <span class='ocrx_word' id='word_1_355' title='bbox 483 4579 566 4637; x_wconf 93' lang='lat' dir='ltr'><strong>bona</strong></span> <span class='ocrx_word' id='word_1_356' title='bbox 589 4578 693 4635; x_wconf 89' lang='lat' dir='ltr'><strong>omnia</strong></span> <span class='ocrx_word' id='word_1_357' title='bbox 708 4594 764 4652; x_wconf 90' lang='lat' dir='ltr'><strong>per</strong></span> <span class='ocrx_word' id='word_1_358' title='bbox 781 4585 948 4650; x_wconf 89' lang='lat' dir='ltr'><strong>utrumque</strong></span> <span class='ocrx_word' id='word_1_359' title='bbox 971 4573 1105 4650; x_wconf 86' lang='lat' dir='ltr'><strong>judicem</strong></span> <span class='ocrx_word' id='word_1_360' title='bbox 1128 4582 1269 4632; x_wconf 88' lang='lat' dir='ltr'><strong>nostrum</strong></span> <span class='ocrx_word' id='word_1_361' title='bbox 1292 4571 1448 4647; x_wconf 89' lang='lat' dir='ltr'><strong>predictos</strong></span> 
     </span>
     <span class='ocr_line' id='line_1_40' title="bbox 182 4678 1448 4759; baseline -0.006 -16"><span class='ocrx_word' id='word_1_362' title='bbox 182 4690 382 4759; x_wconf 91' lang='lat' dir='ltr'><strong>occupentur,</strong></span> <span class='ocrx_word' id='word_1_363' title='bbox 417 4684 457 4743; x_wconf 92' lang='lat' dir='ltr'><strong>de</strong></span> <span class='ocrx_word' id='word_1_364' title='bbox 486 4684 601 4758; x_wconf 88' lang='lat' dir='ltr'><strong>quibus</strong></span> <span class='ocrx_word' id='word_1_365' title='bbox 636 4683 836 4743; x_wconf 91' lang='lat' dir='ltr'><strong>consideratis</strong></span> <span class='ocrx_word' id='word_1_366' title='bbox 870 4681 1037 4740; x_wconf 87' lang='lat' dir='ltr'><strong>heredibus</strong></span> <span class='ocrx_word' id='word_1_367' title='bbox 1072 4681 1145 4752; x_wconf 89' lang='lat' dir='ltr'><strong>suis,</strong></span> <span class='ocrx_word' id='word_1_368' title='bbox 1168 4695 1286 4738; x_wconf 91' lang='lat' dir='ltr'><strong>necnon</strong></span> <span class='ocrx_word' id='word_1_369' title='bbox 1316 4678 1448 4737; x_wconf 93' lang='lat' dir='ltr'><strong>servicio</strong></span> 
     </span>
     <span class='ocr_line' id='line_1_41' title="bbox 182 4782 1448 4866; baseline -0.007 -17"><span class='ocrx_word' id='word_1_370' title='bbox 182 4790 345 4865; x_wconf 86' lang='lat' dir='ltr'><strong>utriusque</strong></span> <span class='ocrx_word' id='word_1_371' title='bbox 366 4788 477 4866; x_wconf 88' lang='lat' dir='ltr'><strong>judicis</strong></span> <span class='ocrx_word' id='word_1_372' title='bbox 500 4796 529 4849; x_wconf 89' lang='lat' dir='ltr'><strong>et</strong></span> <span class='ocrx_word' id='word_1_373' title='bbox 556 4790 626 4848; x_wconf 92' lang='lat' dir='ltr'><strong>aliis</strong></span> <span class='ocrx_word' id='word_1_374' title='bbox 657 4789 888 4848; x_wconf 90' lang='lat' dir='ltr'><strong>circumstancis</strong></span> <span class='ocrx_word' id='word_1_375' title='bbox 919 4786 1172 4845; x_wconf 88' lang='lat' dir='ltr'><strong>distribucionem</strong></span> <span class='ocrx_word' id='word_1_376' title='bbox 1197 4785 1345 4843; x_wconf 86' lang='lat' dir='ltr'><strong>faciemus</strong></span> <span class='ocrx_word' id='word_1_377' title='bbox 1360 4782 1448 4859; x_wconf 88' lang='lat' dir='ltr'><strong>juxta</strong></span> 
     </span>
    </p>
   </div>
   <div class='ocr_carea' id='block_1_3' title="bbox 181 4891 1447 5028">
    <p class='ocr_par' dir='ltr' id='par_1_3' title="bbox 181 4891 1447 5028">
     <span class='ocr_line' id='line_1_42' title="bbox 181 4891 1447 4970; baseline -0.006 -15"><span class='ocrx_word' id='word_1_378' title='bbox 181 4903 287 4955; x_wconf 89' lang='lat' dir='ltr'><strong>nostre</strong></span> <span class='ocrx_word' id='word_1_379' title='bbox 307 4898 475 4957; x_wconf 83' lang='lat' dir='ltr'><strong>arbitrium</strong></span> <span class='ocrx_word' id='word_1_380' title='bbox 497 4896 674 4955; x_wconf 89' lang='lat' dir='ltr'><strong>voluntatis.</strong></span> <span class='ocrx_word' id='word_1_381' title='bbox 700 4895 897 4970; x_wconf 82' lang='lat' dir='ltr'><strong>Quicumque</strong></span> <span class='ocrx_word' id='word_1_382' title='bbox 927 4900 1029 4951; x_wconf 91' lang='lat' dir='ltr'><strong>autem</strong></span> <span class='ocrx_word' id='word_1_383' title='bbox 1055 4894 1086 4951; x_wconf 94' lang='lat' dir='ltr'><strong>in</strong></span> <span class='ocrx_word' id='word_1_384' title='bbox 1110 4891 1266 4951; x_wconf 88' lang='lat' dir='ltr'><strong>territorio</strong></span> <span class='ocrx_word' id='word_1_385' title='bbox 1290 4891 1363 4950; x_wconf 85' lang='lat' dir='ltr'><strong>dicti</strong></span> <span class='ocrx_word' id='word_1_386' title='bbox 1387 4891 1447 4949; x_wconf 92' lang='lat' dir='ltr'><strong>vici</strong></span> 
     </span>
     <span class='ocr_line' id='line_1_43' title="bbox 1343 4991 1360 5028; baseline 0 -6"><span class='ocrx_word' id='word_1_387' title='bbox 1343 4991 1360 5028; x_wconf 64' lang='grc' dir='ltr'>ᾴ</span> 
     </span>
    </p>
   </div>
   <div class='ocr_carea' id='block_1_4' title="bbox 0 0 1644 5348">
    <p class='ocr_par' dir='ltr' id='par_1_4' title="bbox 0 0 1644 5348">
     <span class='ocr_line' id='line_1_44' title="bbox 0 0 1644 5348; baseline 0 3"><span class='ocrx_word' id='word_1_388' title='bbox 0 0 1644 5348; x_wconf 95' lang='lat' dir='ltr'><strong> </strong></span> 
     </span>
    </p>
   </div>
  </div>
 </body>
</html>
