3278 5348
636 399 711 457 Doc.
735 411 783 474 25.
807 433 849 442 -
873 399 929 457 An.
955 410 1042 477 1417.
1430 420 1468 478 23

201 617 303 672 tenore
327 613 522 687 imponimus
546 618 578 672 et
600 613 708 688 inponi
732 614 880 672 volumus
903 616 1099 689 temporibus
1124 617 1283 689 perpetuis
1306 631 1342 674 ac
1357 618 1470 674 eternis

203 717 347 778 duximus
369 718 604 793 imponendum,
628 719 904 778 constitucionibus
925 721 956 779 in
981 721 1173 780 contrarium
1196 720 1287 779 editis
1318 737 1379 779 non
1414 723 1469 780 ob·

202 827 353 885 stantibus
375 826 635 900 quibuscumque,
666 840 724 900 per
754 840 919 885 censuram
955 828 1194 886 ecclesiasticam
1227 827 1470 887 contradicentes

201 931 307 989 eadem
332 932 516 989 auctoritate
537 937 643 989 nostra
667 922 800 991 fi'rmiter
824 933 1046 1008 conpescendo.
1071 933 1224 991 Nolumus
1246 934 1328 991 enim
1352 950 1407 992 nec
1422 935 1471 993 in-

200 1037 356 1096 tendimus
380 1035 465 1111 quod
489 1037 703 1097 consvetudini
726 1038 855 1097 ecclesie
877 1046 982 1098 nostre
1004 1040 1142 1114 predicte
1165 1041 1231 1098 sive
1254 1041 1375 1099 iuribus
1406 1040 1470 1099 dic·

195 1148 304 1205 torum
329 1142 608 1218 prebendariorum
631 1145 791 1218 hucusque
813 1146 1041 1205 invariabiliter
1064 1153 1093 1204 et
1112 1146 1245 1204 firmiter
1259 1147 1378 1220 absque
1401 1163 1469 1205 mu·

192 1251 320 1309 tacione
342 1249 475 1323 aliquali
497 1250 672 1308 observatis
695 1250 875 1324 aliqualiter
898 1251 1065 1324 derogetur
1088 1253 1119 1310 in
1143 1257 1208 1311 toto
1233 1253 1285 1309 vel
1309 1253 1340 1310 in
1371 1258 1468 1327 parte,

185 1356 250 1414 sed
275 1357 384 1430 pocius
408 1369 517 1413 eorum
540 1356 659 1415 tructus
682 1362 713 1414 et
728 1357 939 1415 emolumenta
955 1357 1103 1416 volumus
1126 1358 1233 1431 augeri
1250 1373 1345 1431 quam
1362 1359 1468 1431 minui,

182 1462 250 1536 qui
274 1462 399 1537 pondus
421 1462 562 1521 eiusdem
585 1463 713 1522 ecclesie
746 1469 850 1523 nostre
884 1465 915 1522 in
951 1463 1070 1523 diurnis
1095 1465 1211 1539 pariter
1247 1471 1277 1523 et
1311 1466 1468 1523 nocturnis

181 1568 323 1639 officiis,
347 1568 409 1627 diei
432 1569 579 1628 videlicet
600 1575 630 1627 et
663 1578 756 1641 estus,
780 1569 982 1629 dinoscuntur
1016 1577 1209 1644 supportare.
1244 1571 1308 1628 Nec
1341 1572 1468 1629 omnino

179 1674 355 1745 volumus,
379 1674 464 1748 quod
487 1676 518 1733 in
541 1675 624 1734 dicta
658 1674 787 1734 ecclesia
822 1683 926 1734 nostra
950 1677 1064 1749 aliquis
1088 1683 1192 1751 preter
1224 1691 1280 1734 nos
1304 1677 1467 1750 quibusvis

183 1781 340 1856 personis
363 1780 465 1854 legem
490 1782 651 1856 imponere
674 1782 787 1840 habeat
810 1783 950 1855 aliquam
973 1799 1074 1856 neque
1089 1784 1197 1855 iugum
1214 1787 1319 1840 contra
1335 1788 1365 1841 et
1381 1783 1468 1840 ultra

184 1885 393 1946 laudabilem
417 1886 673 1947 consuetudinem
696 1888 774 1946 inibi
794 1888 941 1946 hactenus
966 1889 1173 1947 observatam.
1201 1886 1295 1946 Secus
1319 1889 1413 1960 igitur
1435 1889 1467 1946 in

186 1993 360 2067 premissis
384 1992 484 2051 lacere
507 2008 568 2052 non
591 1994 705 2064 ausuri,
728 1995 755 2051 si
778 2009 889 2067 graves
914 2010 1008 2068 penas
1031 1995 1123 2052 vobis
1146 1995 1256 2052 exinde
1287 1993 1467 2067 infligendas

191 2114 255 2173 per
277 2100 500 2172 gravissimam
522 2098 748 2176 judicacionem
771 2106 911 2159 nostram
934 2101 1046 2175 cupitis
1070 2107 1100 2159 et
1124 2101 1219 2158 vultis
1243 2101 1367 2158 evitare.
1395 2099 1467 2158 Pre-

194 2210 300 2264 sentes
333 2220 410 2264 vero
444 2206 565 2264 litteras
600 2214 723 2264 nostras
757 2207 788 2265 in
822 2206 906 2265 libro
940 2213 1128 2265 statutorum
1161 2206 1291 2282 capituli
1329 2206 1467 2281 predicte

200 2311 328 2370 ecclesie
352 2318 457 2370 nostre
479 2313 688 2386 zagrabiensis
711 2314 904 2371 strictissime
933 2314 972 2371 de
1004 2315 1102 2372 verbo
1132 2315 1172 2373 ad
1204 2314 1338 2372 verbum
1369 2313 1467 2387 preci·

201 2418 303 2493 pimus
325 2418 485 2490 registrari
507 2418 547 2477 ad
571 2426 755 2494 perpetuam
780 2421 825 2479 rei
861 2422 1047 2479 memoriam
1069 2421 1108 2479 ad
1133 2420 1320 2494 condignam
1344 2425 1373 2476 et
1397 2434 1466 2493 per-

203 2532 327 2599 petuam
351 2524 541 2584 firmitatem.
564 2526 680 2584 Datum
703 2525 855 2598 Zagrabie
878 2527 936 2585 sub
960 2528 1058 2585 nostri
1081 2527 1269 2600 pontificalis
1301 2531 1331 2584 et
1361 2530 1465 2583 auten·

203 2631 251 2689 tici
272 2631 369 2705 sigilli
393 2633 591 2706 appensione,
615 2632 748 2691 infesto
772 2634 854 2692 beati
879 2634 1036 2692 Valentini
1058 2635 1203 2694 martiris.
1234 2636 1323 2691 Anno
1347 2631 1466 2690 domini

206 2736 371 2797 millesimo
395 2738 699 2812 quadringentesimo
723 2738 844 2797 decimo
868 2741 1010 2814 septimo.

304 2878 329 2925 E
348 2876 461 2941 simplici
480 2883 639 2941 transumpto
658 2877 686 2925 in
703 2876 799 2933 charta,
827 2877 902 2925 initio
929 2892 995 2928 saec.
1024 2877 1102 2928 XVI.
1130 2903 1160 2912 -
1191 2878 1222 2924 In
1249 2875 1343 2925 archiv.
1374 2875 1463 2924 honor.

207 2963 292 3028 colleg.
310 2965 482 3018 Praebendar.

804 3139 859 3204 25.

305 3285 386 3333 Anno
407 3295 483 3348 1417,
507 3296 545 3346 14.
565 3283 727 3349 septembris.
748 3281 895 3346 Zagrabiae.

214 3408 368 3485 Capitulum
383 3407 579 3483 zagrabieuse,
594 3411 794 3470 communitate
816 3417 945 3483 rogante,
960 3411 1150 3483 priuilegium
1166 3430 1184 3466 a
1202 3409 1385 3482 Sr'gismuuda
1399 3429 1465 3484 rege

595 3517 628 3574 de
651 3517 828 3574 libertatibus
851 3517 955 3573 editum
979 3519 1071 3574 urittit.

303 3680 486 3756 Capitulum
508 3681 636 3739 ecclesie
659 3680 874 3753 zagrabiensis.
899 3679 1051 3738 Omnibus
1082 3680 1198 3738 Christi
1222 3678 1370 3737 fidelibus
1394 3695 1463 3753 pre·

205 3789 335 3847 sentibus
358 3789 475 3862 pariter
498 3792 528 3846 et
551 3787 671 3858 tuturis,
695 3787 889 3861 presencium
914 3787 1061 3844 noticiam
1086 3786 1249 3856 habituris,
1274 3784 1408 3843 salutem
1431 3787 1463 3844 in

204 3895 337 3965 omnium
359 3895 524 3954 salvatore.
548 3894 597 3951 Ad
628 3894 846 3951 universorum
881 3894 1028 3951 noticiam
1060 3894 1172 3950 harum
1203 3893 1281 3950 serie
1316 3893 1463 3949 volumus

203 4001 368 4072 pervenire,
402 4001 487 4075 quod
521 3999 646 4075 providi
683 4005 712 4058 et
747 4001 868 4058 honesti
899 4001 969 4072 viri,
1002 3999 1157 4083 Johannes
1190 3999 1324 4069 Pravvcz,
1358 3996 1462 4074 judex,

203 4103 337 4180 Gaspar,
379 4106 573 4177 Lodouicus‚
615 4107 792 4165 Demetrius
827 4113 857 4164 et
891 4106 1052 4164 Ladislaus
1085 4103 1178 4180 jurati
1214 4107 1297 4163 cives
1328 4106 1462 4163 civitatis

203 4214 310 4272 montis
325 4213 488 4272 Grecensis
505 4212 544 4272 de
558 4214 644 4271 iuxta
663 4213 823 4285 Zagrabia‚
848 4213 912 4270 suis
935 4217 965 4269 et
990 4213 1208 4270 universorum
1233 4213 1408 4270 concivium
1433 4218 1463 4269 et

202 4320 392 4394 cohospitum
416 4319 565 4393 ipsorum,
589 4319 801 4377 inhabitorum
836 4323 946 4392 utputa
981 4319 1079 4392 ipsius
1116 4319 1258 4390 civitatis,
1283 4318 1462 4376 nominibus

201 4430 227 4482 et
247 4427 279 4484 in
301 4427 443 4500 personis
464 4425 504 4483 ad
535 4431 674 4484 nostram
706 4426 912 4500 personaliter
943 4425 1122 4483 accedentes
1153 4425 1344 4498 presenciam
1375 4422 1462 4479 exhi-

200 4529 330 4590 buerunt
355 4532 446 4590 nobis
482 4537 512 4591 et
546 4538 801 4606 presentaverunt
836 4531 995 4605 quoddam
1031 4532 1234 4606 privilegium
1273 4528 1461 4588 serenissimi

202 4637 349 4712 principis
372 4643 403 4696 et
426 4637 553 4712 domini,
578 4638 695 4696 domini
713 4637 912 4712 sigismundi,
930 4637 979 4695 dci
995 4639 1098 4711 gracia
1117 4638 1283 4710 Hungarie‚
1300 4634 1461 4693 Dalmacie

199 4740 330 4816 Croacie,
369 4743 476 4816 Rame,
507 4742 623 4815 Seruie,
657 4743 799 4817 Gallicie,
834 4743 1027 4815 Lodomerie‚
1058 4743 1216 4814 Cumanie‚
1254 4741 1461 4815 Bulgarieque

197 4849 284 4923 regis,
307 4850 497 4911 marchionis
519 4849 846 4925 Brandemburgensis,
870 4851 949 4908 sacri
971 4850 1104 4908 Romani
1127 4849 1251 4923 imperii
1273 4848 1462 4906 archicame-
