3278 5348
615 407 688 468 Dec.
712 403 782 466 166.
808 443 850 454 -
874 411 930 467 An.
955 420 1042 487 1452.

180 509 431 519 ——-.-.-.

776 619 861 687 166.

288 763 369 812 Anno
394 775 469 830 1452,
489 763 513 815 6.
533 763 683 816 decembris.
704 763 851 828 Zagrabiae.

183 888 364 948 Monasterr'o
397 909 419 949 s.
451 893 604 950 Franciscr'
634 892 820 966 ragrabiensi
842 893 969 966 pistrini
1000 894 1091 966 legati
1118 911 1187 951 usus
1222 911 1241 950 a
1276 893 1452 968 magistratu

457 999 576 1073 sagrab.
600 1002 777 1073 transcripto
799 998 961 1068 documento
982 1000 1177 1074 confirmatur.

288 1141 352 1201 Nos
375 1143 530 1217 Nicotaus,
547 1143 632 1203 filius
654 1144 815 1216 Demetrii,
838 1141 942 1220 judex,
965 1143 1111 1216 Thomas,
1136 1142 1320 1217 Stephanus,
1354 1142 1450 1203 Geor·
1512 1114 1523 1127 ⁰

182 1250 260 1323 gius,
283 1249 409 1321 Paulus,
433 1247 595 1324 Georgius,
619 1250 735 1323 Petrus,
752 1250 929 1326 Stephanus
952 1256 981 1309 et
1005 1249 1168 1309 Ladislaus
1188 1247 1291 1325 jurati,
1324 1250 1450 1309 consili·

182 1357 243 1415 arii
268 1361 299 1415 et
320 1357 461 1416 universi
492 1357 575 1416 cives
599 1358 732 1417 civitatis
756 1359 872 1417 montis
893 1358 1087 1417 Grechensis.
1110 1357 1260 1415 Memorie
1295 1370 1453 1415 commen·

184 1462 298 1522 damus
323 1479 380 1538 per
410 1470 577 1538 presentes,
613 1464 697 1539 quod
721 1466 812 1524 nobis
833 1465 911 1524 feria
944 1471 1031 1524 sexta
1064 1464 1210 1539 proxima
1243 1468 1315 1537 post
1339 1463 1452 1522 testum

186 1569 270 1629 beati
293 1570 419 1630 Andree
440 1572 586 1646 apostoli,
608 1588 690 1631 nunc
712 1572 856 1646 proxime
879 1573 1072 1647 preteritum,
1095 1572 1126 1629 in
1150 1569 1287 1644 generali
1309 1575 1340 1628 et
1368 1584 1452 1627 com·

184 1677 271 1735 muni
295 1681 400 1736 nostra
423 1679 665 1753 congregacione
687 1680 719 1737 in
741 1676 857 1755 judicio
880 1694 940 1753 pro
972 1678 1124 1737 tribunali
1158 1675 1346 1747 sedentibus,
1382 1691 1451 1735 cau·

184 1798 298 1857 sasque
321 1788 503 1842 cunctorum
525 1799 631 1843 coram
654 1785 743 1843 nobis
766 1784 959 1857 litigancium
983 1780 1065 1860 justo
1087 1781 1164 1860 juris
1197 1782 1321 1840 tramite
1351 1781 1453 1841 discu-

185 1891 347 1963 cientibus,
384 1891 549 1965 religiosus
583 1897 613 1950 et
645 1892 703 1950 deo
737 1891 869 1950 devotus
903 1891 1000 1950 irater
1035 1889 1226 1961 Benedictus,
1262 1887 1451 1963 guardianus

185 2002 357 2056 conventus
371 1997 505 2056 fratrum
522 1998 650 2056 claustri
665 1999 762 2057 sancti
777 1998 930 2057 Francisci
946 1997 1139 2069 confessoris,
1156 1996 1307 2070 Zagrabie
1322 1994 1454 2067 fundati,

185 2105 217 2162 in
239 2119 296 2162 sua
319 2108 349 2162 et
372 2105 470 2163 tocius
494 2110 662 2162 conventus
685 2105 827 2178 ipsorum
848 2104 981 2163 fratrum
999 2104 1127 2162 claustri
1141 2102 1296 2178 prenotati
1311 2102 1452 2176 personis

183 2210 222 2269 ad
237 2216 377 2270 nostram
399 2210 551 2268 veniendo
567 2210 769 2283 presenciam,
786 2210 927 2268 exhibuit
941 2216 971 2268 et
987 2209 1177 2284 presentavit
1192 2208 1283 2267 nobis
1294 2207 1451 2282 quandam

184 2317 322 2377 litteram
344 2324 484 2376 nostram
506 2332 560 2374 seu
585 2317 718 2374 civitatis
741 2316 880 2391 predicte
903 2315 1142 2390 privilegialem,
1167 2330 1225 2389 pro
1250 2320 1338 2388 parte
1352 2315 1451 2389 ipsius

183 2430 213 2483 et
235 2430 419 2482 cunctorum
451 2422 586 2481 fratrum
608 2427 778 2482 conventus
801 2421 929 2481 claustri
951 2422 1092 2497 predicti,
1116 2423 1147 2480 in
1179 2420 1289 2480 eodem
1314 2421 1451 2480 claustro

183 2544 242 2604 pro
286 2535 428 2603 tempore
463 2527 521 2587 deo
556 2528 669 2588 devote
703 2528 936 2600 famulancium,
971 2544 1066 2603 super
1100 2528 1238 2602 quodam
1272 2527 1451 2587 molendino

183 2637 392 2710 infrascripto,
408 2643 549 2711 tempore
571 2634 724 2712 judicatus
748 2636 809 2694 viri
832 2635 963 2694 condam
971 2635 1106 2724 providi
1120 2639 1150 2694 et
1173 2635 1294 2694 honesti
1317 2633 1450 2707 Andree,

184 2743 261 2803 olim
285 2741 397 2821 judicis
421 2749 450 2800 et
475 2743 610 2802 concivis
633 2742 740 2813 nostri,
763 2741 823 2800 filii
846 2741 936 2813 Petri,
961 2741 1020 2800 sub
1045 2742 1191 2816 pendenti
1214 2740 1320 2814 sigillo
1343 2747 1450 2799 nostro

184 2852 344 2910 communi
372 2849 511 2909 confecta
534 2855 564 2907 et
587 2855 738 2921 emanata,
760 2853 868 2923 petens
902 2862 958 2907 nos
993 2848 1099 2907 dehita
1132 2863 1203 2906 cum
1237 2848 1393 2919 instancia,
1416 2853 1452 2906 ut

183 2965 324 3017 tenorem
346 2958 443 3031 ipsius
466 2957 568 3015 littere
592 2960 695 3015 nostre
718 2956 934 3030 privilegialis,
968 2972 1006 3013 ex
1043 2970 1079 3014 eo
1114 2962 1144 3013 et
1179 2970 1216 3013 ea
1251 2954 1290 3012 de
1324 2954 1449 3012 racione

183 3066 380 3140 presentibus
402 3065 513 3122 litteris
536 3063 649 3120 nostris
671 3062 924 3136 privilegialibus
947 3063 1041 3120 inseri
1061 3068 1091 3120 et
1115 3061 1220 3134 sigillo
1242 3064 1348 3119 nostro
1365 3075 1450 3118 com·

183 3173 272 3231 muni
294 3171 441 3245 pendenti
464 3169 634 3228 munimine
657 3168 841 3227 confirmare
865 3168 1074 3242 dignaremur,
1098 3168 1171 3242 quia
1203 3166 1313 3225 eadem
1345 3167 1451 3226 littera

183 3284 289 3337 nostra
312 3276 519 3353 privilegialis
534 3291 629 3350 super
651 3275 792 3350 predicto
815 3275 1003 3346 molendino,
1027 3273 1122 3333 modo
1144 3275 1297 3348 premisso
1313 3272 1452 3331 confecta

186 3391 217 3444 et
239 3391 391 3452 emanata,
415 3383 552 3458 quodam
568 3388 709 3457 tempore
726 3383 881 3456 impacato
904 3389 933 3440 et
949 3382 1138 3441 disturbioso
1160 3380 1340 3456 nuperrime
1355 3386 1451 3439 retro·

185 3492 275 3567 lapso
299 3493 331 3549 in
354 3492 461 3550 charta
492 3490 675 3570 pargameni
695 3490 726 3548 in
749 3489 854 3562 aliqua
877 3490 925 3546 sui
947 3494 1035 3564 parte
1070 3494 1216 3563 corrupta
1240 3493 1270 3546 et
1304 3488 1451 3546 distracta

185 3598 252 3658 iore
276 3598 523 3670 dignoscebatur.
547 3596 642 3655 Cuius
665 3595 793 3669 quidem
817 3595 919 3654 littere
954 3600 1042 3654 tenor
1064 3596 1135 3653 talis
1158 3601 1220 3654 est:
1256 3590 1340 3674 (vide
1374 3596 1449 3653 Doc.

185 3721 235 3782 4²·
266 3718 347 3763 anno
387 3718 478 3780 ¹4²5·
505 3718 555 3773 25.
589 3696 687 3787 Julii).
722 3702 785 3759 Nos
819 3703 924 3776 itaque
958 3703 1165 3777 peticionibus
1198 3702 1311 3777 prefati
1344 3694 1474 3760 fratris'

185 3811 341 3871 Benedicti
364 3809 527 3884 guardiani
551 3810 679 3868 claustri
696 3809 857 3883 prenotati,
874 3814 1035 3883 tamquam
1050 3806 1147 3884 justis,
1167 3807 1290 3885 jurique
1305 3808 1449 3881 congruis

185 3934 242 3992 per
276 3916 410 3975 eundem
444 3916 574 3974 fratrem
608 3915 808 3974 Benedictum
844 3914 1051 3987 guardianum
1085 3915 1117 3973 in
1140 3916 1289 3989 personis,
1314 3930 1448 3988 quorum

185 4039 288 4099 supra,
304 4024 395 4082 nobis
417 4022 478 4099 juri
501 4038 633 4081 consone
649 4023 809 4096 porrectis,
826 4039 864 4080 ex
881 4037 917 4079 eo
942 4029 972 4080 et
994 4037 1029 4079 ea
1045 4020 1084 4080 de
1100 4023 1222 4080 racione
1238 4021 1345 4094 pocius
1361 4020 1449 4079 incli-

185 4131 250 4189 nati
273 4135 303 4188 ct
325 4135 502 4202 annuentes,
526 4130 599 4204 quia
630 4130 701 4187 licet
723 4131 792 4203 ipsa
814 4130 917 4188 littera
940 4135 1045 4186 nostra
1069 4144 1121 4185 seu
1143 4128 1276 4185 civitatis
1310 4126 1449 4200 predicte

185 4236 403 4311 privilegialis,
427 4242 568 4311 tempore
591 4236 756 4310 prescripti
775 4234 929 4310 judicatus
954 4236 1051 4309 ipsius
1075 4234 1210 4291 annotati
1225 4231 1337 4308 judicis
1353 4248 1448 4307 super

171 4343 307 4447 'prefato
332 4344 519 4413 molendino,
544 4342 638 4400 modo
673 4342 852 4416 supradicto
876 4341 1014 4400 contecta
1037 4345 1066 4399 et
1090 4345 1232 4398 emanata
1255 4340 1287 4397 in
1308 4339 1449 4414 predicta

186 4453 293 4510 charta
316 4450 500 4525 pargameni
523 4450 555 4507 in
578 4449 684 4522 aliqua
714 4449 762 4507 sui
785 4456 882 4522 parte,
906 4453 940 4506 ut
964 4446 1127 4521 prefertur,
1162 4452 1309 4521 corrupta
1333 4453 1363 4504 et
1386 4446 1447 4505 dis·

187 4565 286 4619 tracta
310 4558 358 4629 sit,
382 4557 540 4615 tamenin
576 4556 681 4629 sigillo
715 4561 820 4613 nostro
855 4554 1022 4626 communi,
1055 4569 1117 4627 quo
1140 4553 1248 4611 eadem
1282 4552 1385 4611 littera
1417 4554 1449 4613 in

186 4667 284 4725 serico
308 4665 368 4722 sibi
392 4663 583 4737 impendenti
607 4664 726 4721 munita
745 4670 775 4721 et
798 4664 946 4722 roborata
969 4661 1069 4721 extitit
1093 4662 1214 4736 penitus
1237 4636 1328 4719 illesa
1351 4660 1448 4718 immo

185 4773 313 4857 omnino
336 4773 455 4845 integra
478 4770 545 4829 tore
568 4770 816 4843 dignoscebatur,
834 4769 963 4828 eandem
980 4768 1116 4827 litteram
1139 4774 1278 4840 nostram
1301 4782 1355 4825 seu
1372 4766 1449 4825 civi·

186 4880 256 4939 tatis
279 4878 419 4954 predicte
442 4878 668 4953 priviegialem,
681 4892 775 4953 super
790 4876 947 4951 sepedicto
970 4875 1149 4934 molendino
1173 4882 1313 4949 tempore
1332 4873 1447 4948 prefati
