3278 5348
625 498 698 559 Doc.
721 509 792 580 274.
816 535 858 545 —
882 501 939 559 An.
962 511 1051 578 1472.
1396 515 1457 578 3³9

192 603 415 612 ——-

192 712 360 773 Sclauonie
382 713 421 772 ad
445 716 615 775 terminum
637 721 873 790 competentem,
897 717 1054 775 racionem
1078 716 1333 775 contradiccionis
1348 731 1457 775 eorum

191 820 381 880 reddituros.
405 821 442 878 Et
465 827 536 895 post
559 822 616 881 hec
638 821 819 881 huiusmodi
840 821 1079 880 introduccionis
1101 825 1132 880 et
1154 822 1332 880 statucionis
1347 822 1459 880 seriem

192 942 267 985 cum
295 925 558 985 contradictorum
590 934 620 986 et
651 935 860 998 evocatorum,
892 928 919 985 si
950 928 1003 1001 qui
1027 926 1148 999 fuerint,
1172 928 1407 1001 vicinorumque
1429 930 1460 985 et

191 1040 487 1103 commetaneorum,
511 1033 565 1107 qui
588 1033 740 1108 premisse
762 1033 928 1091 statucioni
950 1033 1120 1091 intererunt
1141 1033 1330 1104 nominibus,
1352 1033 1458 1091 termi-

192 1152 296 1213 noque
318 1139 482 1211 assignato,
517 1138 636 1196 eisdem
667 1139 756 1197 banis
790 1138 842 1196 vel
878 1138 1035 1197 vicebanis
1068 1153 1125 1196 suo
1154 1138 1248 1196 modo
1271 1138 1460 1199 rescribatis.

192 1245 311 1303 Datum
334 1243 419 1301 Bude
449 1242 526 1302 feria
550 1250 661 1318 quarta
684 1244 830 1318 proxima
860 1249 931 1318 post
962 1243 1077 1302 festum
1107 1244 1329 1303 Penthecostes.
1365 1246 1455 1303 Anno

191 1349 313 1409 domini
338 1350 507 1408 millesimo
531 1350 836 1424 quadringentesimo
859 1350 1088 1425 septuagesimo
1110 1350 1255 1411 secundo.
1280 1351 1459 1424 Regnomm

190 1462 369 1516 nostrorum
393 1471 474 1514 anno
497 1456 657 1530 Hungarie
680 1462 735 1516 etc.
759 1457 1000 1531 quintodecimo,
1024 1457 1170 1516 Bohemie
1190 1473 1266 1516 vero
1289 1462 1408 1531 quarto.

298 1565 339 1633 (Α
364 1566 456 1634 tergo).
481 1564 642 1623 Fidelibus
665 1565 779 1623 nostris
805 1565 943 1639 capitulo
959 1565 1086 1623 ecclesie
1101 1564 1238 1623 albensis
1254 1579 1312 1639 pro
1327 1564 1459 1622 circum·

189 1671 306 1745 spectis
328 1671 438 1748 judice,
467 1670 577 1748 juratis
606 1672 778 1745 ceterisque
807 1671 930 1729 civibus
961 1671 1094 1729 civitatis
1117 1677 1221 1729 nostre
1244 1670 1358 1728 montis
1381 1669 1458 1729 Gre-

189 1778 298 1848 censis,
320 1778 543 1837 introductoria
565 1784 595 1837 et
618 1777 788 1836 statutoria.

297 1913 431 1977 Originale
457 1914 485 1964 iu
509 1913 606 1965 charta.
624 1915 657 1962 Iu
675 1913 790 1977 margine
808 1912 924 1962 inferiori
941 1911 1093 1977 impressum
1113 1918 1153 1961 est
1170 1911 1293 1977 sigillum.
1311 1913 1344 1962 In
1362 1910 1458 1964 archiv.

188 1997 236 2050 lib.
255 2015 301 2064 reg
325 2000 395 2052 civit.
413 2001 514 2066 zagrab.

785 2232 873 2300 274.

295 2375 376 2426 Anno
398 2387 473 2440 1472,
494 2387 535 2426 20.
555 2375 624 2426 maii.
644 2375 734 2424 Budae

190 2485 337 2555 Mathias,
361 2485 538 2559 Hunguriae
560 2491 610 2543 etc.
633 2503 696 2556 rex,
718 2485 917 2542 communitati
928 2484 1053 2542 civitatis
1067 2490 1180 2557 ereptas
1186 2484 1378 2557 possessiones
1393 2485 1454 2542 Dc-

528 2590 594 2663 dili,
620 2590 800 2650 Cernomcrec
822 2590 909 2649 Bitek
932 2599 979 2649 cic.
1003 2591 1103 2648 reddit.

295 2735 358 2793 Nos
382 2735 513 2794 Mathias
536 2735 586 2794 dei
612 2737 717 2809 gracia
747 2752 802 2794 rex
834 2736 1001 2808 Hungarie,
1033 2735 1181 2793 Bohemie
1212 2741 1268 2793 etc.
1305 2735 1452 2793 Memorie

189 2841 445 2900 commendamus
476 2848 582 2900 tenore
613 2843 808 2916 presencium
838 2841 1054 2914 significantes,
1088 2841 1202 2914 quibus
1232 2839 1358 2914 expedit
1388 2840 1454 2898 uni·

188 2948 294 3006 versis.
318 2947 410 3022 Quod
433 2964 506 3006 cum
534 2948 636 3020 gloria
666 2963 775 3022 regum
807 2948 840 3006 in
863 2948 1062 3006 multitudine
1085 2947 1277 3021 populorum
1299 2961 1336 3004 ac
1359 2945 1452 3004 decus

189 3060 220 3113 et
250 3054 347 3112 robor
377 3068 544 3126 regnorum
567 3054 600 3111 in
621 3053 743 3112 diviciis
773 3069 809 3111 ac
840 3053 1047 3128 amplitudine
1078 3053 1244 3111 consistant
1276 3053 1448 3120 civitatum,

188 3160 315 3235 expedit
346 3160 540 3234 principibus
571 3161 656 3218 omni
687 3159 852 3233 diligencia
883 3159 1041 3218 intendere
1072 3160 1200 3234 populis
1231 3158 1392 3216 servandis
1423 3165 1453 3216 et

189 3265 347 3324 beneficiis
363 3266 512 3340 augendis
533 3281 570 3324 ac
593 3267 771 3325 civitatibus
794 3267 1036 3340 magnificandis.
1063 3272 1170 3341 utpote
1193 3284 1231 3325 ex
1254 3266 1367 3339 quibus
1385 3281 1454 3340 pre·

186 3373 282 3430 missa
308 3388 426 3446 regum,
456 3388 624 3446 regnorum
655 3374 820 3432 commoda
856 3374 1032 3447 procedant,
1064 3381 1215 3447 quatenus
1245 3372 1448 3447 principantis

187 3493 227 3537 ex
250 3475 307 3536 hoc
336 3488 366 3537 et
397 3480 541 3539 laudetur
564 3480 695 3538 discreta
720 3481 920 3555 providencia
944 3487 974 3538 et
997 3487 1093 3538 status
1117 3480 1283 3538 utilitatem
1306 3494 1453 3550 augmen-

186 3590 317 3658 tumque
348 3592 459 3644 sumat.
484 3586 553 3659 Qua
576 3586 614 3644 de
638 3603 671 3645 re
695 3595 782 3660 grata
806 3587 1054 3645 consideracione
1078 3603 1244 3661 pensamus
1266 3585 1454 3643 multimoda

186 3691 391 3750 serviciorum
414 3707 536 3764 genera,
560 3708 621 3766 que
644 3693 753 3751 civitas
775 3699 880 3751 nostra
903 3694 1017 3752 montis
1041 3693 1204 3752 Grecensis
1227 3693 1266 3750 de
1290 3694 1374 3749 iuxta
1397 3691 1452 3748 Za·

185 3797 338 3869 grabiam,
354 3799 440 3855 cuius
464 3799 547 3856 cives
570 3805 600 3856 et
623 3800 830 3858 communitas
855 3800 1126 3873 predecessoribus
1145 3798 1256 3857 nostris
1280 3799 1405 3870 regibus
1422 3803 1451 3854 et

184 3917 281 3976 regno
303 3908 410 3963 nostro
441 3906 607 3978 Hungarie,
639 3920 674 3962 ac
705 3906 769 3964 eius
800 3922 887 3964 sacre
918 3922 1030 3964 corone
1062 3921 1186 3979 semper
1208 3905 1326 3977 integra
1351 3911 1452 3961 mente

184 4008 303 4081 fideles,
326 4016 360 4069 ut
384 4011 521 4070 veridico
550 4013 725 4070 testimonio
753 4012 908 4082 docemur,
928 4014 1065 4086 primum
1083 4011 1158 4085 ipsis
1182 4011 1451 4084 predecessoribus

183 4117 297 4174 nostris
320 4117 448 4191 regibus
471 4122 502 4176 et
524 4117 651 4177 tandem
666 4119 757 4176 nobis
772 4119 804 4177 in
820 4120 914 4176 rebus
933 4119 1063 4176 diversis
1086 4125 1114 4175 et
1139 4116 1333 4175 multimodis
1350 4116 1451 4173 diver-

182 4220 309 4279 sitatum
325 4228 356 4279 et
371 4236 555 4295 guerrarum
570 4229 711 4297 tempore
723 4223 801 4280 adeo
817 4229 991 4282 constanter
1007 4224 1223 4293 exhibuerunt,
1248 4230 1281 4280 ut
1304 4222 1450 4296 quamvis

183 4327 289 4401 sepius
311 4343 330 4384 a
356 4329 514 4386 nonnullis
545 4331 659 4403 pravis,
683 4331 784 4403 regios
815 4331 947 4388 honores
978 4345 1013 4387 ac
1047 4336 1162 4387 statum
1193 4328 1451 4402 persequentibus

183 4433 268 4504 viris,
300 4434 553 4508 impugnaciones
577 4437 736 4511 pessimas,
766 4435 902 4511 dampna
934 4452 1047 4507 rerum,
1081 4435 1220 4508 pericula
1246 4449 1451 4508 personarum

185 4554 222 4597 ac
244 4540 323 4598 alias
345 4540 493 4599 adversas
518 4542 709 4601 calamitates
732 4551 762 4601 et
778 4544 893 4600 multas
909 4544 1036 4601 iniurias
1057 4542 1255 4617 susceperint,
1279 4556 1451 4614 numquam

183 4651 288 4705 tamen
310 4662 330 4704 a
351 4663 425 4706 vere
453 4647 527 4706 fidei
557 4649 667 4707 semita
698 4650 851 4708 visisunt
883 4650 1030 4720 deviasse,
1064 4649 1117 4718 sed
1141 4665 1178 4707 eo
1201 4649 1315 4707 clarior
1340 4662 1450 4707 eorum

182 4750 261 4811 fides
282 4754 387 4824 evasit,
411 4769 474 4827 quo
495 4754 694 4812 incommoda
709 4757 844 4830 suscepit
859 4758 1012 4830 graviora.
1036 4756 1309 4815 consideravimus
1326 4769 1451 4829 quoque

181 4873 244 4918 non
269 4874 383 4933 parvas
407 4876 557 4934 expensas
580 4862 722 4935 ipsorum
745 4862 862 4920 civium
884 4868 915 4921 et
938 4863 1072 4921 civitatis
1091 4864 1237 4938 predicte,
1261 4878 1337 4937 quas
1354 4863 1449 4921 iidem

183 4978 242 5041 pro
265 4967 486 5026 conservandis
517 4968 625 5026 castris
648 4969 736 5042 regni
758 4970 858 5028 nostri
880 4969 979 5028 Boane
1003 4970 1062 5029 hiis
1085 4970 1281 5045 temporibus
1310 4985 1369 5045 pro
1395 4971 1449 5028 ho-

1344 5071 1361 5108 8
