3278 5348
184 438 222 498 16
612 434 683 490 Doc.
708 441 753 508 17.
779 462 819 475 -
844 431 900 489 An.
924 443 1014 511 1413.

1267 532 1437 541 -————

181 652 345 711 bendarios
368 657 525 726 presentes
548 656 578 707 et
600 649 722 707 futuros
745 648 827 706 dicta
849 647 953 719 gracia
972 662 1027 704 seu
1051 644 1171 703 indulto
1200 660 1236 701 ac
1255 645 1441 703 concessione

180 758 412 828 inviolabiliter,
435 763 469 813 ut
492 757 700 829 premittatur,
723 754 882 828 gratulari.
905 752 939 811 In
964 752 1050 810 cuius
1081 752 1128 809 rei
1157 751 1347 808 memoriam
1377 765 1441 823 pre·

181 871 282 922 sentes
306 864 424 921 litteras
447 869 567 921 nostras
589 862 695 934 sigillo
718 867 824 919 nostro
849 858 1030 933 pontificali,
1055 872 1118 930 quo
1134 858 1262 929 utimur,
1278 857 1444 922 roboratas,

182 969 299 1027 eisdem
323 968 538 1041 prebendariis
562 966 709 1024 duximus
739 963 957 1023 concedendas.
988 964 1106 1021 Datum
1135 962 1288 1035 Zagrabie
1320 962 1445 1020 sabbato

183 1075 329 1150 proximo
352 1081 423 1147 post
446 1073 558 1131 testum
583 1072 780 1131 visitacionis
804 1070 934 1143 virginis
963 1069 1107 1141 gloriose.
1131 1070 1221 1125 Anno
1245 1066 1366 1125 domini
1381 1066 1445 1123 mil·

183 1182 296 1240 lesimo
319 1180 624 1253 quadringentesimo
646 1194 734 1236 nono.

288 1319 312 1366 E
331 1322 490 1380 transumpto
509 1331 565 1365 ven.
585 1313 692 1378 capituli
710 1310 1215 1378 ragrab.sactoaun01520.1narchivo
1235 1307 1357 1359 eiusdem
1374 1307 1447 1375 Capi·

183 1405 239 1458 ruli.
260 1407 321 1457 Act.
341 1421 395 1470 cap.
416 1412 468 1456 ant.
488 1405 549 1455 fasc.
570 1403 611 1467 76.
631 1419 668 1455 nr.
689 1416 730 1465 34.
801 1474 805 1481 .

289 1725 370 1772 Anno
395 1734 469 1784 1413,
489 1722 512 1772 6.
533 1720 630 1785 aprilis.
650 1719 826 1785 Kapronchae

187 1851 327 1908 Barbara
342 1850 584 1920 Huagariacatc.
597 1849 710 1926 regma,
730 1847 946 1922 &stiriensium
969 1846 1199 1919 zagrabiensium
1212 1845 1314 1902 abbati
1324 1845 1453 1915 mandat,

190 1965 224 2013 at
234 1957 377 2031 possessio
413 1935 561 2011 Crat-otok
593 1954 746 2011 secundam
777 1953 944 2026 legationem
977 1952 1221 2011 testamentariam
1257 1951 1454 2009 tantummodo

323 2060 383 2119 ciui
404 2061 519 2117 cuilibet
538 2060 725 2132 zagrabiensi
745 2060 902 2117 arendatar
923 2067 951 2116 et
971 2060 1001 2115 in
1018 2059 1142 2133 feudum
1165 2057 1312 2117 tradatur.

870 2216 1023 2264 Commissio
1042 2216 1145 2280 propria
1163 2215 1266 2264 domine
1285 2216 1383 2279 regine.

292 2329 428 2386 Barbara
452 2328 502 2385 dei
524 2329 628 2401 gracia
651 2328 863 2385 Romanorum
887 2343 923 2384 ac
948 2328 1106 2399 Hungarie
1129 2332 1184 2384 etc.
1209 2327 1325 2399 regina.
1352 2325 1455 2384 Fideli

188 2451 244 2492 suo
267 2434 414 2506 religioso
439 2435 507 2491 viro
530 2434 657 2492 domino
678 2433 767 2491 fratri
783 2434 890 2491 abbati
907 2434 1086 2491 monasterii
1103 2432 1192 2490 beate
1209 2432 1306 2489 Marie
1322 2432 1456 2506 virginis

187 2541 225 2597 de
249 2541 398 2612 Zagrabia
434 2540 566 2597 salutem
601 2546 631 2596 et
664 2540 808 2612 graciam.
843 2540 925 2597 Dicit
960 2540 1049 2596 nobis
1074 2538 1176 2596 tidelis
1201 2544 1306 2595 noster
1330 2538 1452 2612 Petrus,

187 2647 285 2704 dictus
309 2645 438 2720 Saphar,
463 2646 554 2703 iudex
578 2647 711 2703 civitatis
735 2652 838 2704 nostre
872 2646 986 2703 montis
1021 2644 1183 2704 Grecensis
1220 2643 1258 2701 de
1292 2643 1455 2717 Zagrabia,

186 2767 241 2809 sua
265 2768 301 2809 ac
323 2754 543 2809 universorum
568 2753 682 2809 civium
707 2759 737 2809 et
760 2753 920 2825 hospitum
944 2753 1025 2811 dicte
1046 2753 1180 2811 civitatis
1210 2756 1314 2808 nostre
1349 2767 1456 2825 zagra-

187 2860 301 2916 biensis
324 2860 355 2915 in
380 2860 527 2932 personis,
554 2859 712 2930 quomodo
736 2858 855 2916 dudum
873 2859 1001 2931 quidam
1017 2860 1153 2917 concivis
1170 2873 1277 2915 eorum
1295 2858 1456 2930 quandam

187 2965 321 3022 insulam
356 2965 478 3023 Cherno
514 2966 610 3023 otholr
648 2973 801 3037 vocatam,
836 2968 868 3024 in
900 2967 1055 3024 territorio
1087 2965 1167 3024 dicte
1191 2966 1324 3023 civitatis
1348 2973 1456 3024 nostre

188 3071 377 3142 existentem,
403 3072 505 3130 taliter
527 3071 606 3129 dicte
630 3072 758 3129 ecclesie
790 3074 878 3130 beate
909 3073 1005 3130 llarie
1037 3072 1166 3145 virginis
1197 3072 1456 3130 testamentaliter

187 3178 360 3249 legavisset,
385 3183 418 3234 ut
442 3179 573 3235 abbates
597 3179 676 3235 dicte
700 3180 827 3236 ecclesie
851 3194 909 3252 pro
932 3186 1072 3252 tempore
1096 3177 1252 3235 constituti
1276 3178 1387 3236 eadem
1410 3181 1457 3238 in·

187 3284 256 3341 sula
280 3285 405 3358 ipsimet
429 3292 596 3355 uterentur,
621 3287 671 3342 vel
695 3287 721 3343 si
752 3286 846 3342 alicui
877 3287 994 3344 vellent
1027 3284 1187 3354 arendare,
1218 3285 1335 3343 nemini
1365 3286 1459 3346 alteri

189 3396 389 3464 preterquam
413 3392 466 3447 uni
489 3408 526 3447 ex
551 3392 672 3448 civibus
696 3391 775 3449 dicte
807 3393 942 3450 civitatis
972 3399 1076 3449 nostre
1107 3390 1225 3464 possint
1256 3399 1286 3450 et
1321 3391 1458 3450 debeant

189 3497 220 3552 in
244 3495 371 3553 feudum
395 3496 517 3554 tradere
540 3503 568 3554 et
592 3498 754 3567 arendare;
779 3514 859 3556 nunc
884 3513 958 3557 vero
981 3514 1038 3556 vos
1062 3500 1164 3572 ipsam
1188 3500 1323 3558 insulam
1347 3505 1456 3557 contra

191 3601 378 3674 premissam
412 3605 674 3661 testamentariam
707 3605 898 3677 legacionem
927 3606 1105 3663 honorabili
1135 3607 1204 3664 viro
1236 3606 1363 3664 domino
1391 3604 1457 3664 Ste-

189 3707 293 3780 phano
316 3707 456 3766 Farkasii
480 3712 625 3768 canonico
649 3712 776 3769 ecclesie
799 3714 1005 3785 zagrabiensis
1028 3712 1232 3771 arendassetis
1256 3714 1286 3771 in
1318 3713 1458 3787 preludi-

190 3812 274 3869 cium
314 3819 343 3869 et
378 3813 549 3888 dampnum
585 3816 726 3890 ipsorum
763 3820 879 3875 civium
914 3825 944 3876 et
977 3819 1137 3892 hospitum
1171 3820 1265 3877 valde
1298 3835 1457 3894 magnum.

195 3918 297 3990 Quare
320 3918 463 3976 fidelitati
488 3927 589 3977 vestre
613 3922 792 3980 firmissime
815 3925 1006 3997 precipimus
1031 3931 1061 3982 et
1083 3924 1276 3991 mandamus,
1306 3931 1459 3998 quatenus

191 4026 285 4081 rebus
309 4025 352 4082 sic
376 4042 407 4082 se
431 4027 625 4098 habentibus,
651 4029 803 4101 prefatam
835 4032 968 4088 insulam
993 4048 1050 4104 per
1083 4047 1147 4102 vos,
1172 4040 1206 4090 ut
1228 4032 1348 4102 dicitur,
1374 4031 1457 4090 dicto

189 4129 346 4204 Stephano
368 4132 505 4190 Farkasii
529 4134 716 4205 arendatam‚
741 4136 914 4193 abeodem
939 4136 1096 4212 Stephano
1125 4136 1265 4196 Farkasii
1293 4153 1458 4197 removere

190 4242 219 4293 et
242 4237 295 4293 uni
317 4253 354 4294 ex
377 4238 466 4295 dictis
490 4240 610 4297 civibus
634 4243 746 4299 nostris
771 4241 850 4299 dicte
874 4244 1007 4301 civitatis
1032 4250 1134 4302 nostre
1165 4243 1335 4303 secundum
1371 4244 1458 4318 quod

190 4356 269 4414 opus
293 4350 338 4400 est
361 4350 391 4400 et
413 4350 602 4416 oportunum
625 4348 773 4406 arendare
794 4356 823 4406 et
847 4350 877 4406 in
910 4349 1040 4407 feudum
1075 4351 1197 4408 tradere
1231 4350 1370 4410 debeatis
1404 4352 1458 4410 vel

190 4455 312 4506 vosmet
335 4449 442 4506 eadem
458 4451 582 4508 utimini
597 4453 766 4511 secundum
783 4456 968 4528 premissam
985 4458 1248 4515 testamentariam
1264 4458 1458 4530 legacionem

191 4561 221 4610 et
244 4553 499 4628 disposicionem;
523 4557 626 4629 quisi
649 4558 781 4617 feceritis
804 4562 882 4619 bene
906 4562 1041 4634 quidem,
1072 4548 1212 4636 a'lioquin
1241 4563 1458 4623 commisimus

192 4665 224 4717 et
247 4662 326 4719 serie
348 4664 543 4735 presencium
567 4663 700 4722 firmiter
723 4668 947 4727 committimus
971 4669 1057 4727 fideli
1088 4675 1194 4728 nostro
1222 4669 1396 4730 reverendo
1425 4671 1460 4730 in

192 4765 317 4824 Christo
352 4770 432 4840 patri
467 4769 592 4828 domino
628 4771 809 4831 Eberhardo
845 4776 993 4849 episcopo
1028 4776 1230 4848 zagrabiensi,
1266 4776 1338 4834 aule
1371 4778 1459 4852 regie

192 4871 361 4931 maiestatis
384 4889 531 4950 sumpmo
555 4877 748 4951 cancellario,
773 4885 806 4937 ut
829 4880 896 4954 ipse
919 4882 996 4939 scita
1019 4882 1104 4955 prius
1128 4896 1214 4941 mera
1231 4887 1262 4942 et
1275 4884 1460 4944 omnimoda
