3278 5348
185 445 227 504 94
614 425 818 501 111173.-
845 423 901 481 An.
924 437 1015 502 1434.

184 643 373 715 exemplum,
397 639 522 698 eosdem
544 638 680 715 judicem
704 656 740 699 11
762 638 879 716 juratos
902 646 932 696 et
955 644 1073 697 ceteros
1096 640 1180 697 cives
1202 654 1261 713 pro
1292 639 1453 715 premissis

184 761 291 805 eorum
315 747 436 804 actibus
460 746 664 819 potenciariis‚
688 763 745 821 per
767 747 860 820 ipsos,
884 743 980 803 modo
1003 759 1066 818 quo
1088 759 1192 819 supra,
1216 743 1404 816 commissis,
1419 745 1453 803 in

185 851 273 910 iactis
295 852 444 926 potencie,
468 867 506 909 ex
537 866 636 925 eoque
667 852 699 910 in
732 857 855 910 centurn
888 851 1000 908 marcis
1034 849 1235 908 denariorum
1266 850 1298 908 in
1331 850 1453 909 duabus

184 959 327 1033 partibus
350 958 448 1028 nobis,
472 965 502 1014 et
526 958 620 1016 tercia
644 964 739 1032 parte,
772 958 854 1031 parti
884 956 1014 1014 adverse
1044 955 1269 1030 persolvendis,
1294 957 1454 1014 convictos

185 1064 251 1123 fore
274 1064 499 1122 committimus
522 1072 615 1136 atque
637 1071 824 1137 aggravatos
847 1063 1028 1120 auctoritate
1061 1067 1165 1119 nostra
1193 1058 1358 1135 judiciaria
1391 1078 1454 1120 me

184 1169 297 1229 diante.
323 1171 438 1228 Datum
462 1169 621 1241 Zagrabic.
645 1168 779 1227 secundo
802 1168 852 1226 die
874 1169 996 1226 termini
1028 1167 1193 1241 prenotati.
1218 1169 1308 1226 Anno
1332 1167 1454 1226 domiai

185 1276 355 1334 millesimo
378 1274 683 1349 quadringentesimo
706 1276 862 1333 tricesimo
886 1281 1008 1347 quarto.

290 1411 423 1474 Originale
442 1411 469 1460 in
488 1411 584 1462 charta.
605 1413 636 1459 ln
655 1411 769 1473 margine
787 1410 903 1459 inferiori
924 1412 1076 1475 impressum
1103 1418 1149 1473 est¹
1169 1411 1291 1474 sigillum.
1321 1412 1354 1459 In
1383 1410 1452 1467 arch,

184 1518 243 1553 ven,
264 1502 347 1565 Capit.
367 1501 468 1563 zagrab.
488 1502 550 1551 Act.
571 1502 633 1565 (Jap.
653 1508 704 1551 ant.
724 1501 784 1551 fasc.
808 1513 847 1551 10.
868 1516 904 1551 nr.
928 1513 967 1551 11.

790 1712 848 1779 73.

289 1855 370 1903 Anno
393 1867 466 1917 1434,
487 1858 501 1899 11
528 1854 603 1917 Julii.
624 1854 771 1917 Zagrnbine.

178 1982 341 2057 lohannes,
370 1981 584 2040 (iitercensr'um
607 1981 724 2051 zqqruh.
748 1980 847 2055 trabas,
884 1979 1068 2057 Rurlolplemn
1092 1981 1232 2038 Albcnum
1255 2000 1275 2036 a
1299 2001 1329 2040 se
1352 1985 1384 2042 in
1399 1981 1456 2063 jus

183 2107 240 2145 esse
263 2097 400 2149 1111111111,
422 2088 493 2161 prtia
509 2087 661 2162 solicitatis
683 2087 789 2143 Albani
808 2088 928 2161 episcopt
959 2087 1082 2160 legatum
1113 2088 1243 2146 ecclesiae
1265 2091 1457 2163 aagrabieasi

450 2212 507 2251 aton
530 2194 655 2262 solverit,
686 2194 813 2265 Georgia
836 2193 1045 2266 archiepiscopo
1067 2196 1192 2252 1111111111.

290 2337 559 2394 Reverendissimo
590 2338 622 2394 in
654 2337 779 2394 Christo
811 2339 893 2412 patri
923 2344 954 2395 et
987 2337 1123 2409 domino,
1156 2337 1282 2396 domino
1316 2338 1455 2413 Georgio

183 2446 384 2503 miseracione
408 2444 513 2501 divina
536 2445 770 2518 archiepiscopo
793 2445 997 2516 strigoniensi,
1029 2445 1153 2517 locique
1183 2444 1324 2503 eiusdem
1347 2447 1454 2504 comiti

183 2558 344 2625 perpetuo,
368 2552 495 2623 primati
518 2557 547 2608 et
571 2552 741 2624 apostolice
764 2551 845 2608 sedis
866 2553 968 2625 legato
992 2556 1073 2621 nato,
1095 2551 1222 2609 domino
1238 2556 1268 2609 et
1292 2554 1377 2625 patri
1393 2553 1454 2611 sibi

182 2658 355 2730 plurimum
380 2657 570 2729 honorando,
595 2658 691 2714 111111
715 2655 876 2741 Johannes,
901 2656 1144 2716 divinafavente
1160 2659 1329 2716 clemencia
1354 2660 1454 2717 abbas

183 2764 363 2821 monasterii
388 2762 476 2820 beate
500 2765 597 2821 Marie
620 2764 749 2835 virginis
773 2763 811 2820 de
834 2763 996 2833 Zagrabia,
1020 2770 1165 2821 executor
1189 2764 1227 2821 ad
1252 2764 1451 2840 infrascripta

182 2872 291 2926 unicus
313 2871 430 2927 electus
453 2874 484 2928 et
506 2870 681 2944 deputatus,
705 2872 903 2928 oracionibus
926 2871 1048 2928 devotis
1071 2872 1102 2928 in
1125 2871 1249 2929 Christo
1278 2871 1376 2954 jhesu
1408 2869 1453 2946 ju·

182 2977 262 3047 giter
287 2976 467 3049 preoblatis.
486 2977 615 3034 Litteras
641 2985 740 3034 vestre
763 2979 797 3034 n.
822 2978 854 3034 P.
880 2979 1036 3035 citatorias
1060 2993 1118 3051 pro
1142 2984 1230 3050 parte
1254 2978 1453 3035 honorabilis

183 3083 311 3156 capituli
335 3083 462 3139 ecclesie
486 3085 692 3154 zagrabiensis
716 3090 821 3140 contra
843 3084 982 3140 nobilem
997 3083 1171 3140 Rodolium
1195 3083 1235 3140 de
1252 3083 1355 3140 Alben
1375 3084 1455 3142 alias

183 3188 221 3244 de
245 3189 432 3245 Medn'ewar
455 3189 608 3246 confectas
632 3198 661 3246 et
684 3196 841 3246 emanatas
865 3197 967 3247 vestre
991 3190 1025 3246 R.
1052 3190 1082 3246 P.
1106 3190 1213 3262 sigillo
1244 3190 1359 3248 minori
1383 3207 1454 3249 con·

182 3296 325 3366 signatas,
349 3297 505 3369 michique
537 3313 593 3368 per
624 3298 783 3368 egregium
815 3297 918 3354 virum
950 3296 1112 3354 dominum
1135 3297 1308 3379 johannem
1349 3297 1455 3357 decre·

183 3407 285 3459 torum
310 3402 479 3473 doctorem,
504 3403 755 3460 archidiaconum
780 3402 817 3458 de
843 3403 1000 3459 vrbowch
1026 3408 1056 3460 11
1079 3404 1260 3461 canonicum
1292 3403 1375 3461 dicte
1406 3420 1454 3463 za·

182 3509 353 3579 grabieusis
385 3496 523 3580 ecclesie,
558 3509 735 3566 nominibus
767 3517 797 3564 11
828 3509 858 3564 in
890 3508 1029 3582 personis
1063 3507 1265 3567 dominorum
1300 3509 1338 3566 de
1371 3510 1455 3569 dicto

183 3613 321 3686 capitulo
344 3615 536 3685 zagrabiensi
560 3616 713 3672 exhibitas
746 3624 775 3670 et
812 3621 1002 3687 presentatas
1036 3631 1107 3672 curn
1140 3617 1225 3673 omni
1256 3630 1318 3688 qua
1351 3616 1456 3676 decuit

182 3720 358 3775 reverencia
394 3729 423 3777 et
458 3720 638 3777 obediencia
672 3722 790 3793 recepi,
827 3737 904 3792 quas
940 3729 1041 3778 vestre
1070 3722 1104 3780 R.
1130 3722 1159 3780 P.
1192 3723 1226 3779 in
1256 3723 1456 3795 presentibus

183 3824 211 3880 in
245 3825 346 3896 specie
382 3825 457 3882 duxi
495 3827 763 3895 transmittendas;
788 3843 921 3899 quarum
958 3834 1045 3884 tenor
1076 3829 1121 3885 sic
1152 3828 1275 3903 incipit:
1300 3828 1456 3903 Georgius

182 3931 382 3987 miseracione
426 3930 530 3988 divina
575 3933 826 4005 archiepiscopus
870 3934 1100 4006 strigoniensis,
1146 3935 1269 4008 locique
1314 3935 1455 3994 eiusdem

182 4051 285 4093 coines
309 4045 486 4110 perpetuus,
518 4038 635 4110 primas
671 4046 700 4094 11
735 4041 906 4112 apostolice
940 4040 1021 4097 sedis
1045 4041 1165 4113 legatus
1195 4044 1292 4098 natus.
1330 4040 1457 4100 Dilecto

182 4144 272 4199 nobis
303 4144 333 4200 111
358 4144 481 4200 Christo
510 4145 680 4200 venerabili
707 4157 736 4201 11
761 4145 907 4217 religioso
949 4147 1015 4203 viro
1055 4145 1182 4204 domino
1220 4145 1309 4204 fratri
1344 4149 1457 4207 abbati

182 4251 360 4306 monasterii
385 4251 472 4307 beate
497 4252 625 4323 virginis
654 4251 691 4307 de
723 4251 873 4324 Zagrabia
905 4254 1038 4309 salutem
1077 4246 1119 4329 (et
1145 4252 1361 4311 obedienciam
1385 4270 1455 4314 nos·

183 4347 249 4430 tris)
280 4355 379 4412 imino
410 4357 511 4413 verius
543 4358 741 4414 sacratissimi
775 4358 947 4415 basiliensis
983 4359 1103 4415 concilii
1129 4357 1290 4417 mandatis.
1321 4360 1457 4420 Litteras

182 4459 318 4517 eiusdem
337 4461 509 4519 basiliensis
526 4458 662 4540 (concilii
675 4480 730 4537 per
744 4458 973 4542 honorabilem)
990 4467 1093 4523 virum
1106 4465 1268 4523 dominum
1281 4465 1456 4541 Georgium

182 4564 220 4621 de
258 4566 445 4636 ltoravcha,
481 4569 662 4625 canonicum
697 4570 824 4626 ecclesie
848 4571 1064 4642 zagrabiensis,
1094 4580 1330 4645 procuratorem
1364 4574 1457 4649 legit·

184 4672 293 4727 timum
327 4673 513 4731 venerabilis
544 4675 673 4746 capituli
707 4677 914 4747 zagrabiensis
939 4683 1078 4751 ternpore
1102 4686 1132 4736 11
1154 4679 1224 4736 1010
1246 4676 1458 4756 infrascriptis

184 4784 372 4849 presentatas
405 4794 461 4836 nos
483 4774 581 4858 (omni
612 4796 647 4837 ea
678 4774 751 4857 qua)
782 4781 885 4841 decuit
915 4784 1091 4841 reverencia
1121 4784 1271 4843 noveritis
1300 4787 1457 4860 recepisse

183 4878 225 4961 (in
249 4884 305 4941 1111
329 4878 452 4962 111111);
484 4884 684 4945 Sacrosancta
713 4889 866 4959 generalis
897 4888 1033 4961 synodus
1066 4889 1248 4960 Basiliensis,
1279 4890 1311 4949 in
1340 4893 1457 4967 spiritu
