3278 5348
613 398 687 459 Doc.
709 408 760 474 95.
787 428 823 439 -
852 396 906 454 An.
931 396 1021 473 1436·
1386 413 1442 457 ιιι

189 615 341 677 ttcactone
363 622 394 676 et
415 616 574 675 solucione
590 614 671 674 dicte
695 618 764 672 taxe
780 614 952 688 imperialis
971 613 1137 671 maiestatis
1159 612 1344 683 absentasse,
1367 628 1450 670 rece·

187 726 301 799 pissent
317 725 378 783 soli
401 724 583 781 auctoritate
606 720 724 780 domini
742 719 825 778 Petri
840 720 982 794 preventi
998 726 1027 777 et
1039 719 1078 776 ad
1094 734 1186 777 usum
1210 734 1301 775 suum
1323 732 1451 775 conver·

187 830 297 890 iissent.
321 829 424 905 Super
446 830 560 903 quibus
582 828 729 887 omnibus
751 827 920 902 premissis,
944 827 1004 900 ipsi
1028 827 1111 884 cives
1135 825 1296 899 pecierunt
1319 840 1374 898 per
1395 838 1450 881 nos

183 937 351 1013 superinde
373 937 434 995 sibi
457 935 526 994 dari
549 934 669 993 litteras
702 914 832 1001 nostras,
867 948 945 1007 quas
981 932 1098 991 eisdem
1136 931 1343 990 concessimus
1366 944 1450 988 com·

182 1045 269 1103 muni
293 1040 416 1121 justicia
438 1042 601 1101 mediante
624 1042 740 1099 Datum
772 1039 847 1098 feria
882 1040 1016 1098 secunda
1047 1040 1191 1114 proxima
1226 1043 1297 1111 post
1336 1037 1449 1095 testum

178 1147 271 1208 beate
295 1148 486 1208 Scholastice
510 1149 639 1221 virginis
663 1153 693 1205 et
715 1147 860 1205 martIris.
895 1149 985 1204 Anno
1019 1145 1139 1205 domini
1169 1145 1339 1203 millesimo
1376 1158 1450 1217 qua-

175 1254 424 1329 dringentesimo
448 1255 604 1314 tricesimo
626 1261 721 1313 sexto,
951 1251 960 1265 '

289 1387 424 1454 Origiuule
442 1390 470 1440 iu
488 1390 576 1439 charta
594 1396 633 1439 sat
645 1405 758 1442 exesum.
776 1390 861 1455 Tergo
875 1390 1027 1456 impressum
1040 1398 1080 1440 est
1093 1389 1215 1455 sigillum.
1234 1391 1266 1438 In
1279 1387 1374 1441 archiv.
1389 1387 1450 1439 iucl.

173 1481 268 1533 Aeno.
287 1481 384 1554 scient
398 1480 496 1533 Slavor.
515 1480 606 1530 merid.

789 1692 850 1759 95.

292 1780 373 1830 Auno
394 1781 469 1846 1436.

247 1905 385 1988 Injutrirc
406 1928 426 1966 a
448 1909 575 1988 capr'trrle
597 1905 719 1981 zagrab.
743 1907 851 1966 cr'vr'bus
872 1907 1061 1967 Grccensr'bus
1082 1909 1193 1979 illatae,
1215 1909 1390 1979 referuntur.

289 2054 376 2124 Item,
399 2054 431 2112 tn
452 2067 534 2111 anno
557 2051 675 2111 domini
699 2051 869 2110 millesimo
892 2051 1139 2125 CCCCXXXVI,
1163 2057 1303 2126 tempore
1324 2051 1451 2111 secundi

183 2159 338 2240 judicatus
360 2159 473 2235 prefati
495 2159 577 2218 Petri
600 2156 719 2235 judicis,
743 2157 861 2231 Symon
880 2158 1025 2218 officialis
1047 2175 1100 2218 seu
1126 2158 1219 2218 iudex
1235 2160 1366 2233 cap'rtuli
1381 2174 1451 2232 pre·

184 2268 258 2329 dicti
281 2283 355 2326 cum
378 2266 587 2325 familiaribus
608 2266 672 2324 suis
693 2282 731 2323 ex
754 2265 973 2324 commissione
996 2273 1026 2323 et
1049 2266 1212 2324 voluntate
1235 2266 1366 2339 capituli
1381 2279 1450 2339 pre·

184 2372 289 2446 notati,
313 2371 481 2447 quemdam
505 2372 607 2431 civem
629 2372 764 2430 civitatis
787 2371 925 2445 predicte
947 2373 1072 2431 nomine
1095 2374 1262 2431 MartInum
1286 2372 1449 2443 cultorem,

184 2480 303 2540 dictum
326 2478 443 2551 Chuclr,
466 2481 498 2537 in
520 2477 641 2537 lroucha
659 2493 721 2556 ,sua
752 2478 833 2536 clrca
857 2479 980 2536 vineam
1004 2479 1103 2552 ipsius
1132 2480 1230 2537 noctis
1261 2479 1293 2537 in
1323 2478 1450 2537 silencio

184 2587 349 2658 existentis,
372 2586 517 2669 manibus
540 2590 571 2642 et
593 2585 721 2643 armatis
744 2593 775 2643 et
797 2581 994 2659 potenciariis
1025 2585 1208 2656 invadendo,
1240 2584 1315 2643 diris
1346 2590 1376 2643 et
1407 2584 1451 2641 le·

184 2693 322 2753 thalibus
345 2692 512 2750 verberum
533 2707 569 2749 ac
584 2691 754 2750 vulnerum
770 2692 872 2766 plagis
888 2693 999 2764 affecIt,
1016 2694 1157 2766 potencia
1176 2692 1338 2763 mediante,
1355 2690 1450 2748 nullis

183 2800 284 2875 culpis
319 2799 623 2872 suis-exigentibus,
654 2799 759 2872 ipsum
792 2770 989 2857 semivivum
1017 2798 1231 2872 relinquendo.
1255 2798 1323 2856 Lite
1346 2804 1450 2856 tamen

184 2904 264 2965 inter
285 2907 369 2964 cives
393 2911 423 2963 et
445 2906 619 2980 capitulum
643 2906 803 2981 pendente.
943 2905 944 2909 ’

288 3031 376 3101 Item,
398 3030 593 3088 honorabilis
617 3031 665 3088 vir
688 3030 832 3088 dominus
855 3031 1011 3103 Georgius
1028 3031 1068 3089 de
1085 3031 1270 3101 Marowcha,
1287 3031 1450 3088 canonicus

183 3137 310 3196 ecclesie
333 3137 548 3209 zagrabiensis‚
572 3152 651 3194 anno
674 3136 818 3194 similiter
841 3140 984 3210 presenti,
1009 3139 1090 3196 clrca
1114 3138 1228 3195 testum
1259 3138 1450 3195 invencionis

184 3250 285 3301 sancte
309 3242 427 3313 Crucis,
443 3259 524 3300 nunc
549 3243 690 3316 proxime
712 3245 903 3317 preterItum
928 3260 1025 3302 unum
1055 3260 1171 3319 equum
1195 3243 1356 3301 cuiusdam
1379 3258 1450 3301 con·

184 3350 260 3409 civis
295 3350 394 3408 nostri
428 3348 549 3407 Nicolai
584 3350 616 3406 ln
645 3350 768 3423 pascuis
803 3358 970 3423 repertum,
1004 3351 1043 3408 ad
1067 3368 1100 3408 se
1118 3351 1238 3425 recepit
1262 3357 1292 3408 et
1314 3352 1395 3409 circa
1417 3367 1450 3407 se

183 3457 289 3515 tandiu
313 3455 419 3527 tenuit,
440 3471 539 3528 usque
562 3471 752 3529 supereum
776 3456 946 3515 familiares
969 3474 1041 3515 suos
1063 3458 1208 3532 proprios
1232 3458 1303 3514 hinc
1326 3464 1356 3515 et
1378 3456 1450 3515 inde

183 3578 241 3636 pro
265 3562 355 3621 factis
378 3568 408 3619 et
429 3563 609 3621 necessariis
633 3564 698 3620 suis
722 3563 912 3635 destInando,
929 3565 1122 3622 voluntatem
1141 3580 1228 3622 suam
1246 3564 1433 3639 adimplevit
1441 3583 1448 3634 ;

183 3686 239 3728 nec
262 3668 396 3727 eundem
419 3669 510 3726 nobis
533 3677 586 3727 aut
608 3670 668 3744 ipsi
693 3671 813 3728 concivi
837 3677 943 3728 nostro
968 3672 1085 3745 pluries
1109 3672 1279 3747 postulanti
1295 3670 1448 3745 usquead

183 3776 397 3850 explecionem
423 3791 477 3832 sue
500 3776 669 3834 voluntatis
692 3777 822 3834 reddere
845 3779 968 3851 penitus
991 3780 1120 3849 curavit,
1144 3778 1174 3836 in
1191 3778 1397 3852 preiudicium
1420 3784 1450 3836 et

183 3880 356 3957 dampnum
379 3880 454 3940 dicti
477 3883 613 3940 concivis
633 3884 737 3954 nostri,
754 3891 993 3957 nostrorumque
1017 3884 1148 3942 dedecus
1171 3884 1264 3943 valde
1288 3887 1404 3958 ingens.

287 4007 365 4063 Item
388 4010 556 4081 postremo,
581 4006 654 4065 dicti
677 4007 796 4065 domIni
820 4007 858 4065 de
882 4010 1020 4083 capitulo
1045 4026 1100 4083 per
1122 4017 1223 4068 certos
1246 4011 1396 4069 officiales
1420 4016 1450 4067 et

181 4110 323 4169 homiues
359 4112 500 4185 ipsorum
535 4113 565 4170 in
602 4114 679 4170 turri
716 4113 836 4187 prelata
871 4115 951 4172 clrca
982 4115 1094 4173 festum
1119 4116 1207 4173 beate
1231 4119 1318 4175 Anne
1342 4116 1449 4174 matris

180 4216 311 4291 uirginis
334 4217 502 4290 benedicte,
530 4219 638 4294 plures
660 4226 691 4277 et
713 4221 959 4279 innumerabiles
983 4223 1123 4280 homines
1158 4223 1288 4280 detineri
1321 4228 1351 4279 et
1382 4223 1449 4279 vin·

181 4323 260 4381 culis
282 4325 454 4398 mancipari
477 4324 613 4383 fecerunt
638 4326 668 4383 in
693 4326 902 4400 preiudicium
926 4333 956 4384 et
987 4328 1260 4402 villipendenciam
1295 4328 1448 4385 libertatis

180 4436 210 4488 et
230 4428 457 4506 jurisdiccionis
481 4432 615 4490 ciuitatis
639 4438 804 4506 prenotate.

285 4584 475 4635 Documentum
494 4584 698 4637 tmnsactionale.
719 4588 751 4637 In
769 4586 865 4640 archiv.
885 4604 941 4639 ven.
962 4589 1047 4654 Capit.
1066 4588 1167 4653 zagrab.
1188 4587 1249 4637 Act.
1279 4586 1363 4652 Cupit.
1392 4592 1443 4638 out.

179 4674 243 4725 ίικ.
265 4684 307 4725 ιο.
325 4688 363 4723 nr.
385 4672 425 4727 16.
