3278 5348
617 114 690 172 Dor.
713 109 786 189 278.
812 147 852 158 -
875 111 931 172 An.
956 123 1043 192 1472.
1398 127 1459 190 345

192 331 293 391 matis
315 328 513 389 Presentibus
536 328 690 403 perlectis,
713 326 872 393 exhibenti
894 329 1053 388 restitutis.
1076 327 1193 386 Datum
1218 326 1305 387 Bude
1326 328 1459 387 sabbato

191 437 339 512 proximo
361 442 432 495 ante
456 433 571 493 festum
593 434 684 494 beate
707 436 903 510 Margarethe
925 434 1056 508 virginis
1078 438 1109 492 et
1124 434 1270 494 martiris.
1293 435 1384 493 Anno
1407 433 1462 492 do·

191 543 272 602 mini
293 542 462 602 millesimo
486 540 792 616 quadringentesimo
812 541 1040 617 septuagesimo
1069 541 1212 600 secundo.
1242 540 1340 614 Regni
1363 541 1461 600 nostri

190 663 274 708 anno
297 648 536 723 quintodecimo,
559 649 771 706 coronacionis
795 663 871 707 vero
892 662 982 707 nono.

300 783 433 847 Originale
451 784 479 833 in
497 783 594 835 charta.
612 786 644 832 In
662 783 777 848 margine
794 784 911 834 inferiori
929 784 1083 849 impressum
1101 790 1141 833 est
1159 781 1281 848 sigillum.
1300 784 1333 832 In
1345 780 1460 832 archivio

189 871 249 907 ven.
269 854 356 920 Cepit.
374 855 476 920 nagrnb.
495 855 550 906 Act.
571 854 633 920 Csp.
654 862 705 907 ant.
725 855 787 906 fasc.
808 866 833 908 2.
851 871 889 907 nr.
910 866 951 918 37.

788 1049 873 1120 278.

298 1174 380 1224 Anno
405 1186 479 1238 1472,
502 1173 634 1240 15.Jnlii.
653 1174 750 1226 Bndce.

188 1286 337 1355 Mathias,
359 1285 537 1359 Hungatiae
565 1292 615 1355 etc,
644 1303 709 1354 rex,
741 1285 894 1342 Damione
916 1287 1039 1344 Hor-vat
1060 1284 1133 1342 bano
1155 1284 1306 1352 constituit,
1329 1289 1364 1339 ut
1384 1282 1457 1339 cives

189 1377 222 1434 in
253 1373 379 1433 civitatis
402 1372 627 1447 possessionibus
657 1373 797 1431 adversus
826 1392 941 1433 omnncr
970 1374 1113 1444 hommes,
1130 1374 1288 1448 praecipue
1317 1370 1458 1428 adversus

538 1462 669 1519 domnos
692 1463 783 1518 castri
803 1460 936 1521 Medocd
953 1463 1096 1538 defendat.

297 1607 428 1666 Mathias
459 1607 510 1666 dei
541 1607 645 1679 gracia
676 1622 732 1666 rex
761 1606 928 1680 Hungarie,
960 1607 1109 1665 Rohemie
1141 1611 1195 1665 ete.
1227 1605 1327 1664 Fideli
1350 1612 1457 1664 nostro

190 1713 360 1787 magnifico
382 1715 536 1772 Damiano
559 1713 720 1779 Horwath‚
744 1728 914 1785 regnorum
934 1720 1113 1771 nostrorum
1136 1712 1306 1783 Dalmacie‚
1329 1711 1457 1770 Croacie

190 1825 222 1879 et
252 1818 416 1878 Sclanonie
446 1820 537 1892 bano,
567 1820 695 1893 eiusque
726 1820 891 1890 vicebanis,
927 1820 1003 1877 item
1026 1820 1132 1877 comiti
1154 1820 1206 1876 vel
1229 1818 1405 1876 vicecomiti
1427 1823 1457 1875 et

186 1924 345 2003 judicibus
373 1927 529 1985 nobilium
563 1927 727 1984 comitatus
758 1926 974 1999 zagrabiensis,
1006 1927 1140 1983 salutem
1171 1934 1202 1983 et
1233 1925 1379 1997 graciam.
1410 1924 1456 1983 Ex

189 2032 327 2107 querelis
357 2031 501 2091 fidelium
523 2041 703 2091 nostrorum
733 2033 1030 2106 circumspectorum
1056 2032 1173 2091 civium
1197 2032 1330 2090 civitatis
1352 2036 1456 2089 nostre

189 2139 306 2197 montis
337 2137 500 2197 Grecensis
523 2139 745 2210 intelleximus,
769 2139 903 2212 qualiter
932 2139 1076 2197 nonnulli
1107 2137 1207 2196 forent
1230 2153 1268 2196 ex
1290 2137 1456 2210 regnicolis

188 2244 265 2303 dicti
288 2245 377 2318 regni
399 2245 498 2303 nostri
520 2244 691 2316 Sclanonie,
724 2246 777 2318 qui
809 2245 936 2304 eosdem
966 2247 1050 2304 cives
1072 2251 1195 2303 nostros
1222 2245 1254 2303 in
1288 2244 1455 2318 possessio·

187 2352 283 2410 nibus
305 2352 431 2425 iporum
447 2350 587 2424 Dedych,
604 2350 838 2422 Chemomercz,
855 2352 975 2425 Bythek
990 2358 1020 2411 et
1036 2351 1154 2410 Nowalr
1170 2351 1298 2421 vocatis,
1321 2365 1358 2407 ac
1373 2348 1455 2407 vado

188 2457 356 2530 Kyralrevv
386 2463 505 2530 vocato,
537 2458 664 2515 omnino
696 2459 727 2515 in
757 2459 914 2516 territorio
944 2459 1026 2517 dicte
1057 2458 1190 2516 civitatis
1213 2463 1316 2515 nostre
1341 2456 1455 2514 montis

189 2562 354 2622 Grecensis
375 2562 498 2634 habitis,
522 2564 599 2621 alias
626 2580 683 2638 per
705 2565 897 2623 maiestatem
921 2571 1061 2623 nostram
1084 2564 1160 2638 ipsis
1183 2563 1306 2622 civibus
1329 2562 1450 2620 donatis

188 2673 220 2727 et
242 2669 400 2741 restitutis,
423 2668 576 2743 impedire
600 2675 630 2727 et
653 2670 819 2728 molestare
842 2672 961 2729 vellent
983 2676 1013 2728 et
1034 2672 1221 2740 niterentur;
1244 2675 1273 2727 et
1297 2669 1371 2743 quia
1393 2683 1449 2726 nos

187 2774 327 2850 prefatos
351 2776 434 2834 cives
456 2783 579 2833 nostros
595 2777 626 2834 in
642 2777 823 2851 prescriptis
847 2793 957 2834 eorum
978 2777 1224 2851 possessionibus
1247 2782 1278 2834 et
1300 2775 1381 2834 vado
1398 2792 1455 2850 per

187 2896 255 2951 nos,
283 2887 319 2940 ut
347 2881 511 2955 prefertur,
542 2882 659 2941 eisdem
689 2882 811 2941 donatis
842 2892 871 2941 et
901 2885 1058 2956 restitutis,
1088 2883 1211 2941 illibate
1233 2888 1340 2941 contra
1363 2898 1455 2956 quos·

189 3003 324 3061 cumque
345 2993 448 3046 tenere
478 2989 625 3047 volumus
649 2996 678 3046 et
702 3004 894 3060 conservare,
918 2989 1063 3047 fidelitati
1092 2990 1188 3062 igitur
1213 2994 1315 3046 vestre
1341 2989 1454 3048 harum

187 3094 267 3152 serie
289 3093 423 3153 firmiter
446 3096 650 3170 precipientes
675 3094 868 3167 mandamus,
892 3103 1043 3169 quatenus
1067 3095 1181 3154 amodo
1208 3095 1355 3169 deinceps
1378 3111 1448 3169 pre·

188 3199 269 3258 fatos
293 3200 377 3258 cives
400 3208 522 3259 nostros
545 3202 577 3259 in
592 3201 771 3259 huiusmodi
787 3218 896 3260 eorum
921 3203 1167 3277 possessionibus
1191 3209 1221 3260 et
1243 3202 1325 3260 vado
1348 3211 1455 3260 contra

187 3321 401 3381 quoscumque
431 3307 614 3380 illegitimos
638 3309 831 3383 impetitores
854 3316 885 3366 et
909 3310 1092 3380 turbatores
1117 3316 1147 3366 et
1169 3310 1325 3383 signanter
1348 3315 1454 3366 contra

188 3418 219 3471 et
242 3412 392 3471 adversus
416 3413 619 3487 magnificum
648 3415 822 3497 Johannem
852 3416 947 3473 Thwz
971 3415 1009 3472 de
1032 3416 1097 3474 Lak
1120 3422 1150 3473 et
1174 3432 1245 3473 suos
1269 3415 1454 3473 castellanos

184 3519 220 3577 in
242 3525 342 3577 castro
373 3519 494 3577 Medwe
518 3521 706 3592 constitutos,
731 3522 850 3594 quint
882 3521 1045 3594 prefertur,
1069 3521 1194 3579 eosdem
1227 3523 1309 3579 cives
1331 3529 1453 3578 nostros

184 3625 218 3683 in
242 3626 422 3699 prescriptis
452 3640 561 3683 eorum
592 3627 839 3700 possessionibus
870 3634 899 3684 et
928 3627 1009 3684 vado
1032 3627 1186 3701 impedire
1217 3628 1343 3699 vellent,
1374 3627 1453 3684 tueri

184 3736 350 3805 protegere
373 3741 403 3790 et
419 3731 579 3790 defensare
602 3748 637 3790 ae
660 3732 869 3808 indempniter
892 3743 1052 3792 manutere
1076 3734 1222 3805 debeatis,
1239 3740 1343 3791 nostre
1359 3734 1453 3791 maie-

184 3837 274 3895 statis
296 3837 328 3895 in
360 3853 492 3913 persona
523 3843 553 3896 et
576 3840 758 3897 auctoritate
770 3845 875 3898 nostra
891 3842 984 3914 regia,
1009 3841 1204 3914 presentibus
1228 3840 1319 3897 vobis
1342 3841 1373 3898 in
1388 3839 1447 3897 hac

184 3949 275 4018 parte
305 3944 455 4003 attributa
486 3952 516 4002 et
544 3946 665 4003 iusticia
697 3946 858 4006 mediante.
890 3947 984 4005 Secus
1015 3962 1077 4004 non
1108 3946 1227 4004 facturi.
1251 3946 1449 4005 Presentibus

183 4050 341 4125 perlectis,
372 4051 509 4109 exibenti
542 4053 682 4110 restituti.
714 4054 831 4111 Datum
861 4053 945 4113 Bnde
968 4055 999 4112 in
1032 4053 1110 4111 festo
1134 4053 1294 4111 divisionis
1325 4059 1450 4127 aposto-

183 4156 297 4215 lorum.
315 4159 404 4215 Anno
421 4156 540 4216 domini
556 4159 726 4216 millesimo
743 4158 1047 4233 quadringentesimo
1063 4160 1291 4235 septuagesimo
1308 4158 1450 4218 secundo.

183 4262 365 4336 Regnorum
386 4269 566 4322 nostrorum
582 4278 663 4323 anno
679 4265 837 4338 Hungarie
860 4274 914 4323 etc.
940 4266 1179 4339 quintodecimo,
1205 4266 1351 4324 Bohemie
1375 4280 1449 4323 vero

186 4375 307 4442 quarto.

291 4504 425 4570 Originale
444 4507 472 4556 in
488 4507 583 4559 charta.
610 4509 641 4557 In
660 4509 775 4574 margine
799 4509 916 4559 inferiori
934 4509 1086 4574 impressum
1104 4515 1143 4558 est
1162 4508 1285 4576 sigillum.
1318 4507 1450 4562 Ecollec.

184 4593 256 4645 tione
271 4593 296 4646 d.
317 4595 342 4644 E
361 4594 503 4663 Laiovslry.
