3278 5348
612 445 685 505 Doc.
707 439 782 519 296.
805 477 849 488 -
873 442 929 501 An.
953 454 1043 521 1475.
1386 443 1446 518 365

180 665 303 737 absque
337 663 422 736 quod
453 660 600 736 aliquod·
618 660 825 734 preludicium
858 665 911 717 aut
942 658 1114 733 dampnum
1144 657 1281 731 inferret,
1314 657 1398 732 quod
1422 659 1453 717 in

183 771 282 828 nostri
317 770 461 827 absencia
495 768 625 826 minime
658 767 860 824 observatum
894 770 948 835 est,
973 780 1010 822 ex
1045 778 1108 838 quo
1142 766 1249 838 utique
1283 764 1368 823 aliud
1391 779 1454 823 non

183 876 291 947 vultis,
315 890 411 949 quam
431 873 626 933 serenissime
647 872 731 944 regie
753 871 922 930 maiestatis
945 871 1102 929 civitatem
1124 868 1246 946 juribus
1270 871 1396 944 privare
1423 877 1453 929 et

181 982 269 1055 ipsos
292 980 537 1054 condempnare;
560 978 663 1037 sciatis
687 977 827 1046 firmiter,
852 992 924 1034 cum
953 977 1038 1048 regia
1068 977 1212 1034 maiestas
1243 977 1333 1034 nobis
1363 977 1454 1034 illam

185 1094 370 1162 potestatem
395 1086 534 1157 contulit,
558 1100 614 1143 nos
637 1085 722 1157 ipsos
746 1082 911 1142 defendere
942 1089 971 1141 et
993 1081 1116 1158 juribus
1138 1083 1279 1156 ipsorum
1304 1083 1386 1141 veris
1409 1089 1452 1142 te·

185 1209 258 1252 nere
282 1193 430 1251 volumus
453 1230 708 1251 .........
733 1205 787 1247 vos
810 1190 886 1262 ipsis
910 1188 1082 1262 dampnum
1105 1187 1286 1260 transfertis,
1302 1190 1454 1263 nobisque

185 1298 299 1372 fatigas
323 1314 451 1372 magnas
474 1297 632 1372 impeditis
658 1341 908 1354 .........
932 1294 1017 1369 quod
1040 1295 1166 1353 omnino
1190 1310 1246 1352 vos
1269 1341 1453 1354 .......

182 1407 282 1464 nostri
317 1404 521 1476 detinuerunt,
557 1403 612 1461 tali
645 1401 740 1460 modo
775 1402 929 1474 corrigere
963 1401 1119 1473 volumus,
1142 1407 1177 1458 ut
1199 1401 1313 1459 amodo
1345 1401 1454 1474 sciant,

184 1511 344 1586 quomodo
374 1512 532 1570 civitatem
562 1510 645 1582 regie
676 1508 844 1566 maiestatis
875 1508 972 1581 ipsius
1003 1504 1124 1583 juribus
1155 1508 1333 1581 privabunt,
1365 1516 1396 1566 et
1428 1509 1454 1566 si

183 1620 293 1691 utique
317 1617 576 1691 tranquillitatem
600 1622 703 1673 tenere
726 1614 896 1685 nolueritis,
920 1630 958 1672 ex
982 1621 1054 1671 tunc
1077 1612 1115 1672 de
1127 1613 1234 1686 litigiis
1256 1620 1287 1672 et
1302 1614 1454 1687 tranquil-

184 1724 275 1782 litate
308 1723 474 1782 sullicienti
510 1723 601 1780 vobis
633 1719 886 1794 providebimus;
925 1736 996 1778 cum
1034 1726 1137 1778 tamen
1176 1720 1326 1778 libencius
1363 1720 1455 1779 vobis

186 1835 294 1889 nostra
317 1830 467 1903 obsequia
491 1843 713 1902 precassemus,
736 1827 762 1884 si
784 1833 871 1900 grate
894 1837 1054 1900 acceptare
1077 1827 1260 1884 voluissetis.
1284 1827 1400 1885 Datum
1423 1827 1455 1884 in

185 1941 289 1995 castro
321 1935 520 2008 Chaktomya
551 1934 628 1993 feria
657 1932 790 1992 secunda
814 1934 845 1991 in
868 1933 1088 1992 festivitatibus
1111 1933 1334 1991 Pentbecostcs.
1365 1937 1455 1991 Anno

187 2041 412 2100 MCCCCLXX
443 2042 559 2116 quinto.
599 2040 842 2114 Christophorus
877 2040 1084 2113 Hochburger
1116 2039 1293 2112 capitaneus
1322 2039 1456 2097 civitatis

186 2149 395 2222 zagrabiensis
415 2155 470 2207 etc.

294 2257 336 2322 (A
355 2257 451 2322 tergo.)
475 2253 714 2313 venerabilibus
738 2253 814 2311 viris
837 2252 971 2311 dominis
995 2244 1179 2330 (prepo)sito
1203 2260 1234 2311 et
1256 2253 1384 2311 ecclesie
1407 2268 1456 2311 za-

185 2361 360 2434 grabiensis
382 2362 604 2432 concanonicis,
627 2360 735 2418 amicis
759 2359 954 2417 honorandis.

293 2514 426 2578 Originale
444 2515 471 2564 in
490 2514 586 2571 charta,
606 2520 645 2562 sat
663 2513 787 2563 attritum.
812 2514 844 2562 In
872 2513 987 2562 archivio
1005 2528 1062 2567 ven.
1088 2514 1172 2578 Capit.
1193 2513 1255 2565 eccl.
1274 2514 1456 2578 zagrabiensis.

185 2607 249 2657 Act.
269 2605 332 2670 Cap.
351 2612 396 2654 ant
422 2606 484 2656 fasc.
503 2603 528 2656 6.
548 2619 585 2655 nr.
608 2612 647 2667 17.

774 2800 862 2866 296.

294 2942 376 2991 Anno
398 2953 472 3008 1475,
493 2942 517 2992 8.
535 2941 617 3006 Junii.
637 2942 735 2993 Budae.

191 3066 340 3141 Mathias,
365 3070 543 3144 Hunguriac
565 3077 612 3128 etc.
636 3090 698 3140 rex,
723 3070 850 3138 mandat,
873 3078 907 3127 ut
927 3070 972 3140 lis,
987 3088 1061 3144 quae
1083 3076 1126 3126 est
1146 3069 1180 3125 de
1196 3069 1261 3125 rivo
1277 3067 1457 3141 Meclves'c‘ak,

513 3178 745 3255 quamprimum
769 3178 800 3233 in
815 3177 929 3253 sitdicio
950 3183 1143 3250 conponatur.

953 3316 994 3363 De
1013 3314 1193 3364 commissione
1212 3313 1310 3363 domini
1328 3313 1405 3378 regis.

297 3428 432 3486 Mathias
456 3427 505 3487 dei
529 3428 633 3500 gracia
647 3444 703 3486 rex
726 3428 894 3500 ilungarie,
920 3427 1066 3486 Bohernie
1086 3434 1140 3485 etc.
1164 3426 1325 3486 Fidelibus
1347 3426 1460 3485 nostris

196 3533 329 3606 egregiis
352 3533 481 3591 Nicolao
504 3533 543 3591 de
566 3534 691 3606 Posega,
708 3534 858 3592 vicebano
881 3535 968 3607 regni
985 3535 1083 3591 nostri
1106 3532 1269 3591 Sclauonie
1292 3548 1327 3590 ac
1343 3532 1458 3591 Cristo·

191 3638 261 3696 foro
284 3645 451 3711 capetaneo
475 3639 608 3697 civitatis
631 3646 735 3698 nostre
757 3641 973 3712 zagrabiensis‚
998 3640 1131 3697 salutem
1155 3645 1186 3697 et
1208 3639 1355 3711 graciam.
1379 3637 1459 3696 Con·

195 3752 368 3818 queruntur
397 3751 502 3804 nostre
533 3746 687 3804 maiestati
710 3745 820 3803 fideles
843 3747 941 3804 nostri
975 3746 1058 3803 cives
1089 3746 1174 3803 illius
1198 3744 1331 3802 civitatis
1354 3753 1459 3802 nostre

192 3851 409 3923 zagrabiensis‚
441 3851 600 3924 quomodo
631 3851 804 3925 capitulum
834 3852 920 3909 illius
944 3851 1005 3909 loci
1040 3850 1195 3924 quendam
1220 3849 1351 3908 lluvium
1374 3848 1459 3907 Med·

192 3972 300 4028 wevyz
323 3964 476 4027 vocatum,
501 3959 553 4030 qui
577 3957 655 4015 alias
681 3959 760 4015 inter
776 3957 864 4015 illam
881 3958 1038 4015 civitatem
1055 3963 1192 4014 nostram
1216 3967 1246 4014 et
1269 3955 1459 4014 territorium

193 4063 291 4136 ipsius
323 4064 452 4137 capituli
483 4063 659 4122 defluxisset
689 4069 719 4121 et
743 4078 801 4137 pro
823 4064 932 4121 metali
954 4063 1151 4120 distinctione
1177 4069 1278 4119 tentus
1301 4061 1410 4120 fuisset
1432 4065 1463 4118 et

194 4169 329 4241 habitus,
354 4168 393 4227 de
421 4184 495 4227 vero
521 4170 582 4228 situ
605 4178 635 4228 et
663 4186 754 4227 cursu
777 4171 948 4243 excepisset
971 4175 1001 4226 et
1021 4169 1060 4226 ad
1084 4168 1263 4227 molendina
1280 4168 1463 4225 eorumdem

197 4273 314 4331 civium
338 4281 516 4332 nostrorum
538 4274 672 4333 delluere
694 4292 756 4334 non
773 4276 973 4349 permitteret,
991 4276 1021 4333 in
1047 4274 1252 4348 preludicium
1277 4273 1460 4331 eorumdem

192 4380 310 4438 civium
341 4386 519 4439 nostrorum
550 4388 580 4439 et
604 4382 784 4456 dampnum.
818 4382 854 4439 Et
885 4383 958 4455 quia
991 4381 1121 4454 dignum
1152 4386 1206 4451 est,
1237 4386 1271 4438 ut
1302 4395 1358 4438 nos
1381 4379 1462 4437 inter

193 4491 311 4544 ceteras
345 4501 434 4545 curas
470 4494 599 4556 nostras,
634 4487 764 4561 privatis
798 4488 898 4545 eciam
933 4488 1023 4544 bonis
1057 4487 1170 4544 nostris
1203 4486 1397 4544 intendamus
1432 4494 1462 4543 et

195 4591 278 4649 bona
301 4597 405 4651 nostra
429 4594 544 4665 regalia
561 4594 593 4651 in
615 4593 678 4652 suis
701 4591 822 4669 juribus
846 4592 1000 4651 delectum
1025 4592 1090 4667 pati
1112 4607 1175 4650 non
1196 4595 1365 4667 paciamur,
1382 4590 1459 4649 fide·

192 4696 274 4755 litati
297 4698 391 4770 igitur
415 4705 517 4757 vestre
540 4700 650 4757 harum
675 4700 754 4758 serie
777 4699 910 4758 firmiter
932 4699 1138 4774 precipientes
1163 4697 1356 4769 mandamus,
1386 4713 1463 4771 qua·

193 4808 282 4861 tenus
313 4806 444 4877 receptis
475 4807 679 4879 presentibus,
708 4805 827 4864 dictum
858 4805 987 4864 lluvium
1020 4807 1138 4864 eteius
1169 4820 1280 4864 verum
1313 4805 1407 4863 situm
1432 4809 1463 4863 et

194 4925 319 4968 cursum
343 4925 492 4970 unacum
515 4911 585 4970 aliis
607 4912 725 4986 probis,
741 4919 805 4970 tam
829 4928 886 4986 per
900 4912 985 4987 ipsos
1001 4913 1083 4971 cives
1105 4923 1230 4972 nostros
1254 4928 1348 4986 quam
1366 4912 1463 4970 eciam
