3278 5348
624 400 698 456 Doc.
722 409 788 474 157.
814 431 850 439 —
878 398 935 456 An
959 410 1046 476 1451.
1084 362 1088 369 ⁴
1390 416 1448 469 ars

187 503 288 511 ..κ-
294 503 449 511 -α--ο,

292 619 336 684 (A
355 618 451 683 tergo).
476 614 575 687 Regni
597 612 761 672 Sclauonie
784 614 874 673 bano.
897 615 957 673 Pro
979 613 1089 691 judice,
1113 613 1222 690 juratis
1246 620 1275 672 et
1298 614 1452 672 universis

182 723 309 781 civibus
333 722 467 781 civitatis
490 722 605 779 montis
627 719 792 779 Grecencis
809 720 847 778 de
862 721 949 779 iuxta
965 721 1151 794 Zagrabiam
1168 725 1274 778 contra
1291 720 1452 793 egregium

184 829 364 902 Hennyngh
388 828 426 886 de
449 827 650 886 Zomzedwar
672 827 713 885 ad
736 831 861 885 octavas
884 827 955 887 testi
971 828 1219 902 Epiphaniarum
1235 826 1355 885 domini
1368 841 1449 883 nunc

182 941 342 1008 venturas,
366 935 397 993 in
418 935 524 993 sedem
548 935 789 1007 zagrabiensem,
812 936 1004 994 evocacionis
1028 934 1150 992 relacio.

293 1088 427 1153 Originale
446 1090 472 1139 in
491 1089 585 1140 charta.
605 1090 691 1153 Tergo
710 1090 863 1155 impressum
881 1097 920 1140 est
939 1090 1061 1154 sigillum.
1081 1091 1113 1137 In
1133 1089 1248 1138 archivio
1266 1088 1304 1137 lib
1331 1103 1384 1151 reg.
1404 1087 1453 1139 civ.

181 1178 367 1242 aagrabiensis.

780 1353 855 1425 157.

289 1501 372 1549 Anno
393 1511 467 1564 1451,
488 1510 528 1560 19.
546 1499 615 1548 maii.
636 1499 784 1562 zagrabiae.

189 1627 295 1685 Coram
330 1626 478 1684 Frr'dm'co
511 1626 587 1684 bano
616 1634 645 1683 et
676 1627 763 1700 regni
793 1626 933 1685 nobilibus
968 1628 1156 1686 communitas
1189 1626 1316 1684 civitatis
1349 1624 1452 1682 montis

191 1732 344 1793 Grecensis
359 1733 580 1791 intercessionem
594 1730 679 1809 facit
698 1733 834 1806 Hem'ngo
857 1733 890 1790 de
913 1732 1013 1808 Sused,
1036 1734 1090 1807 qui
1101 1735 1170 1809 jam
1185 1732 1227 1790 bis
1241 1732 1452 1804 condemnatus,

493 1859 513 1896 a
535 1840 643 1897 ct'vibus
664 1840 801 1897 tributum
819 1849 876 1914 pro
898 1857 988 1899 merce
1005 1840 1133 1914 flagitat.

292 1983 356 2042 Nos
377 1983 552 2042 Fridericus
576 1984 625 2042 dei
647 1985 751 2057 gracia
775 1984 862 2056 Cilie,
886 1985 1102 2057 Ortemburge,
1133 1984 1324 2057 Zagorieque
1347 1999 1451 2042 comes

186 2096 241 2148 etc.
278 2105 396 2148 necnon
431 2091 519 2163 regni
552 2089 715 2149 Sclauonie
750 2092 856 2149 banus.
892 2091 1041 2148 Memorie
1075 2090 1340 2162 commendamus,
1365 2089 1450 2163 quod

184 2197 276 2255 nobis
300 2197 331 2254 in
354 2198 472 2254 octavis
496 2196 566 2255 festi
589 2197 673 2255 beati
696 2196 824 2269 Georgii
846 2198 983 2255 martiris
1006 2212 1140 2254 unacum
1173 2196 1261 2268 regni
1292 2196 1451 2255 nobilibus

187 2316 245 2376 pro
273 2301 417 2360 faciendo
440 2302 636 2360 moderativo
659 2299 772 2378 judicio
796 2304 994 2361 causantium
1017 2304 1048 2361 in
1071 2302 1142 2360 sede
1165 2308 1269 2360 nostra
1291 2299 1451 2377 judiciaria

185 2408 373 2481 sedentibus,
390 2408 541 2483 providus
564 2414 595 2467 et
617 2410 764 2467 honestus
783 2411 832 2468 vir
849 2411 995 2482 magister
1012 2410 1160 2481 Matheus,
1176 2408 1313 2466 notarius
1329 2412 1359 2465 et
1374 2408 1451 2466 civis

187 2515 321 2574 civitatis
345 2516 459 2573 montis
494 2515 656 2573 Grecensis
693 2515 731 2573 de
765 2514 853 2591 juxta
884 2516 1078 2588 Zagrabiam,
1112 2519 1298 2589 procurator
1332 2514 1451 2572 seilicet

183 2618 304 2697 judicis,
327 2619 502 2696 juratorum
526 2627 556 2681 et
579 2623 797 2680 universorum
821 2623 938 2680 civium
961 2638 997 2680 ac
1020 2622 1195 2680 incolarum
1219 2620 1358 2696 predicte
1374 2621 1449 2679 civi·

185 2728 255 2785 tatis
279 2727 452 2800 legittimus
482 2715 603 2786 in‘sua
627 2744 663 2787 ac
697 2728 879 2787 eorumdem
913 2726 1033 2804 judicis,
1068 2726 1242 2804 juratorum
1266 2733 1297 2786 et
1332 2727 1449 2785 civium

187 2848 223 2892 ac
247 2834 391 2905 aliorum,
416 2849 549 2908 quorum
573 2850 676 2909 supra,
696 2836 849 2908 personis,
873 2835 911 2893 ad
936 2842 1074 2893 nostram
1105 2836 1231 2892 veniens
1254 2835 1448 2908 presenciam

186 2955 244 3014 per
267 2939 398 2998 modum
421 2942 657 3015 protestacionis
692 2948 721 2999 et
757 2942 981 3015 prohibicionis
1016 2942 1107 2999 nobis
1129 2940 1304 3013 significare
1329 2940 1450 2999 curavit

184 3046 214 3104 in
236 3047 317 3104 hunc
340 3046 490 3105 modum:
522 3047 605 3121 quod
629 3048 702 3105 licet
725 3049 805 3105 inter
827 3048 912 3121 ipsos
934 3046 1078 3122 judicem,
1101 3045 1217 3122 juratos
1240 3048 1381 3105 accires
1409 3047 1449 3104 ab

183 3168 244 3210 una
266 3158 298 3211 et
320 3153 400 3211 inter
422 3154 582 3226 egregium
606 3155 781 3227 Hennyngh
804 3153 843 3211 de
867 3153 1057 3212 Zomzeduar
1079 3156 1120 3212 ab
1144 3155 1205 3212 alia
1224 3154 1376 3228 partibus,
1400 3169 1449 3211 ra·

184 3259 272 3317 cione
295 3260 484 3333 recepcionis
507 3265 537 3317 et
560 3261 732 3318 exaccionis
755 3275 809 3318 seu
832 3261 1000 3318 solucionis
1034 3261 1143 3318 tributi
1178 3259 1314 3333 quedam
1349 3259 1389 3317 lis
1420 3265 1450 3317 et

184 3365 354 3439 questionis
377 3367 507 3424 materia
530 3367 562 3424 in
592 3365 664 3424 sede
695 3367 833 3425 crisiensi
856 3368 996 3440 primum
1019 3373 1049 3424 et
1084 3366 1208 3425 tandem
1243 3368 1293 3424 hic
1316 3367 1347 3424 in
1378 3366 1450 3426 sede

183 3476 289 3530 nostra
312 3473 543 3545 zagrabiensia
578 3480 663 3532 certo
699 3480 840 3547 tempore
880 3483 963 3531 mota
1003 3474 1139 3531 extiterit
1176 3480 1206 3531 et
1242 3474 1280 3531 de
1313 3475 1449 3548 presenti

186 3584 366 3647 moventur;
390 3584 493 3637 tamen
516 3580 691 3653 Hennyngh
715 3596 770 3654 per
802 3580 926 3638 easdem
949 3581 1126 3638 crisiensem
1151 3587 1180 3637 et
1214 3581 1446 3652 zagrabiensem

185 3683 278 3742 sedes
302 3700 374 3742 cum
397 3686 550 3744 universis
574 3687 745 3744 tributariis
769 3691 798 3743 et
822 3687 1001 3744 hominibus
1023 3687 1094 3755 suis,
1131 3702 1187 3759 per
1217 3685 1342 3744 easdem
1365 3687 1449 3745 crisi·

184 3806 289 3849 ensem
325 3797 355 3849 et
389 3792 620 3863 zagrabiensem
656 3792 744 3850 sedes
778 3807 796 3849 a
828 3793 988 3866 peticione,
1023 3793 1203 3867 recepcione
1235 3799 1264 3851 et
1287 3794 1450 3851 exaccione

183 3897 323 3956 eiusdem
347 3898 456 3956 tributi
480 3898 600 3956 tamdiu
623 3900 800 3973 prohibitus
813 3904 843 3957 et
860 3903 1012 3957 arcstatus
1028 3899 1143 3970 fuisset,
1161 3914 1323 3973 quousque
1340 3899 1450 3957 eadem

182 4004 246 4062 litis
270 4010 301 4062 et
323 4004 491 4077 questionis
514 4005 644 4063 materia
666 4006 788 4063 racione
804 4004 942 4063 eiusdem
959 4005 1067 4063 tributi
1089 4006 1168 4063 inter
1191 4005 1275 4078 ipsos
1292 4003 1394 4062 decisa
1419 4012 1449 4062 et

183 4111 347 4168 terminata
371 4109 484 4169 suisset.
507 4111 625 4169 Tamen
648 4113 714 4186 ipse
749 4112 924 4184 iiennyngh
949 4111 1085 4185 quadam
1121 4111 1295 4169 temeritate
1330 4110 1449 4182 ductus,

183 4217 336 4291 premissa
359 4216 414 4274 lite
436 4217 515 4274 inter
539 4218 623 4291 ipsos
647 4217 807 4291 pendente,
822 4219 863 4275 ab
879 4218 996 4276 eisdem
1013 4218 1134 4275 civibus
1162 4216 1294 4274 civitatis
1311 4215 1449 4289 predicte

183 4337 219 4382 ac
243 4322 398 4381 derebus
431 4330 461 4380 et
484 4324 574 4381 bonis
605 4340 713 4383 eorum
749 4323 867 4382 dictum
904 4325 1058 4382 tributum
1093 4324 1280 4381 incessanter
1314 4322 1396 4394 exigi
1420 4328 1449 4380 et

184 4430 280 4504 recipi
304 4428 435 4503 fecisset,
459 4428 634 4503 feceretque
657 4431 755 4488 eciam
779 4429 817 4487 de
842 4430 977 4504 presenti
992 4430 1024 4486 in
1040 4428 1248 4503 preiudicium
1265 4427 1448 4507 eorumdem

184 4535 310 4607 civium,
332 4532 472 4611 jurisque
495 4550 604 4593 eorum
628 4536 815 4609 derogamen
839 4535 932 4593 valde
957 4550 1113 4607 magnum.
1130 4534 1220 4594 Unde
1236 4534 1317 4592 sacta
1340 4534 1447 4592 huius·

185 4641 271 4699 modi
295 4643 529 4715 protestacione,
553 4642 692 4717 prefatus
716 4643 862 4715 magister
885 4643 1025 4701 Matheus
1048 4643 1080 4700 in
1102 4656 1166 4713 sua,
1190 4645 1224 4699 ut
1248 4641 1448 4716 premittitur,

184 4756 214 4809 et
237 4750 381 4821 aliorum,
405 4763 540 4822 quorum
563 4765 658 4823 supra
682 4749 829 4823 personis,
854 4752 1063 4806 memoratum
1086 4748 1261 4821 Hennyngh
1290 4763 1327 4807 ac
1356 4762 1449 4821 quos·

187 4856 267 4916 libet
289 4856 471 4916 tributarios
494 4860 524 4914 et
547 4856 688 4914 homines
711 4870 783 4913 suos
806 4870 824 4913 a
847 4855 1007 4930 peticione,
1032 4855 1195 4913 exaccione
1216 4861 1247 4912 et
1270 4853 1449 4929 recepcione
