<?xml version="1.0" encoding="UTF-8"?>
<!DOCTYPE html PUBLIC "-//W3C//DTD XHTML 1.0 Transitional//EN"
    "http://www.w3.org/TR/xhtml1/DTD/xhtml1-transitional.dtd">
<html xmlns="http://www.w3.org/1999/xhtml" xml:lang="en" lang="en">
 <head>
  <title>
</title>
<meta http-equiv="Content-Type" content="text/html;charset=utf-8" />
  <meta name='ocr-system' content='tesseract 3.04.00' />
  <meta name='ocr-capabilities' content='ocr_page ocr_carea ocr_par ocr_line ocrx_word'/>
</head>
<body>
  <div class='ocr_page' id='page_1' title='image "./monumentahistor01laszgoog_0572.png"; bbox 0 0 3278 5348; ppageno 0'>
   <div class='ocr_carea' id='block_1_1' title="bbox 189 409 1040 493">
    <p class='ocr_par' dir='ltr' id='par_1_1' title="bbox 189 409 1040 493">
     <span class='ocr_line' id='line_1_1' title="bbox 189 409 1040 493; baseline -0.005 -18"><span class='ocrx_word' id='word_1_1' title='bbox 189 433 251 493; x_wconf 85' lang='lat'>304</span> <span class='ocrx_word' id='word_1_2' title='bbox 613 411 781 491; x_wconf 73' lang='lat' dir='ltr'>Doc.2,16.</span> <span class='ocrx_word' id='word_1_3' title='bbox 807 447 844 456; x_wconf 93' lang='lat'>—</span> <span class='ocrx_word' id='word_1_4' title='bbox 871 409 1040 492; x_wconf 75' lang='lat' dir='ltr'>An.1465.</span> 
     </span>
    </p>
   </div>
   <div class='ocr_carea' id='block_1_2' title="bbox 186 629 1449 1007">
    <p class='ocr_par' dir='ltr' id='par_1_2' title="bbox 186 629 1449 1007">
     <span class='ocr_line' id='line_1_2' title="bbox 187 629 1449 703; baseline -0.002 -16"><span class='ocrx_word' id='word_1_5' title='bbox 187 630 281 688; x_wconf 87' lang='lat' dir='ltr'>Secus</span> <span class='ocrx_word' id='word_1_6' title='bbox 312 645 371 687; x_wconf 91' lang='lat' dir='ltr'>non</span> <span class='ocrx_word' id='word_1_7' title='bbox 402 630 513 687; x_wconf 87' lang='lat' dir='ltr'>facturi</span> <span class='ocrx_word' id='word_1_8' title='bbox 544 629 741 687; x_wconf 90' lang='lat' dir='ltr'>Presentibus</span> <span class='ocrx_word' id='word_1_9' title='bbox 772 629 924 703; x_wconf 83' lang='lat' dir='ltr'>perlectis,</span> <span class='ocrx_word' id='word_1_10' title='bbox 957 630 1114 687; x_wconf 83' lang='lat' dir='ltr'>exhibenti</span> <span class='ocrx_word' id='word_1_11' title='bbox 1147 629 1309 688; x_wconf 87' lang='lat' dir='ltr'>restitutis.</span> <span class='ocrx_word' id='word_1_12' title='bbox 1342 629 1449 686; x_wconf 87' lang='lat' dir='ltr'>Datum</span> 
     </span>
     <span class='ocr_line' id='line_1_3' title="bbox 187 734 1449 807; baseline -0.002 -14"><span class='ocrx_word' id='word_1_13' title='bbox 187 735 272 794; x_wconf 91' lang='lat' dir='ltr'>Bude</span> <span class='ocrx_word' id='word_1_14' title='bbox 301 737 331 793; x_wconf 94' lang='lat' dir='ltr'>in</span> <span class='ocrx_word' id='word_1_15' title='bbox 364 736 440 794; x_wconf 91' lang='lat' dir='ltr'>sesto</span> <span class='ocrx_word' id='word_1_16' title='bbox 466 737 554 793; x_wconf 88' lang='lat' dir='ltr'>beate</span> <span class='ocrx_word' id='word_1_17' title='bbox 585 736 683 793; x_wconf 77' lang='lat' dir='ltr'>llarie</span> <span class='ocrx_word' id='word_1_18' title='bbox 706 735 834 807; x_wconf 88' lang='lat' dir='ltr'>virginis</span> <span class='ocrx_word' id='word_1_19' title='bbox 859 735 897 792; x_wconf 93' lang='lat' dir='ltr'>de</span> <span class='ocrx_word' id='word_1_20' title='bbox 920 735 998 792; x_wconf 84' lang='lat' dir='ltr'>nive.</span> <span class='ocrx_word' id='word_1_21' title='bbox 1023 736 1112 792; x_wconf 82' lang='lat' dir='ltr'>Anno</span> <span class='ocrx_word' id='word_1_22' title='bbox 1136 734 1259 792; x_wconf 88' lang='lat' dir='ltr'>domini</span> <span class='ocrx_word' id='word_1_23' title='bbox 1283 735 1449 792; x_wconf 90' lang='lat' dir='ltr'>millesimo</span> 
     </span>
     <span class='ocr_line' id='line_1_4' title="bbox 187 841 1447 915; baseline -0.002 -15"><span class='ocrx_word' id='word_1_24' title='bbox 187 842 490 915; x_wconf 88' lang='lat' dir='ltr'>quadringentesimo</span> <span class='ocrx_word' id='word_1_25' title='bbox 514 842 707 915; x_wconf 84' lang='lat' dir='ltr'>sexagesimo</span> <span class='ocrx_word' id='word_1_26' title='bbox 730 842 847 915; x_wconf 86' lang='lat' dir='ltr'>quinto.</span> <span class='ocrx_word' id='word_1_27' title='bbox 872 841 969 913; x_wconf 84' lang='lat' dir='ltr'>Regni</span> <span class='ocrx_word' id='word_1_28' title='bbox 992 841 1090 899; x_wconf 89' lang='lat' dir='ltr'><strong>nostri</strong></span> <span class='ocrx_word' id='word_1_29' title='bbox 1115 856 1196 899; x_wconf 91' lang='lat' dir='ltr'>anno</span> <span class='ocrx_word' id='word_1_30' title='bbox 1221 847 1344 912; x_wconf 84' lang='lat' dir='ltr'>octav0,</span> <span class='ocrx_word' id='word_1_31' title='bbox 1368 855 1447 898; x_wconf 90' lang='lat' dir='ltr'>ooro·</span> 
     </span>
     <span class='ocr_line' id='line_1_5' title="bbox 186 948 586 1007; baseline 0.003 -2"><span class='ocrx_word' id='word_1_32' title='bbox 186 950 322 1006; x_wconf 79' lang='lat' dir='ltr'>nacionis</span> <span class='ocrx_word' id='word_1_33' title='bbox 346 964 420 1007; x_wconf 91' lang='lat' dir='ltr'>vero</span> <span class='ocrx_word' id='word_1_34' title='bbox 443 948 586 1007; x_wconf 85' lang='lat' dir='ltr'>secundo.</span> 
     </span>
    </p>
   </div>
   <div class='ocr_carea' id='block_1_3' title="bbox 186 1136 1449 1288">
    <p class='ocr_par' dir='ltr' id='par_1_3' title="bbox 186 1136 1449 1288">
     <span class='ocr_line' id='line_1_6' title="bbox 292 1136 1449 1201; baseline -0.003 -15"><span class='ocrx_word' id='word_1_35' title='bbox 292 1137 425 1201; x_wconf 83' lang='lat' dir='ltr'>Originale</span> <span class='ocrx_word' id='word_1_36' title='bbox 441 1139 469 1186; x_wconf 90' lang='lat' dir='ltr'>in</span> <span class='ocrx_word' id='word_1_37' title='bbox 487 1137 583 1186; x_wconf 88' lang='lat' dir='ltr'>charta.</span> <span class='ocrx_word' id='word_1_38' title='bbox 611 1139 643 1185; x_wconf 91' lang='lat' dir='ltr'>In</span> <span class='ocrx_word' id='word_1_39' title='bbox 663 1137 776 1199; x_wconf 78' lang='lat' dir='ltr'>margine</span> <span class='ocrx_word' id='word_1_40' title='bbox 804 1137 919 1185; x_wconf 78' lang='lat' dir='ltr'>inferiori</span> <span class='ocrx_word' id='word_1_41' title='bbox 947 1138 1099 1201; x_wconf 87' lang='lat' dir='ltr'>impressum</span> <span class='ocrx_word' id='word_1_42' title='bbox 1118 1145 1158 1185; x_wconf 88' lang='lat' dir='ltr'>est</span> <span class='ocrx_word' id='word_1_43' title='bbox 1178 1136 1297 1200; x_wconf 78' lang='lat' dir='ltr'>sigillum</span> <span class='ocrx_word' id='word_1_44' title='bbox 1317 1137 1449 1187; x_wconf 82' lang='lat' dir='ltr'>maius.1u</span> 
     </span>
     <span class='ocr_line' id='line_1_7' title="bbox 186 1225 620 1288; baseline 0 -14"><span class='ocrx_word' id='word_1_45' title='bbox 186 1226 300 1274; x_wconf 77' lang='lat' dir='ltr'>archivio</span> <span class='ocrx_word' id='word_1_46' title='bbox 316 1225 362 1276; x_wconf 87' lang='lat' dir='ltr'>lib.</span> <span class='ocrx_word' id='word_1_47' title='bbox 382 1242 433 1288; x_wconf 84' lang='lat' dir='ltr'>reg.</span> <span class='ocrx_word' id='word_1_48' title='bbox 453 1226 501 1276; x_wconf 84' lang='lat' dir='ltr'>civ,</span> <span class='ocrx_word' id='word_1_49' title='bbox 520 1225 620 1288; x_wconf 66' lang='lat' dir='ltr'>zagfab.</span> 
     </span>
    </p>
   </div>
   <div class='ocr_carea' id='block_1_4' title="bbox 777 1506 864 1571">
    <p class='ocr_par' dir='ltr' id='par_1_4' title="bbox 777 1506 864 1571">
     <span class='ocr_line' id='line_1_8' title="bbox 777 1506 864 1571; baseline -0.023 0"><span class='ocrx_word' id='word_1_50' title='bbox 777 1506 864 1571; x_wconf 86' lang='lat'>246.</span> 
     </span>
    </p>
   </div>
   <div class='ocr_carea' id='block_1_5' title="bbox 292 1698 774 1765">
    <p class='ocr_par' dir='ltr' id='par_1_5' title="bbox 292 1698 774 1765">
     <span class='ocr_line' id='line_1_9' title="bbox 292 1698 774 1765; baseline 0.002 -16"><span class='ocrx_word' id='word_1_51' title='bbox 292 1702 373 1749; x_wconf 84' lang='lat' dir='ltr'>Anno</span> <span class='ocrx_word' id='word_1_52' title='bbox 396 1700 470 1765; x_wconf 83' lang='lat'>1465,</span> <span class='ocrx_word' id='word_1_53' title='bbox 490 1713 514 1761; x_wconf 90' lang='lat'>9.</span> <span class='ocrx_word' id='word_1_54' title='bbox 535 1699 658 1763; x_wconf 84' lang='lat' dir='ltr'>Augusti.</span> <span class='ocrx_word' id='word_1_55' title='bbox 678 1698 774 1750; x_wconf 72' lang='lat' dir='ltr'>Eudae</span> 
     </span>
    </p>
   </div>
   <div class='ocr_carea' id='block_1_6' title="bbox 184 1843 1448 2129">
    <p class='ocr_par' dir='ltr' id='par_1_6' title="bbox 184 1843 1448 2129">
     <span class='ocr_line' id='line_1_10' title="bbox 192 1843 1448 1919; baseline -0.002 -16"><span class='ocrx_word' id='word_1_56' title='bbox 192 1845 321 1919; x_wconf 77' lang='lat' dir='ltr'>Capituli</span> <span class='ocrx_word' id='word_1_57' title='bbox 334 1852 509 1919; x_wconf 78' lang='lat' dir='ltr'>paupertate</span> <span class='ocrx_word' id='word_1_58' title='bbox 523 1845 672 1912; x_wconf 72' lang='lat' dir='ltr'>intellecta,</span> <span class='ocrx_word' id='word_1_59' title='bbox 696 1843 841 1912; x_wconf 80' lang='lat' dir='ltr'>Mothias,</span> <span class='ocrx_word' id='word_1_60' title='bbox 857 1843 1036 1916; x_wconf 78' lang='lat' dir='ltr'>Hurigariae</span> <span class='ocrx_word' id='word_1_61' title='bbox 1050 1850 1098 1901; x_wconf 85' lang='lat' dir='ltr'>etc.</span> <span class='ocrx_word' id='word_1_62' title='bbox 1114 1862 1177 1915; x_wconf 83' lang='lat' dir='ltr'>rex,</span> <span class='ocrx_word' id='word_1_63' title='bbox 1187 1847 1371 1919; x_wconf 69' lang='lat' dir='ltr'>praescndit,</span> <span class='ocrx_word' id='word_1_64' title='bbox 1387 1855 1448 1903; x_wconf 82' lang='lat' dir='ltr'>ula</span> 
     </span>
     <span class='ocr_line' id='line_1_11' title="bbox 184 1948 1447 2027; baseline 0.002 -19"><span class='ocrx_word' id='word_1_65' title='bbox 184 1953 308 2025; x_wconf 81' lang='lat' dir='ltr'>capitulo</span> <span class='ocrx_word' id='word_1_66' title='bbox 323 1953 354 2008; x_wconf 82' lang='lat' dir='ltr'>in</span> <span class='ocrx_word' id='word_1_67' title='bbox 371 1952 508 2024; x_wconf 72' lang='lat' dir='ltr'>proximo</span> <span class='ocrx_word' id='word_1_68' title='bbox 530 1951 601 2008; x_wconf 83' lang='lat' dir='ltr'>bello</span> <span class='ocrx_word' id='word_1_69' title='bbox 623 1968 685 2006; x_wconf 81' lang='lat' dir='ltr'>cum</span> <span class='ocrx_word' id='word_1_70' title='bbox 713 1949 817 2006; x_wconf 73' lang='lat' dir='ltr'>Turris</span> <span class='ocrx_word' id='word_1_71' title='bbox 835 1949 969 2023; x_wconf 78' lang='lat' dir='ltr'>gerendo,</span> <span class='ocrx_word' id='word_1_72' title='bbox 992 1948 1073 2006; x_wconf 87' lang='lat' dir='ltr'>modo</span> <span class='ocrx_word' id='word_1_73' title='bbox 1095 1951 1210 2025; x_wconf 81' lang='lat' dir='ltr'>aliquot</span> <span class='ocrx_word' id='word_1_74' title='bbox 1230 1954 1300 2026; x_wconf 79' lang='lat' dir='ltr'>equi</span> <span class='ocrx_word' id='word_1_75' title='bbox 1311 1952 1355 2010; x_wconf 84' lang='lat' dir='ltr'>ad</span> <span class='ocrx_word' id='word_1_76' title='bbox 1364 1954 1447 2027; x_wconf 77' lang='lat' dir='ltr'>impe·</span> 
     </span>
     <span class='ocr_line' id='line_1_12' title="bbox 606 2055 1029 2129; baseline 0 -17"><span class='ocrx_word' id='word_1_77' title='bbox 606 2056 731 2114; x_wconf 72' lang='lat' dir='ltr'>elimenta</span> <span class='ocrx_word' id='word_1_78' title='bbox 745 2056 897 2129; x_wconf 76' lang='lat' dir='ltr'>portanda</span> <span class='ocrx_word' id='word_1_79' title='bbox 919 2055 1029 2113; x_wconf 81' lang='lat' dir='ltr'>dentur.</span> 
     </span>
    </p>
   </div>
   <div class='ocr_carea' id='block_1_7' title="bbox 181 2194 1451 4280">
    <p class='ocr_par' dir='ltr' id='par_1_7' title="bbox 893 2194 1384 2261">
     <span class='ocr_line' id='line_1_13' title="bbox 893 2194 1384 2261; baseline 0.008 -18"><span class='ocrx_word' id='word_1_80' title='bbox 893 2195 1047 2244; x_wconf 87' lang='lat' dir='ltr'>Commissio</span> <span class='ocrx_word' id='word_1_81' title='bbox 1066 2194 1170 2260; x_wconf 81' lang='lat' dir='ltr'>propria</span> <span class='ocrx_word' id='word_1_82' title='bbox 1188 2196 1288 2246; x_wconf 86' lang='lat' dir='ltr'>domini</span> <span class='ocrx_word' id='word_1_83' title='bbox 1307 2196 1384 2261; x_wconf 76' lang='lat' dir='ltr'>regis.</span> 
     </span>
    </p>

    <p class='ocr_par' dir='ltr' id='par_1_8' title="bbox 181 2302 1451 4280">
     <span class='ocr_line' id='line_1_14' title="bbox 291 2302 1449 2379; baseline 0.001 -15"><span class='ocrx_word' id='word_1_84' title='bbox 291 2308 421 2365; x_wconf 83' lang='lat' dir='ltr'>llathias</span> <span class='ocrx_word' id='word_1_85' title='bbox 455 2306 504 2363; x_wconf 91' lang='lat' dir='ltr'>dei</span> <span class='ocrx_word' id='word_1_86' title='bbox 535 2306 639 2379; x_wconf 85' lang='lat' dir='ltr'>gracia</span> <span class='ocrx_word' id='word_1_87' title='bbox 663 2322 717 2363; x_wconf 88' lang='lat' dir='ltr'>rex</span> <span class='ocrx_word' id='word_1_88' title='bbox 747 2306 912 2379; x_wconf 89' lang='lat' dir='ltr'>Hungarie,</span> <span class='ocrx_word' id='word_1_89' title='bbox 936 2302 1103 2378; x_wconf 73' lang='lat' dir='ltr'>Dalmacie,</span> <span class='ocrx_word' id='word_1_90' title='bbox 1127 2306 1256 2365; x_wconf 89' lang='lat' dir='ltr'>Croacie</span> <span class='ocrx_word' id='word_1_91' title='bbox 1281 2314 1337 2365; x_wconf 91' lang='lat' dir='ltr'>etc.</span> <span class='ocrx_word' id='word_1_92' title='bbox 1363 2307 1449 2365; x_wconf 89' lang='lat' dir='ltr'>Fide·</span> 
     </span>
     <span class='ocr_line' id='line_1_15' title="bbox 185 2412 1449 2486; baseline -0.001 -15"><span class='ocrx_word' id='word_1_93' title='bbox 185 2415 269 2472; x_wconf 92' lang='lat' dir='ltr'>libus</span> <span class='ocrx_word' id='word_1_94' title='bbox 299 2413 411 2471; x_wconf 89' lang='lat' dir='ltr'>nostris</span> <span class='ocrx_word' id='word_1_95' title='bbox 441 2412 579 2486; x_wconf 91' lang='lat' dir='ltr'>capitulo</span> <span class='ocrx_word' id='word_1_96' title='bbox 603 2412 730 2469; x_wconf 87' lang='lat' dir='ltr'>ecclesie</span> <span class='ocrx_word' id='word_1_97' title='bbox 753 2413 961 2483; x_wconf 86' lang='lat' dir='ltr'>zagrabiensis</span> <span class='ocrx_word' id='word_1_98' title='bbox 985 2412 1117 2470; x_wconf 92' lang='lat' dir='ltr'>salutem</span> <span class='ocrx_word' id='word_1_99' title='bbox 1141 2419 1171 2471; x_wconf 90' lang='lat' dir='ltr'>et</span> <span class='ocrx_word' id='word_1_100' title='bbox 1193 2414 1343 2485; x_wconf 84' lang='lat' dir='ltr'>graciam.</span> <span class='ocrx_word' id='word_1_101' title='bbox 1369 2414 1449 2472; x_wconf 81' lang='lat' dir='ltr'>Licet</span> 
     </span>
     <span class='ocr_line' id='line_1_16' title="bbox 186 2517 1448 2593; baseline -0.002 -16"><span class='ocrx_word' id='word_1_102' title='bbox 186 2521 265 2577; x_wconf 91' lang='lat' dir='ltr'>inter</span> <span class='ocrx_word' id='word_1_103' title='bbox 288 2521 350 2577; x_wconf 89' lang='lat' dir='ltr'>alia</span> <span class='ocrx_word' id='word_1_104' title='bbox 375 2520 404 2576; x_wconf 91' lang='lat' dir='ltr'>in</span> <span class='ocrx_word' id='word_1_105' title='bbox 429 2519 510 2575; x_wconf 83' lang='lat' dir='ltr'>lacto</span> <span class='ocrx_word' id='word_1_106' title='bbox 535 2518 787 2575; x_wconf 83' lang='lat' dir='ltr'>exercituacionis</span> <span class='ocrx_word' id='word_1_107' title='bbox 811 2524 917 2575; x_wconf 91' lang='lat' dir='ltr'>contra</span> <span class='ocrx_word' id='word_1_108' title='bbox 938 2518 1056 2576; x_wconf 91' lang='lat' dir='ltr'>Turcos</span> <span class='ocrx_word' id='word_1_109' title='bbox 1079 2518 1111 2576; x_wconf 91' lang='lat' dir='ltr'>in</span> <span class='ocrx_word' id='word_1_110' title='bbox 1134 2519 1280 2593; x_wconf 87' lang='lat' dir='ltr'>proximo</span> <span class='ocrx_word' id='word_1_111' title='bbox 1305 2517 1448 2589; x_wconf 83' lang='lat' dir='ltr'>faciende,</span> 
     </span>
     <span class='ocr_line' id='line_1_17' title="bbox 184 2623 1447 2698; baseline 0 -16"><span class='ocrx_word' id='word_1_112' title='bbox 184 2626 244 2683; x_wconf 91' lang='lat' dir='ltr'>hoc</span> <span class='ocrx_word' id='word_1_113' title='bbox 267 2625 452 2698; x_wconf 89' lang='lat' dir='ltr'>dispositum</span> <span class='ocrx_word' id='word_1_114' title='bbox 477 2625 524 2694; x_wconf 90' lang='lat' dir='ltr'>sit,</span> <span class='ocrx_word' id='word_1_115' title='bbox 549 2623 632 2696; x_wconf 87' lang='lat' dir='ltr'>quod</span> <span class='ocrx_word' id='word_1_116' title='bbox 657 2624 793 2681; x_wconf 87' lang='lat' dir='ltr'>universi</span> <span class='ocrx_word' id='word_1_117' title='bbox 816 2625 938 2681; x_wconf 90' lang='lat' dir='ltr'>nobiles</span> <span class='ocrx_word' id='word_1_118' title='bbox 960 2630 989 2681; x_wconf 95' lang='lat' dir='ltr'>et</span> <span class='ocrx_word' id='word_1_119' title='bbox 1012 2625 1230 2698; x_wconf 89' lang='lat' dir='ltr'>possessionati</span> <span class='ocrx_word' id='word_1_120' title='bbox 1254 2626 1396 2683; x_wconf 89' lang='lat' dir='ltr'>homines</span> <span class='ocrx_word' id='word_1_121' title='bbox 1411 2624 1447 2682; x_wconf 88' lang='lat' dir='ltr'>il·</span> 
     </span>
     <span class='ocr_line' id='line_1_18' title="bbox 184 2729 1449 2804; baseline 0 -16"><span class='ocrx_word' id='word_1_122' title='bbox 184 2731 245 2788; x_wconf 90' lang='lat' dir='ltr'>lius</span> <span class='ocrx_word' id='word_1_123' title='bbox 277 2731 362 2802; x_wconf 90' lang='lat' dir='ltr'>regni</span> <span class='ocrx_word' id='word_1_124' title='bbox 394 2731 491 2787; x_wconf 81' lang='lat' dir='ltr'>nostri</span> <span class='ocrx_word' id='word_1_125' title='bbox 523 2729 686 2786; x_wconf 89' lang='lat' dir='ltr'>Sclauonie</span> <span class='ocrx_word' id='word_1_126' title='bbox 710 2745 765 2801; x_wconf 89' lang='lat' dir='ltr'>per</span> <span class='ocrx_word' id='word_1_127' title='bbox 788 2730 910 2802; x_wconf 85' lang='lat' dir='ltr'>singula</span> <span class='ocrx_word' id='word_1_128' title='bbox 933 2731 1035 2804; x_wconf 89' lang='lat' dir='ltr'>capita</span> <span class='ocrx_word' id='word_1_129' title='bbox 1058 2731 1248 2788; x_wconf 83' lang='lat' dir='ltr'>exercituare</span> <span class='ocrx_word' id='word_1_130' title='bbox 1271 2736 1303 2788; x_wconf 92' lang='lat' dir='ltr'>et</span> <span class='ocrx_word' id='word_1_131' title='bbox 1327 2729 1366 2789; x_wconf 86' lang='lat' dir='ltr'>de</span> <span class='ocrx_word' id='word_1_132' title='bbox 1392 2732 1449 2789; x_wconf 92' lang='lat' dir='ltr'>sin·</span> 
     </span>
     <span class='ocr_line' id='line_1_19' title="bbox 184 2834 1448 2911; baseline 0 -17"><span class='ocrx_word' id='word_1_133' title='bbox 184 2839 266 2909; x_wconf 89' lang='lat' dir='ltr'>gulis</span> <span class='ocrx_word' id='word_1_134' title='bbox 301 2838 410 2909; x_wconf 87' lang='lat' dir='ltr'>viginti</span> <span class='ocrx_word' id='word_1_135' title='bbox 444 2837 631 2894; x_wconf 87' lang='lat' dir='ltr'>sessionibus</span> <span class='ocrx_word' id='word_1_136' title='bbox 662 2837 728 2894; x_wconf 91' lang='lat' dir='ltr'>sive</span> <span class='ocrx_word' id='word_1_137' title='bbox 758 2837 856 2911; x_wconf 90' lang='lat' dir='ltr'>portis</span> <span class='ocrx_word' id='word_1_138' title='bbox 894 2834 1095 2910; x_wconf 89' lang='lat' dir='ltr'>jobagionum</span> <span class='ocrx_word' id='word_1_139' title='bbox 1127 2851 1254 2894; x_wconf 91' lang='lat' dir='ltr'>suorum</span> <span class='ocrx_word' id='word_1_140' title='bbox 1290 2836 1448 2910; x_wconf 88' lang='lat' dir='ltr'>singulum</span> 
     </span>
     <span class='ocr_line' id='line_1_20' title="bbox 182 2942 1449 3012; baseline -0.002 -12"><span class='ocrx_word' id='word_1_141' title='bbox 182 2959 280 3000; x_wconf 91' lang='lat' dir='ltr'>unum</span> <span class='ocrx_word' id='word_1_142' title='bbox 311 2950 465 3000; x_wconf 88' lang='lat' dir='ltr'>armatum</span> <span class='ocrx_word' id='word_1_143' title='bbox 498 2957 602 3001; x_wconf 91' lang='lat' dir='ltr'>secum</span> <span class='ocrx_word' id='word_1_144' title='bbox 634 2942 672 2999; x_wconf 92' lang='lat' dir='ltr'>ad</span> <span class='ocrx_word' id='word_1_145' title='bbox 705 2944 874 3000; x_wconf 87' lang='lat' dir='ltr'>exercitum</span> <span class='ocrx_word' id='word_1_146' title='bbox 905 2942 1017 2999; x_wconf 89' lang='lat' dir='ltr'>ducere</span> <span class='ocrx_word' id='word_1_147' title='bbox 1049 2948 1225 3012; x_wconf 88' lang='lat' dir='ltr'>teneantur,</span> <span class='ocrx_word' id='word_1_148' title='bbox 1257 2945 1364 3000; x_wconf 88' lang='lat' dir='ltr'>tamen</span> <span class='ocrx_word' id='word_1_149' title='bbox 1395 2957 1449 3000; x_wconf 90' lang='lat' dir='ltr'>nos</span> 
     </span>
     <span class='ocr_line' id='line_1_21' title="bbox 187 3048 1447 3122; baseline 0.001 -17"><span class='ocrx_word' id='word_1_150' title='bbox 187 3049 379 3106; x_wconf 89' lang='lat' dir='ltr'>considerata</span> <span class='ocrx_word' id='word_1_151' title='bbox 411 3054 594 3122; x_wconf 88' lang='lat' dir='ltr'>paupertate</span> <span class='ocrx_word' id='word_1_152' title='bbox 625 3049 711 3106; x_wconf 92' lang='lat' dir='ltr'>illius</span> <span class='ocrx_word' id='word_1_153' title='bbox 742 3049 871 3106; x_wconf 84' lang='lat' dir='ltr'>ecclesie</span> <span class='ocrx_word' id='word_1_154' title='bbox 901 3048 1117 3120; x_wconf 85' lang='lat' dir='ltr'>zagrabiensis,</span> <span class='ocrx_word' id='word_1_155' title='bbox 1148 3062 1204 3104; x_wconf 89' lang='lat' dir='ltr'>vos</span> <span class='ocrx_word' id='word_1_156' title='bbox 1236 3054 1266 3105; x_wconf 92' lang='lat' dir='ltr'>et</span> <span class='ocrx_word' id='word_1_157' title='bbox 1299 3050 1383 3106; x_wconf 90' lang='lat' dir='ltr'>bona</span> <span class='ocrx_word' id='word_1_158' title='bbox 1412 3064 1447 3107; x_wconf 90' lang='lat' dir='ltr'>ac</span> 
     </span>
     <span class='ocr_line' id='line_1_22' title="bbox 184 3152 1450 3228; baseline 0.001 -18"><span class='ocrx_word' id='word_1_159' title='bbox 184 3156 392 3228; x_wconf 88' lang='lat' dir='ltr'>possessiones</span> <span class='ocrx_word' id='word_1_160' title='bbox 415 3161 534 3212; x_wconf 88' lang='lat' dir='ltr'>vestras</span> <span class='ocrx_word' id='word_1_161' title='bbox 557 3156 597 3211; x_wconf 89' lang='lat' dir='ltr'>ab</span> <span class='ocrx_word' id='word_1_162' title='bbox 621 3153 800 3211; x_wconf 89' lang='lat' dir='ltr'>huiusmodi</span> <span class='ocrx_word' id='word_1_163' title='bbox 824 3154 1068 3212; x_wconf 84' lang='lat' dir='ltr'>exercituacione</span> <span class='ocrx_word' id='word_1_164' title='bbox 1083 3154 1141 3211; x_wconf 92' lang='lat' dir='ltr'>hac</span> <span class='ocrx_word' id='word_1_165' title='bbox 1158 3153 1224 3210; x_wconf 87' lang='lat' dir='ltr'>vice</span> <span class='ocrx_word' id='word_1_166' title='bbox 1248 3153 1367 3212; x_wconf 89' lang='lat' dir='ltr'>liberos</span> <span class='ocrx_word' id='word_1_167' title='bbox 1383 3152 1450 3212; x_wconf 90' lang='lat' dir='ltr'>red·</span> 
     </span>
     <span class='ocr_line' id='line_1_23' title="bbox 184 3259 1450 3334; baseline -0.001 -16"><span class='ocrx_word' id='word_1_168' title='bbox 184 3260 326 3330; x_wconf 87' lang='lat' dir='ltr'>didimus,</span> <span class='ocrx_word' id='word_1_169' title='bbox 345 3262 385 3316; x_wconf 90' lang='lat' dir='ltr'>ita</span> <span class='ocrx_word' id='word_1_170' title='bbox 403 3268 514 3331; x_wconf 89' lang='lat' dir='ltr'>tamen,</span> <span class='ocrx_word' id='word_1_171' title='bbox 531 3265 566 3317; x_wconf 93' lang='lat' dir='ltr'>ut</span> <span class='ocrx_word' id='word_1_172' title='bbox 588 3260 627 3317; x_wconf 93' lang='lat' dir='ltr'>de</span> <span class='ocrx_word' id='word_1_173' title='bbox 650 3260 766 3317; x_wconf 89' lang='lat' dir='ltr'>eisdem</span> <span class='ocrx_word' id='word_1_174' title='bbox 795 3261 883 3318; x_wconf 90' lang='lat' dir='ltr'>bonis</span> <span class='ocrx_word' id='word_1_175' title='bbox 906 3260 1017 3318; x_wconf 84' lang='lat' dir='ltr'>vestris</span> <span class='ocrx_word' id='word_1_176' title='bbox 1039 3261 1128 3317; x_wconf 91' lang='lat' dir='ltr'>nobis</span> <span class='ocrx_word' id='word_1_177' title='bbox 1151 3259 1227 3317; x_wconf 87' lang='lat' dir='ltr'>certi</span> <span class='ocrx_word' id='word_1_178' title='bbox 1250 3261 1334 3333; x_wconf 89' lang='lat' dir='ltr'>equi,</span> <span class='ocrx_word' id='word_1_179' title='bbox 1356 3275 1450 3334; x_wconf 86' lang='lat' dir='ltr'>super</span> 
     </span>
     <span class='ocr_line' id='line_1_24' title="bbox 183 3365 1450 3440; baseline 0.001 -18"><span class='ocrx_word' id='word_1_180' title='bbox 183 3368 297 3440; x_wconf 89' lang='lat' dir='ltr'>quibus</span> <span class='ocrx_word' id='word_1_181' title='bbox 316 3367 453 3440; x_wconf 87' lang='lat' dir='ltr'>pondera</span> <span class='ocrx_word' id='word_1_182' title='bbox 474 3366 548 3423; x_wconf 88' lang='lat' dir='ltr'>lerri</span> <span class='ocrx_word' id='word_1_183' title='bbox 565 3375 717 3439; x_wconf 89' lang='lat' dir='ltr'>poterunt,</span> <span class='ocrx_word' id='word_1_184' title='bbox 736 3366 946 3440; x_wconf 88' lang='lat' dir='ltr'>disponantur.</span> <span class='ocrx_word' id='word_1_185' title='bbox 971 3365 1169 3439; x_wconf 82' lang='lat' dir='ltr'>Quapropter</span> <span class='ocrx_word' id='word_1_186' title='bbox 1185 3365 1330 3424; x_wconf 88' lang='lat' dir='ltr'>fidelitati</span> <span class='ocrx_word' id='word_1_187' title='bbox 1350 3373 1450 3424; x_wconf 77' lang='lat' dir='ltr'>vestre</span> 
     </span>
     <span class='ocr_line' id='line_1_25' title="bbox 182 3471 1451 3545; baseline -0.001 -15"><span class='ocrx_word' id='word_1_188' title='bbox 182 3474 293 3530; x_wconf 89' lang='lat' dir='ltr'>harum</span> <span class='ocrx_word' id='word_1_189' title='bbox 321 3474 399 3530; x_wconf 88' lang='lat' dir='ltr'>serie</span> <span class='ocrx_word' id='word_1_190' title='bbox 431 3473 563 3530; x_wconf 87' lang='lat' dir='ltr'>firmiter</span> <span class='ocrx_word' id='word_1_191' title='bbox 586 3473 810 3529; x_wconf 88' lang='lat' dir='ltr'>committimus</span> <span class='ocrx_word' id='word_1_192' title='bbox 834 3480 863 3529; x_wconf 91' lang='lat' dir='ltr'>et</span> <span class='ocrx_word' id='word_1_193' title='bbox 887 3471 1079 3543; x_wconf 67' lang='lat' dir='ltr'>mandamus</span> <span class='ocrx_word' id='word_1_194' title='bbox 1103 3480 1254 3544; x_wconf 90' lang='lat' dir='ltr'>quatenus</span> <span class='ocrx_word' id='word_1_195' title='bbox 1277 3472 1354 3529; x_wconf 85' lang='lat' dir='ltr'>visis</span> <span class='ocrx_word' id='word_1_196' title='bbox 1383 3486 1451 3545; x_wconf 88' lang='lat' dir='ltr'>pre·</span> 
     </span>
     <span class='ocr_line' id='line_1_26' title="bbox 182 3576 1450 3650; baseline -0.002 -15"><span class='ocrx_word' id='word_1_197' title='bbox 182 3580 329 3649; x_wconf 88' lang='lat' dir='ltr'>sentibus,</span> <span class='ocrx_word' id='word_1_198' title='bbox 362 3578 540 3636; x_wconf 88' lang='lat' dir='ltr'>huiusmodi</span> <span class='ocrx_word' id='word_1_199' title='bbox 573 3593 669 3650; x_wconf 88' lang='lat' dir='ltr'>equos</span> <span class='ocrx_word' id='word_1_200' title='bbox 695 3579 781 3634; x_wconf 81' lang='lat' dir='ltr'>iuxta</span> <span class='ocrx_word' id='word_1_201' title='bbox 803 3578 1058 3635; x_wconf 85' lang='lat' dir='ltr'>informacionem</span> <span class='ocrx_word' id='word_1_202' title='bbox 1081 3576 1184 3634; x_wconf 91' lang='lat' dir='ltr'>fidelis</span> <span class='ocrx_word' id='word_1_203' title='bbox 1212 3578 1312 3635; x_wconf 90' lang='lat' dir='ltr'>nostri</span> <span class='ocrx_word' id='word_1_204' title='bbox 1336 3577 1450 3650; x_wconf 84' lang='lat' dir='ltr'>egregii</span> 
     </span>
     <span class='ocr_line' id='line_1_27' title="bbox 184 3681 1449 3757; baseline -0.001 -16"><span class='ocrx_word' id='word_1_205' title='bbox 184 3684 333 3742; x_wconf 89' lang='lat' dir='ltr'>Friderici</span> <span class='ocrx_word' id='word_1_206' title='bbox 357 3685 546 3756; x_wconf 86' lang='lat' dir='ltr'>Lamberger</span> <span class='ocrx_word' id='word_1_207' title='bbox 570 3686 722 3756; x_wconf 90' lang='lat' dir='ltr'>capitanei</span> <span class='ocrx_word' id='word_1_208' title='bbox 745 3684 837 3741; x_wconf 87' lang='lat' dir='ltr'>castri</span> <span class='ocrx_word' id='word_1_209' title='bbox 859 3683 956 3740; x_wconf 86' lang='lat' dir='ltr'>nostri</span> <span class='ocrx_word' id='word_1_210' title='bbox 988 3681 1207 3754; x_wconf 85' lang='lat' dir='ltr'>Chakthornya</span> <span class='ocrx_word' id='word_1_211' title='bbox 1240 3681 1278 3739; x_wconf 92' lang='lat' dir='ltr'>de</span> <span class='ocrx_word' id='word_1_212' title='bbox 1303 3684 1449 3757; x_wconf 88' lang='lat' dir='ltr'>pretactis</span> 
     </span>
     <span class='ocr_line' id='line_1_28' title="bbox 182 3788 1446 3863; baseline 0.001 -18"><span class='ocrx_word' id='word_1_213' title='bbox 182 3790 272 3846; x_wconf 88' lang='lat' dir='ltr'>bonis</span> <span class='ocrx_word' id='word_1_214' title='bbox 297 3797 325 3845; x_wconf 90' lang='lat' dir='ltr'>et</span> <span class='ocrx_word' id='word_1_215' title='bbox 344 3790 590 3861; x_wconf 87' lang='lat' dir='ltr'>possessionibus</span> <span class='ocrx_word' id='word_1_216' title='bbox 615 3791 725 3846; x_wconf 79' lang='lat' dir='ltr'>uestris</span> <span class='ocrx_word' id='word_1_217' title='bbox 742 3790 947 3863; x_wconf 88' lang='lat' dir='ltr'>disponeretis</span> <span class='ocrx_word' id='word_1_218' title='bbox 970 3788 1095 3846; x_wconf 92' lang='lat' dir='ltr'>eosdem</span> <span class='ocrx_word' id='word_1_219' title='bbox 1119 3803 1215 3861; x_wconf 90' lang='lat' dir='ltr'>equos</span> <span class='ocrx_word' id='word_1_220' title='bbox 1240 3789 1314 3860; x_wconf 87' lang='lat' dir='ltr'>illis,</span> <span class='ocrx_word' id='word_1_221' title='bbox 1332 3790 1446 3862; x_wconf 88' lang='lat' dir='ltr'>quibus</span> 
     </span>
     <span class='ocr_line' id='line_1_29' title="bbox 181 3893 1449 3967; baseline 0 -16"><span class='ocrx_word' id='word_1_222' title='bbox 181 3896 248 3966; x_wconf 90' lang='lat' dir='ltr'>ipse</span> <span class='ocrx_word' id='word_1_223' title='bbox 265 3894 456 3964; x_wconf 87' lang='lat' dir='ltr'>Lamberger</span> <span class='ocrx_word' id='word_1_224' title='bbox 473 3894 593 3964; x_wconf 84' lang='lat' dir='ltr'>dixerit,</span> <span class='ocrx_word' id='word_1_225' title='bbox 609 3895 683 3951; x_wconf 88' lang='lat' dir='ltr'>dare</span> <span class='ocrx_word' id='word_1_226' title='bbox 698 3901 727 3952; x_wconf 89' lang='lat' dir='ltr'>et</span> <span class='ocrx_word' id='word_1_227' title='bbox 752 3897 906 3967; x_wconf 80' lang='lat' dir='ltr'>assignare</span> <span class='ocrx_word' id='word_1_228' title='bbox 932 3895 1094 3952; x_wconf 85' lang='lat' dir='ltr'>deberetis.</span> <span class='ocrx_word' id='word_1_229' title='bbox 1118 3893 1211 3952; x_wconf 90' lang='lat' dir='ltr'>Secus</span> <span class='ocrx_word' id='word_1_230' title='bbox 1235 3894 1326 3953; x_wconf 91' lang='lat' dir='ltr'>nullo</span> <span class='ocrx_word' id='word_1_231' title='bbox 1354 3893 1449 3952; x_wconf 90' lang='lat' dir='ltr'>modo</span> 
     </span>
     <span class='ocr_line' id='line_1_30' title="bbox 182 3999 1447 4073; baseline 0.002 -17"><span class='ocrx_word' id='word_1_232' title='bbox 182 3999 303 4056; x_wconf 85' lang='lat' dir='ltr'>facturi.</span> <span class='ocrx_word' id='word_1_233' title='bbox 334 4000 450 4055; x_wconf 88' lang='lat' dir='ltr'>Datum</span> <span class='ocrx_word' id='word_1_234' title='bbox 483 3999 566 4056; x_wconf 90' lang='lat' dir='ltr'>Bude</span> <span class='ocrx_word' id='word_1_235' title='bbox 598 4003 628 4058; x_wconf 90' lang='lat' dir='ltr'>in</span> <span class='ocrx_word' id='word_1_236' title='bbox 659 4002 766 4073; x_wconf 80' lang='lat' dir='ltr'>vigilia</span> <span class='ocrx_word' id='word_1_237' title='bbox 796 4001 864 4059; x_wconf 91' lang='lat' dir='ltr'>lesti</span> <span class='ocrx_word' id='word_1_238' title='bbox 898 4003 978 4058; x_wconf 91' lang='lat' dir='ltr'>beati</span> <span class='ocrx_word' id='word_1_239' title='bbox 1002 4000 1164 4058; x_wconf 87' lang='lat' dir='ltr'>Laurencii</span> <span class='ocrx_word' id='word_1_240' title='bbox 1186 4001 1335 4058; x_wconf 90' lang='lat' dir='ltr'>martiris.</span> <span class='ocrx_word' id='word_1_241' title='bbox 1358 4002 1447 4058; x_wconf 82' lang='lat' dir='ltr'>Anno</span> 
     </span>
     <span class='ocr_line' id='line_1_31' title="bbox 182 4104 1447 4181; baseline 0.003 -20"><span class='ocrx_word' id='word_1_242' title='bbox 182 4104 300 4162; x_wconf 92' lang='lat' dir='ltr'>domini</span> <span class='ocrx_word' id='word_1_243' title='bbox 331 4106 500 4162; x_wconf 91' lang='lat' dir='ltr'>millesimo</span> <span class='ocrx_word' id='word_1_244' title='bbox 531 4108 835 4180; x_wconf 87' lang='lat' dir='ltr'>quadringentesimo</span> <span class='ocrx_word' id='word_1_245' title='bbox 867 4109 1059 4180; x_wconf 87' lang='lat' dir='ltr'>sexagesimo</span> <span class='ocrx_word' id='word_1_246' title='bbox 1083 4109 1201 4181; x_wconf 89' lang='lat' dir='ltr'>quinto.</span> <span class='ocrx_word' id='word_1_247' title='bbox 1226 4107 1327 4181; x_wconf 83' lang='lat' dir='ltr'>Regni</span> <span class='ocrx_word' id='word_1_248' title='bbox 1349 4107 1447 4166; x_wconf 89' lang='lat' dir='ltr'>nostri</span> 
     </span>
     <span class='ocr_line' id='line_1_32' title="bbox 182 4214 903 4280; baseline 0.007 -14"><span class='ocrx_word' id='word_1_249' title='bbox 182 4225 261 4267; x_wconf 91' lang='lat' dir='ltr'>anno</span> <span class='ocrx_word' id='word_1_250' title='bbox 283 4219 403 4280; x_wconf 69' lang='lat' dir='ltr'>octavo</span> <span class='ocrx_word' id='word_1_251' title='bbox 427 4215 638 4271; x_wconf 90' lang='lat' dir='ltr'>coronacionis</span> <span class='ocrx_word' id='word_1_252' title='bbox 662 4230 736 4271; x_wconf 88' lang='lat' dir='ltr'>vero</span> <span class='ocrx_word' id='word_1_253' title='bbox 760 4214 903 4271; x_wconf 85' lang='lat' dir='ltr'>secunde.</span> 
     </span>
    </p>
   </div>
   <div class='ocr_carea' id='block_1_8' title="bbox 181 4416 1444 4572">
    <p class='ocr_par' dir='ltr' id='par_1_9' title="bbox 181 4416 1444 4572">
     <span class='ocr_line' id='line_1_33' title="bbox 287 4416 1444 4484; baseline 0.008 -20"><span class='ocrx_word' id='word_1_254' title='bbox 287 4416 419 4479; x_wconf 82' lang='lat' dir='ltr'>Originale</span> <span class='ocrx_word' id='word_1_255' title='bbox 438 4418 465 4466; x_wconf 91' lang='lat' dir='ltr'>in</span> <span class='ocrx_word' id='word_1_256' title='bbox 490 4418 584 4468; x_wconf 87' lang='lat' dir='ltr'>charla.</span> <span class='ocrx_word' id='word_1_257' title='bbox 622 4421 652 4466; x_wconf 93' lang='lat' dir='ltr'>In</span> <span class='ocrx_word' id='word_1_258' title='bbox 678 4420 791 4482; x_wconf 82' lang='lat' dir='ltr'>margine</span> <span class='ocrx_word' id='word_1_259' title='bbox 818 4421 933 4469; x_wconf 83' lang='lat' dir='ltr'>inferiori</span> <span class='ocrx_word' id='word_1_260' title='bbox 961 4421 1114 4484; x_wconf 88' lang='lat' dir='ltr'>impressum</span> <span class='ocrx_word' id='word_1_261' title='bbox 1142 4426 1180 4468; x_wconf 90' lang='lat' dir='ltr'>est</span> <span class='ocrx_word' id='word_1_262' title='bbox 1206 4420 1332 4484; x_wconf 86' lang='lat' dir='ltr'>sigillum.</span> <span class='ocrx_word' id='word_1_263' title='bbox 1357 4423 1389 4472; x_wconf 85' lang='lat' dir='ltr'>Iu</span> <span class='ocrx_word' id='word_1_264' title='bbox 1408 4438 1444 4472; x_wconf 77' lang='lat' dir='ltr'>ar·</span> 
     </span>
     <span class='ocr_line' id='line_1_34' title="bbox 181 4503 1128 4572; baseline 0.007 -21"><span class='ocrx_word' id='word_1_265' title='bbox 181 4503 266 4552; x_wconf 85' lang='lat' dir='ltr'>chivio</span> <span class='ocrx_word' id='word_1_266' title='bbox 285 4521 341 4557; x_wconf 87' lang='lat' dir='ltr'>ven.</span> <span class='ocrx_word' id='word_1_267' title='bbox 362 4506 446 4569; x_wconf 85' lang='lat' dir='ltr'>Capit.</span> <span class='ocrx_word' id='word_1_268' title='bbox 467 4507 646 4569; x_wconf 80' lang='lat' dir='ltr'>zagrabiensis.</span> <span class='ocrx_word' id='word_1_269' title='bbox 667 4508 728 4557; x_wconf 87' lang='lat' dir='ltr'>Act.</span> <span class='ocrx_word' id='word_1_270' title='bbox 748 4508 811 4572; x_wconf 86' lang='lat' dir='ltr'>Cap.</span> <span class='ocrx_word' id='word_1_271' title='bbox 831 4516 874 4556; x_wconf 85' lang='lat' dir='ltr'>unt</span> <span class='ocrx_word' id='word_1_272' title='bbox 903 4510 963 4559; x_wconf 83' lang='lat' dir='ltr'>fasc.</span> <span class='ocrx_word' id='word_1_273' title='bbox 988 4522 1008 4559; x_wconf 90' lang='lat'>1.</span> <span class='ocrx_word' id='word_1_274' title='bbox 1028 4525 1066 4560; x_wconf 88' lang='lat' dir='ltr'>nr.</span> <span class='ocrx_word' id='word_1_275' title='bbox 1089 4518 1128 4559; x_wconf 87' lang='lat'>10.</span> 
     </span>
    </p>
   </div>
   <div class='ocr_carea' id='block_1_9' title="bbox 0 0 1644 5348">
    <p class='ocr_par' dir='ltr' id='par_1_10' title="bbox 0 0 1644 5348">
     <span class='ocr_line' id='line_1_35' title="bbox 0 0 1644 5348; baseline 0 1"><span class='ocrx_word' id='word_1_276' title='bbox 0 0 1644 5348; x_wconf 95' lang='lat' dir='ltr'> </span> 
     </span>
    </p>
   </div>
  </div>
 </body>
</html>
