3278 5348
607 408 680 467 Dor.
705 418 772 483 135.
798 440 838 449 -
862 407 918 465 An.
945 421 1034 484 144³·
1394 426 1449 485 ¹9¹

185 621 314 695 publice
337 628 367 679 et
390 621 552 680 manifeste
575 622 732 697 appellari
755 621 909 695 fecissent,
933 626 963 679 et
986 621 1024 679 de
1040 622 1109 696 ipsa
1124 623 1304 696 captivitate
1319 615 1455 698 (vivum)

184 742 246 785 non
262 727 445 799 emisissent,
469 727 568 786 donec
583 727 667 787 idern
691 728 835 786 dominus
859 727 1012 800 Georgius
1028 743 1085 800 per
1100 728 1319 800 imposiciones
1335 729 1454 799 mortis,

185 834 343 892 minarum
374 839 403 892 et
433 835 611 904 verberum,
641 835 746 893 omnia
769 840 799 891 et
829 834 952 906 singula
975 840 1081 891 contra
1105 840 1135 891 et
1158 834 1308 892 adversus
1329 833 1455 891 eosdem

185 939 268 998 cives
292 954 398 998 coram
421 941 542 999 notario
567 941 697 1014 publico
727 939 808 998 facta
843 948 872 998 et
903 946 1080 1014 protestata,
1111 946 1274 1013 tamquam
1307 940 1340 996 vi
1371 954 1454 997 com-

114 1088 118 1097 .
185 1045 295 1119 pulsus
318 1051 494 1105 revocasset
509 1052 539 1105 et
562 1048 820 1118 abrenunciasset,
836 1061 953 1104 necnon
971 1051 1071 1104 certos
1088 1046 1292 1117 fideiussores,
1310 1045 1456 1105 videlicet

185 1152 386 1209 honorabiles
410 1153 494 1210 viros
517 1152 672 1211 dominos:
696 1153 850 1211 Thomam
867 1152 905 1210 de
922 1153 1077 1226 Iwanych,
1102 1151 1293 1226 Stephanum
1317 1152 1355 1210 de
1379 1152 1454 1226 Wy·

185 1257 262 1316 zolra
286 1260 449 1317 canonicos
471 1259 599 1317 ecclesie
622 1259 830 1332 zagrabiensis
854 1257 999 1333 predicte,
1024 1259 1201 1328 Martinum,
1225 1258 1302 1316 alias
1320 1256 1454 1333 judicem

185 1370 214 1423 et
236 1366 441 1438 Anthonium,
461 1365 579 1423 dictum
603 1365 728 1438 Golyas‚
752 1366 830 1423 alias
853 1363 999 1440 juratum,
1031 1366 1114 1422 cives
1138 1365 1271 1423 civitatis
1301 1366 1454 1424 antedicte

185 1471 304 1529 eisdem
328 1471 458 1530 Nicolao
482 1471 642 1530 aurifabro
662 1478 692 1529 et
714 1471 783 1529 aliis
807 1471 956 1547 predictis
980 1472 1101 1529 civibus
1125 1486 1218 1545 super
1242 1487 1286 1543 eo,
1321 1479 1355 1529 ut
1387 1473 1454 1546 ipse

185 1578 374 1636 sufficientes
404 1578 524 1637 litteras
547 1578 755 1652 expeditorias
787 1579 818 1636 in
834 1572 1006 1655 (premissis
1030 1620 1221 1636 .......
1246 1579 1454 1650 zagrabiensis

186 1690 349 1757 prenotate
372 1684 447 1742 dare
472 1685 598 1743 deberet
621 1700 679 1759 pro
703 1701 736 1743 se
764 1686 832 1759 ipso
856 1726 1137 1743 ..........
1163 1691 1194 1743 et
1216 1685 1401 1757 assignasset
1422 1686 1454 1742 in

185 1781 351 1868 (personis)
375 1790 492 1849 domini
516 1791 643 1863 Georgii
667 1790 870 1865 predicatoris
893 1797 924 1848 et
939 1791 1013 1848 dicti
1030 1791 1165 1849 hominis
1182 1791 1231 1848 sui
1248 1791 1455 1864 preiudicium

186 1910 220 1954 ac
243 1895 378 1954 dedecus
401 1897 494 1954 valde
514 1912 682 1970 magnum;
704 1903 735 1955 et
759 1899 789 1955 in
812 1896 990 1955 huiusmodi
1007 1897 1278 1970 comprobacionis
1301 1897 1381 1955 dicte
1400 1913 1455 1954 sue

186 1994 439 2081 con(qucstionis)
462 2048 589 2061 .....
613 2013 713 2061 certos
737 2010 828 2061 testes
852 2002 933 2061 infra
956 2003 1165 2061 declarandos
1189 2010 1219 2061 et
1240 2002 1453 2075 nominandos,

187 2109 339 2181 premisso
363 2108 458 2167 modo
481 2109 599 2181 citatos,
622 2118 761 2167 nostram
784 2115 814 2167 et
846 2109 1027 2167 eorumdem
1052 2125 1243 2167 assessorum
1273 2116 1453 2167 nostrorum

187 2215 380 2287 presenciam
414 2214 554 2285 adduxit,
589 2221 696 2290 petens
730 2232 786 2274 nos
822 2209 947 2295 (humili
981 2207 1065 2292 cum)
1089 2217 1245 2285 instancia,
1268 2220 1302 2274 ut
1325 2214 1452 2273 eosdem

187 2324 277 2378 testes
300 2326 460 2395 acceptare
482 2328 512 2379 et
535 2323 720 2393 examinare,
736 2338 772 2380 ac
787 2322 870 2380 dicta
886 2328 916 2379 et
931 2323 1143 2379 attestaciones
1159 2322 1301 2395 ipsorum
1317 2321 1454 2395 recipere

186 2434 214 2484 et
237 2427 395 2485 conscribi
418 2425 520 2486 facere
543 2427 753 2501 dignaremur.
778 2429 842 2486 Nos
866 2444 940 2486 vero
963 2428 1118 2511 Johannes
1142 2428 1251 2486 doctor
1274 2432 1304 2486 et
1321 2428 1454 2486 vicarius

185 2533 325 2607 prefatus
347 2534 538 2593 attendentes
562 2536 801 2609 requisicionem
821 2535 1001 2592 huiusmodi
1035 2533 1149 2611 justam
1173 2533 1239 2592 fore
1274 2541 1304 2592 et
1337 2534 1453 2592 racioni

184 2654 361 2711 consonam,
385 2656 457 2698 cum
480 2641 605 2699 eosdem
630 2647 721 2700 testes
746 2641 890 2700 videlicet
913 2641 1131 2700 honorabilem
1147 2646 1176 2698 et
1193 2640 1342 2698 discretos
1360 2640 1452 2712 viros,

184 2744 329 2805 dominos
363 2746 499 2819 Petrum,
534 2748 705 2821 plebanum
740 2748 867 2806 ecclesie
900 2749 983 2806 beati
1013 2747 1161 2830 Johannis
1192 2745 1231 2804 de
1262 2747 1351 2805 Nova
1374 2747 1453 2804 villa

182 2894 624 2913 ...............
649 2856 841 2913 Anthonium
874 2854 1060 2927 magistrum
1091 2854 1212 2928 capelle
1242 2854 1333 2911 beate
1357 2853 1454 2911 Marie

182 2960 315 3034 virginis
340 2957 484 3016 dedicta
507 2965 612 3018 monte
635 2958 781 3019 Grecensi
803 3001 1243 3018 ...............
1269 2959 1300 3016 in
1325 2958 1454 3016 ecclesia

182 3065 386 3139 zagrabiensi,
411 3064 609 3123 Benedictum
632 3065 671 3123 de
691 3066 930 3139 Polosychycza,
954 3065 1086 3122 Paulum
1110 3070 1139 3121 et
1170 3065 1322 3122 Mathiam
1353 3064 1391 3121 de
1415 3110 1420 3122 .
1445 3110 1451 3122 .

183 3214 530 3230 ............
554 3171 778 3246 prebendar‘ros
802 3218 808 3230 .
833 3219 838 3229 .
864 3218 869 3229 .
895 3215 902 3230 .
927 3217 932 3228 .
957 3216 963 3228 .
988 3217 993 3229 .
1018 3217 1024 3228 .
1049 3214 1054 3226 .
1079 3217 1085 3227 .
1109 3217 1115 3229 .
1139 3216 1145 3228 .
1170 3216 1204 3228 ..
1233 3171 1388 3246 premisso
1411 3170 1451 3228 ad

184 3277 388 3335 consciensias
411 3279 553 3351 ipsorum
576 3279 665 3336 tactis
688 3279 720 3336 in
754 3279 898 3335 manibus
931 3277 1044 3335 nostris
1079 3277 1285 3350 corporaliter
1320 3277 1450 3350 prestito

181 3380 358 3459 juramento
391 3384 557 3456 requisitos
586 3384 811 3456 habuissemus,
841 3390 913 3442 tunc
936 3385 996 3457 ipsi
1019 3398 1072 3441 ore
1095 3384 1225 3456 proprio
1229 3425 1451 3441 ........

183 3491 288 3548 omnia
310 3496 340 3548 et
363 3490 485 3562 singula
509 3506 566 3564 per
589 3489 745 3562 prefatum
768 3489 932 3549 Nicolaum
956 3489 1152 3547 aurifabrum
1174 3486 1310 3564 judicem
1326 3495 1355 3547 et
1372 3490 1450 3546 alios

183 3595 340 3670 predictos
363 3602 504 3668 tempore
527 3636 867 3654 ............
891 3602 996 3654 contra
1020 3596 1189 3669 Georgium
1207 3605 1238 3654 et
1252 3596 1453 3655 Dominicum

184 3702 343 3759 hominem
366 3717 458 3759 suurn
481 3702 648 3759 commissa
664 3701 730 3759 fore
754 3710 783 3760 et
806 3710 993 3778 perpetrata,
1017 3707 1112 3777 prout
1134 3709 1163 3760 et
1186 3701 1453 3775 quemadmodum

183 3822 289 3866 coram
312 3808 402 3865 nobis
426 3813 455 3865 et
477 3808 554 3882 ipsis
576 3808 783 3866 assessoribus
806 3809 918 3867 nostris
941 3815 971 3866 et
993 3809 1113 3866 notario
1140 3808 1268 3882 publico
1293 3853 1451 3865 ......

184 3955 554 3974 .............
579 3914 804 3988 proposicionis
835 3930 889 3972 sue
922 3915 1074 3973 antedicte
1109 3915 1284 3972 contineret.
1308 3915 1342 3972 In
1365 3915 1452 3972 cuius

182 4020 228 4078 rei
250 4019 463 4078 testimonium
494 4024 652 4093 presentes
681 4021 801 4078 litteras
831 4028 951 4078 nostras
982 4021 1077 4092 sigilli
1109 4014 1219 4097 (nostri
1249 4013 1451 4099 appensione)

182 4125 277 4185 simul
299 4141 371 4184 curn
394 4125 631 4200 subscripcione,
646 4128 839 4184 notariorum
873 4127 1072 4201 publicorum
1103 4125 1376 4198 infrascriptorum
1400 4138 1449 4183 ro·

183 4233 318 4304 boratas,
334 4232 395 4306 ipsi
410 4231 536 4290 domino
554 4231 688 4305 Georgio
712 4231 857 4290 duximus
881 4232 1090 4291 concedendas
1112 4231 1187 4307 juris
1207 4230 1304 4304 ipsius
1319 4230 1357 4287 ad
1381 4245 1452 4288 cau·

183 4340 279 4397 telam
302 4379 830 4406 ..................
854 4340 885 4397 in
917 4340 1010 4397 domo
1035 4340 1125 4396 solite
1146 4336 1314 4394 residencie
1348 4344 1451 4395 nostre

184 4487 621 4504 ...............
647 4444 723 4502 feria
757 4445 851 4502 tercia
874 4446 1018 4519 proxima
1041 4450 1112 4518 post
1136 4444 1312 4518 predictum
1336 4442 1450 4501 festum

183 4551 429 4626 Epiphaniamm
453 4549 579 4622 domini,
603 4566 682 4608 anno
706 4550 843 4609 eiusdem
861 4551 1030 4609 millesimo
1054 4549 1359 4624 quadringentesimo
1376 4564 1451 4622 qua·

183 4655 362 4730 dragesimo
384 4655 489 4727 tercio,
513 4655 683 4715 indiccione
706 4663 801 4729 sexta,
823 4657 873 4716 die
908 4672 982 4715 vero
1016 4664 1125 4715 octava
1160 4656 1274 4714 mensis
1308 4654 1448 4733 januarii,

151 4746 154 4751 ¹
183 4766 261 4823 hora
283 4769 370 4824 sexta
395 4764 449 4823 vel
474 4764 568 4837 quasi.
593 4762 792 4823 Pontificatus
815 4770 918 4822 autem
942 4763 1128 4822 sanctissimi
1151 4763 1182 4821 in
1205 4762 1330 4822 Christo
1352 4762 1450 4837 patris

184 4877 216 4929 et
238 4868 366 4944 domini,
390 4869 509 4929 domini
531 4870 660 4944 Eugenii
683 4869 789 4929 divina
811 4869 1012 4945 providencia
1035 4885 1117 4945 pape
1140 4870 1253 4945 quarti,
1282 4885 1362 4929 auno
1384 4868 1450 4927 eius
