3278 5348
561 458 634 515 Doc.
658 452 731 513 266.
757 489 797 499 -
822 455 878 513 An.
904 452 996 533 1469.
1342 471 1400 530 331

125 688 227 731 suam
248 672 302 731 vel
324 687 433 731 eorum
457 673 719 746 expurgacionem
742 688 775 730 se
791 687 966 746 expurgare
989 686 1093 729 coram
1117 670 1200 729 dicto
1222 675 1329 729 nostro
1351 670 1404 728 tri·

127 779 262 837 butario
285 783 448 837 teneantur
477 784 507 836 et
538 783 685 836 teneatur.
718 778 804 850 Item,
834 778 916 851 quod
948 793 1004 835 nos
1027 784 1057 835 et
1081 777 1284 835 decimatores
1307 778 1406 834 nostri

129 893 280 958 tempore
304 884 455 943 vindemii
477 884 510 942 in
530 884 659 943 konchis
691 891 721 942 ct
743 884 821 942 locis
842 885 873 943 in
898 885 1054 943 territorio
1077 884 1175 957 ipsius
1197 883 1331 942 civitatis
1353 881 1404 940 de·

130 991 233 1049 cimas
256 991 321 1049 vini
343 1006 396 1048 seu
419 990 514 1048 musti
537 990 703 1063 exigentes,
726 990 802 1047 dum
835 989 1039 1063 quoadusque
1070 990 1102 1047 in
1125 989 1200 1063 ipsis
1223 989 1352 1047 decimis
1374 995 1406 1046 et

130 1096 266 1155 konchis
289 1098 321 1155 in
344 1096 504 1170 exigendis
527 1097 609 1155 vinis
631 1112 686 1155 seu
707 1098 819 1155 mustis
841 1097 1076 1171 permanserint,
1100 1102 1164 1154 tam
1180 1097 1272 1168 cives,
1287 1095 1404 1153 incolas

131 1207 167 1260 et
190 1203 412 1261 inhabitatores
440 1202 521 1260 dicte
543 1203 679 1261 civitatis
710 1207 852 1277 pretextu
876 1202 1039 1260 dumtaxat
1062 1201 1239 1260 debitorum
1263 1201 1327 1258 vini
1350 1215 1404 1257 seu

132 1310 232 1368 musti
256 1316 287 1367 et
309 1324 372 1368 non
399 1309 535 1367 aliarum
565 1324 680 1379 rerum,
705 1324 799 1382 quam
823 1309 921 1367 eciam
944 1310 1085 1367 homines
1108 1308 1245 1367 forenses
1275 1323 1329 1365 seu
1352 1321 1404 1365 ex·

131 1421 258 1473 traneos
279 1415 403 1474 racione
426 1429 696 1488 quorumcumque
719 1414 897 1473 debitorum
913 1421 1056 1486 arestare‚
1073 1412 1218 1490 judicare,
1233 1418 1403 1486 nostroque

132 1527 190 1579 aut
214 1535 322 1579 eorum
345 1518 461 1596 judicio
484 1518 720 1579 arestinafacere
744 1522 916 1594 poterimus
940 1527 969 1578 et
1000 1520 1157 1578 valebunt.
1175 1519 1404 1592 Universasque

133 1633 167 1684 et
191 1627 345 1700 quaslibet
368 1628 489 1685 litteras
519 1628 669 1701 causales,
693 1628 913 1700 inquisiturus,
944 1628 1144 1697 evocatorias,
1175 1624 1402 1695 insinuatorias,

132 1734 379 1808 protestatorias,
403 1734 608 1803 inhibitorias,
632 1733 844 1806 obligatorias,
868 1733 1077 1805 amonitorias,
1099 1730 1269 1807 judiciales,
1286 1730 1403 1788 obmis-

135 1839 280 1910 sionales,
303 1844 334 1898 et
356 1839 609 1911 sentencionales‚
633 1839 772 1913 aliasque
795 1840 952 1915 quaslibet
975 1847 1039 1898 tam
1063 1838 1284 1898 ecclesiasticas
1308 1853 1402 1910 quam

132 1945 289 2004 seculares
311 1958 370 2019 pro
393 1951 482 2020 parte
503 1951 609 2004 nostra
632 1953 739 2004 contra
762 1947 846 2019 ipsos
869 1946 953 2004 cives
976 1951 1006 2004 et
1029 1951 1128 2002 totam
1145 1944 1402 2002 communitatem

136 2050 219 2109 dicte
234 2052 368 2110 civitatis
385 2052 499 2110 montis
515 2051 680 2111 Grecensis
699 2052 758 2110 sub
782 2067 978 2125 quacumque
1002 2051 1103 2109 forma
1126 2051 1296 2108 verborum
1320 2063 1403 2107 ema·

132 2163 222 2215 natas
252 2166 282 2216 et
312 2157 466 2216 coniectas
490 2175 544 2217 seu
567 2158 679 2216 confici
702 2164 733 2216 et
755 2159 893 2216 emanari
916 2166 1108 2231 procuratas,
1131 2156 1267 2230 demptis
1290 2155 1402 2213 litteris

134 2264 257 2336 nostris,
273 2263 390 2321 factum
406 2262 523 2339 jurium
539 2264 864 2339 possessionariorium
880 2263 1077 2337 tangentibus
1093 2270 1123 2321 et
1138 2262 1402 2333 concernentibus,

133 2383 240 2441 vanas,
256 2368 396 2440 frivolas,
412 2377 561 2438 mortuas,
580 2385 681 2428 cassas
698 2379 728 2428 et
743 2371 878 2439 innanes,
903 2370 1084 2443 viribusque
1108 2370 1230 2442 penitus
1253 2368 1402 2426 carituras

135 2490 174 2533 ac
195 2476 336 2550 ipsarum
360 2476 587 2534 exhibitoribus
610 2477 728 2549 ubique
750 2483 814 2534 tarn
837 2477 869 2533 in
892 2473 1007 2551 judicio
1031 2491 1125 2550 quam
1149 2483 1236 2533 extra
1250 2472 1402 2549 judicium

133 2581 290 2639 nocituras
312 2583 498 2656 reliquimus
522 2589 552 2641 et
574 2584 806 2653 commisimus;
831 2584 902 2641 aliis
926 2583 1209 2657 composicionibus
1232 2589 1261 2639 et
1276 2595 1402 2639 concor·

133 2687 195 2745 diis
217 2688 331 2745 nostn's
355 2689 441 2762 prius
465 2705 536 2747 cum
560 2688 678 2747 eisdem
702 2690 824 2747 civibus
847 2697 876 2747 et
898 2695 962 2746 tota
985 2690 1207 2746 communitate
1230 2687 1311 2745 dicte
1326 2687 1401 2744 civi·

133 2793 206 2851 tatis
240 2793 354 2852 montis
384 2793 547 2854 Grecensis
582 2794 672 2853 iactis
704 2803 734 2853 et
762 2796 876 2853 habitis
907 2800 938 2853 in
961 2810 1069 2852 eorum
1094 2795 1255 2866 vigoribus
1278 2807 1403 2865 semper

132 2900 231 2957 salvis
254 2902 493 2960 remanentibus.
524 2903 645 2959 Harum
677 2909 863 2973 nostrarum,
887 2902 1002 2975 quibus
1026 2901 1168 2973 sigillum
1192 2905 1332 2957 nostrum
1356 2904 1402 2956 est

131 3021 316 3080 appensum,
339 3008 444 3080 vigore
461 3013 490 3066 et
506 3008 681 3065 testimonio
697 3008 873 3066 litterarum
891 3007 1053 3066 mediante.
1079 3007 1195 3064 Datum
1212 3006 1289 3064 feria
1306 3006 1401 3063 tercia

132 3113 281 3186 proxima
312 3119 383 3187 post
414 3113 526 3172 festum
553 3115 636 3172 beati
659 3114 842 3173 Yheronimi
864 3114 1010 3172 doctoris.
1045 3114 1133 3171 Anno
1157 3112 1276 3169 domini
1299 3111 1403 3169 mille·

130 3218 213 3277 simo
237 3218 542 3292 quadringentesimo
565 3221 759 3293 sexagesimo
782 3235 871 3279 nono.

239 3406 373 3470 Originale
391 3408 419 3456 in
437 3408 591 3460 membrana.
611 3406 732 3472 Sigillum
750 3407 875 3459 avulsum.
899 3409 931 3456 In
956 3407 1024 3458 arch.
1044 3407 1090 3460 lib.
1105 3423 1156 3471 reg.
1176 3407 1224 3456 civ.
1243 3406 1353 3470 zagrab,
1371 3421 1401 3454 ac

130 3512 178 3562 par
197 3495 225 3545 iu
243 3496 338 3548 archiv.
358 3511 414 3548 ven.
434 3495 520 3561 Capit.
538 3496 638 3560 zograb.
659 3497 732 3547 Fasc.
756 3509 794 3548 10.
813 3512 851 3549 ur.
875 3510 914 3559 14.

726 3779 814 3846 266.

240 3973 321 4022 Auno
343 3974 418 4036 1469,
441 3986 480 4038 17.
500 3974 654 4025 novembris.
674 3974 771 4027 Budae.

239 4104 371 4161 Mathias
406 4119 461 4161 rex
491 4102 531 4161 ad
566 4104 826 4176 supplicationem
866 4106 994 4177 capituli
1030 4103 1169 4160 concedit
1203 4119 1241 4160 ex
1272 4104 1399 4176 speciali

129 4210 250 4284 gratia,
282 4213 317 4267 ut
346 4224 418 4267 cum
448 4225 549 4284 prope
579 4209 753 4268 Turcorum
784 4210 974 4267 incursiones
1008 4209 1132 4280 fierent,
1156 4210 1329 4282 capitulum
1352 4224 1399 4266 se·

131 4317 228 4392 pibus
250 4316 443 4375 circumdare
466 4325 497 4375 et
520 4318 642 4375 munire
666 4317 787 4376 fossatis
811 4317 910 4388 liceat,
931 4332 966 4374 ac
984 4317 1234 4391 propugnaculis,
1255 4316 1398 4390 illudque

130 4422 298 4498 possideat.

239 4609 346 4674 Georgii
364 4609 534 4662 Marcelovid:
555 4613 681 4677 Regesta,
702 4620 834 4676 utsupra.
