<?xml version="1.0" encoding="UTF-8"?>
<!DOCTYPE html PUBLIC "-//W3C//DTD XHTML 1.0 Transitional//EN"
    "http://www.w3.org/TR/xhtml1/DTD/xhtml1-transitional.dtd">
<html xmlns="http://www.w3.org/1999/xhtml" xml:lang="en" lang="en">
 <head>
  <title>
</title>
<meta http-equiv="Content-Type" content="text/html;charset=utf-8" />
  <meta name='ocr-system' content='tesseract 3.04.00' />
  <meta name='ocr-capabilities' content='ocr_page ocr_carea ocr_par ocr_line ocrx_word'/>
</head>
<body>
  <div class='ocr_page' id='page_1' title='image "./monumentahistor01laszgoog_0358.png"; bbox 0 0 3278 5348; ppageno 0'>
   <div class='ocr_carea' id='block_1_1' title="bbox 180 395 1451 2388">
    <p class='ocr_par' dir='ltr' id='par_1_1' title="bbox 634 395 1039 472">
     <span class='ocr_line' id='line_1_1' title="bbox 634 395 1039 472; baseline -0.002 -19"><span class='ocrx_word' id='word_1_1' title='bbox 634 396 706 453; x_wconf 74' lang='lat' dir='ltr'>Dor.</span> <span class='ocrx_word' id='word_1_2' title='bbox 730 406 777 471; x_wconf 85' lang='lat'>72.</span> <span class='ocrx_word' id='word_1_3' title='bbox 804 429 841 437; x_wconf 89' lang='lat'><em>-</em></span> <span class='ocrx_word' id='word_1_4' title='bbox 868 395 1039 472; x_wconf 72' lang='lat' dir='ltr'>An.1434.</span> 
     </span>
    </p>

    <p class='ocr_par' dir='ltr' id='par_1_2' title="bbox 180 611 1451 2388">
     <span class='ocr_line' id='line_1_2' title="bbox 181 611 1444 688; baseline 0.003 -20"><span class='ocrx_word' id='word_1_5' title='bbox 181 626 285 669; x_wconf 92' lang='lat' dir='ltr'>coram</span> <span class='ocrx_word' id='word_1_6' title='bbox 310 611 399 668; x_wconf 81' lang='lat' dir='ltr'>nobis</span> <span class='ocrx_word' id='word_1_7' title='bbox 422 612 517 668; x_wconf 91' lang='lat' dir='ltr'>modo</span> <span class='ocrx_word' id='word_1_8' title='bbox 541 612 703 685; x_wconf 78' lang='lat' dir='ltr'>prehabito</span> <span class='ocrx_word' id='word_1_9' title='bbox 720 618 899 688; x_wconf 83' lang='lat' dir='ltr'>vertentem,</span> <span class='ocrx_word' id='word_1_10' title='bbox 916 614 1020 672; x_wconf 90' lang='lat' dir='ltr'>taliter</span> <span class='ocrx_word' id='word_1_11' title='bbox 1036 612 1182 670; x_wconf 88' lang='lat' dir='ltr'>duximus</span> <span class='ocrx_word' id='word_1_12' title='bbox 1199 612 1444 686; x_wconf 85' lang='lat' dir='ltr'>prorogandam:</span> 
     </span>
     <span class='ocr_line' id='line_1_3' title="bbox 182 717 1447 793; baseline 0.002 -19"><span class='ocrx_word' id='word_1_13' title='bbox 182 717 264 790; x_wconf 92' lang='lat' dir='ltr'>quod</span> <span class='ocrx_word' id='word_1_14' title='bbox 289 727 395 775; x_wconf 90' lang='lat' dir='ltr'>neutra</span> <span class='ocrx_word' id='word_1_15' title='bbox 419 718 560 792; x_wconf 89' lang='lat' dir='ltr'>parcium</span> <span class='ocrx_word' id='word_1_16' title='bbox 585 718 796 791; x_wconf 90' lang='lat' dir='ltr'>predictarum</span> <span class='ocrx_word' id='word_1_17' title='bbox 820 719 858 778; x_wconf 90' lang='lat' dir='ltr'>de</span> <span class='ocrx_word' id='word_1_18' title='bbox 882 719 971 778; x_wconf 91' lang='lat' dir='ltr'>dictis</span> <span class='ocrx_word' id='word_1_19' title='bbox 996 719 1085 778; x_wconf 90' lang='lat' dir='ltr'>terris</span> <span class='ocrx_word' id='word_1_20' title='bbox 1108 719 1262 792; x_wconf 82' lang='lat' dir='ltr'><strong>litigiosis,</strong></span> <span class='ocrx_word' id='word_1_21' title='bbox 1283 734 1341 792; x_wconf 88' lang='lat' dir='ltr'>per</span> <span class='ocrx_word' id='word_1_22' title='bbox 1365 720 1447 793; x_wconf 90' lang='lat' dir='ltr'>ipsos</span> 
     </span>
     <span class='ocr_line' id='line_1_4' title="bbox 181 823 1446 899; baseline 0.004 -20"><span class='ocrx_word' id='word_1_23' title='bbox 181 824 272 885; x_wconf 73' lang='lat' dir='ltr'>cites,</span> <span class='ocrx_word' id='word_1_24' title='bbox 296 834 328 881; x_wconf 89' lang='lat' dir='ltr'>ut</span> <span class='ocrx_word' id='word_1_25' title='bbox 353 823 516 897; x_wconf 82' lang='lat' dir='ltr'>prefertur,</span> <span class='ocrx_word' id='word_1_26' title='bbox 540 826 698 898; x_wconf 90' lang='lat' dir='ltr'>occupatis</span> <span class='ocrx_word' id='word_1_27' title='bbox 721 833 750 883; x_wconf 89' lang='lat' dir='ltr'>et</span> <span class='ocrx_word' id='word_1_28' title='bbox 775 827 944 899; x_wconf 86' lang='lat' dir='ltr'>extirpatis,</span> <span class='ocrx_word' id='word_1_29' title='bbox 970 840 1086 883; x_wconf 84' lang='lat' dir='ltr'>necnon</span> <span class='ocrx_word' id='word_1_30' title='bbox 1104 824 1251 883; x_wconf 85' lang='lat' dir='ltr'>fenilibus</span> <span class='ocrx_word' id='word_1_31' title='bbox 1275 830 1306 882; x_wconf 92' lang='lat' dir='ltr'>et</span> <span class='ocrx_word' id='word_1_32' title='bbox 1327 826 1446 884; x_wconf 87' lang='lat' dir='ltr'>rubetis</span> 
     </span>
     <span class='ocr_line' id='line_1_5' title="bbox 180 924 1448 1010; baseline 0.004 -25"><span class='ocrx_word' id='word_1_33' title='bbox 180 945 277 1002; x_wconf 91' lang='lat' dir='ltr'>usque</span> <span class='ocrx_word' id='word_1_34' title='bbox 301 930 375 987; x_wconf 92' lang='lat' dir='ltr'>dum</span> <span class='ocrx_word' id='word_1_35' title='bbox 400 946 455 987; x_wconf 94' lang='lat' dir='ltr'>nos</span> <span class='ocrx_word' id='word_1_36' title='bbox 478 931 681 1004; x_wconf 75' lang='lat' dir='ltr'>personaliter</span> <span class='ocrx_word' id='word_1_37' title='bbox 705 930 742 988; x_wconf 90' lang='lat' dir='ltr'>ad</span> <span class='ocrx_word' id='word_1_38' title='bbox 768 931 876 989; x_wconf 85' lang='lat' dir='ltr'>faciem</span> <span class='ocrx_word' id='word_1_39' title='bbox 902 931 981 990; x_wconf 89' lang='lat' dir='ltr'>dicte</span> <span class='ocrx_word' id='word_1_40' title='bbox 998 924 1103 1010; x_wconf 83' lang='lat' dir='ltr'>(terre)</span> <span class='ocrx_word' id='word_1_41' title='bbox 1121 932 1255 1003; x_wconf 79' lang='lat' dir='ltr'><strong>litigiose</strong></span> <span class='ocrx_word' id='word_1_42' title='bbox 1280 931 1448 1004; x_wconf 83' lang='lat' dir='ltr'>procedere</span> 
     </span>
     <span class='ocr_line' id='line_1_6' title="bbox 180 1035 1448 1111; baseline 0.002 -19"><span class='ocrx_word' id='word_1_43' title='bbox 180 1037 360 1109; x_wconf 83' lang='lat' dir='ltr'>poterimus,</span> <span class='ocrx_word' id='word_1_44' title='bbox 393 1038 445 1106; x_wconf 87' lang='lat' dir='ltr'>uti,</span> <span class='ocrx_word' id='word_1_45' title='bbox 479 1035 539 1093; x_wconf 82' lang='lat' dir='ltr'>frui</span> <span class='ocrx_word' id='word_1_46' title='bbox 571 1045 785 1111; x_wconf 87' lang='lat' dir='ltr'>presummant</span> <span class='ocrx_word' id='word_1_47' title='bbox 818 1037 912 1095; x_wconf 91' lang='lat' dir='ltr'>modo</span> <span class='ocrx_word' id='word_1_48' title='bbox 944 1037 1082 1110; x_wconf 81' lang='lat' dir='ltr'><strong>aliquali,</strong></span> <span class='ocrx_word' id='word_1_49' title='bbox 1115 1037 1167 1094; x_wconf 91' lang='lat' dir='ltr'>sed</span> <span class='ocrx_word' id='word_1_50' title='bbox 1192 1037 1318 1095; x_wconf 90' lang='lat' dir='ltr'>easdem</span> <span class='ocrx_word' id='word_1_51' title='bbox 1342 1042 1448 1109; x_wconf 89' lang='lat' dir='ltr'>terras,</span> 
     </span>
     <span class='ocr_line' id='line_1_7' title="bbox 181 1141 1449 1219; baseline 0.004 -22"><span class='ocrx_word' id='word_1_52' title='bbox 181 1141 287 1199; x_wconf 80' lang='lat' dir='ltr'><strong>senilia</strong></span> <span class='ocrx_word' id='word_1_53' title='bbox 315 1149 345 1199; x_wconf 90' lang='lat' dir='ltr'>et</span> <span class='ocrx_word' id='word_1_54' title='bbox 376 1145 484 1200; x_wconf 87' lang='lat' dir='ltr'>rubeta</span> <span class='ocrx_word' id='word_1_55' title='bbox 516 1145 556 1200; x_wconf 87' lang='lat' dir='ltr'>ab</span> <span class='ocrx_word' id='word_1_56' title='bbox 586 1146 669 1202; x_wconf 90' lang='lat' dir='ltr'>omni</span> <span class='ocrx_word' id='word_1_57' title='bbox 702 1162 758 1202; x_wconf 90' lang='lat' dir='ltr'>usu</span> <span class='ocrx_word' id='word_1_58' title='bbox 783 1154 812 1203; x_wconf 88' lang='lat' dir='ltr'>et</span> <span class='ocrx_word' id='word_1_59' title='bbox 837 1149 960 1204; x_wconf 91' lang='lat' dir='ltr'>cultura</span> <span class='ocrx_word' id='word_1_60' title='bbox 984 1147 1096 1204; x_wconf 88' lang='lat' dir='ltr'>intacta</span> <span class='ocrx_word' id='word_1_61' title='bbox 1121 1160 1302 1219; x_wconf 74' lang='lat' dir='ltr'>preservare</span> <span class='ocrx_word' id='word_1_62' title='bbox 1325 1151 1357 1202; x_wconf 92' lang='lat' dir='ltr'>et</span> <span class='ocrx_word' id='word_1_63' title='bbox 1380 1160 1449 1203; x_wconf 90' lang='lat' dir='ltr'>con·</span> 
     </span>
     <span class='ocr_line' id='line_1_8' title="bbox 181 1247 1450 1325; baseline 0.005 -22"><span class='ocrx_word' id='word_1_64' title='bbox 181 1250 299 1305; x_wconf 82' lang='lat' dir='ltr'>servari</span> <span class='ocrx_word' id='word_1_65' title='bbox 323 1247 423 1306; x_wconf 85' lang='lat' dir='ltr'>facere</span> <span class='ocrx_word' id='word_1_66' title='bbox 446 1258 613 1321; x_wconf 85' lang='lat' dir='ltr'>teneantur,</span> <span class='ocrx_word' id='word_1_67' title='bbox 638 1257 766 1325; x_wconf 80' lang='lat' dir='ltr'>excepto</span> <span class='ocrx_word' id='word_1_68' title='bbox 790 1259 891 1310; x_wconf 90' lang='lat' dir='ltr'>tamen</span> <span class='ocrx_word' id='word_1_69' title='bbox 917 1252 1012 1319; x_wconf 83' lang='lat' dir='ltr'>senili,</span> <span class='ocrx_word' id='word_1_70' title='bbox 1037 1251 1168 1309; x_wconf 91' lang='lat' dir='ltr'>condam</span> <span class='ocrx_word' id='word_1_71' title='bbox 1193 1250 1312 1308; x_wconf 91' lang='lat' dir='ltr'>domini</span> <span class='ocrx_word' id='word_1_72' title='bbox 1329 1250 1450 1309; x_wconf 80' lang='lat' dir='ltr'>Nicolai</span> 
     </span>
     <span class='ocr_line' id='line_1_9' title="bbox 181 1347 1447 1431; baseline 0.006 -22"><span class='ocrx_word' id='word_1_73' title='bbox 181 1354 406 1427; x_wconf 82' lang='lat' dir='ltr'><strong>archidyaconi,</strong></span> <span class='ocrx_word' id='word_1_74' title='bbox 429 1374 509 1415; x_wconf 92' lang='lat' dir='ltr'>nunc</span> <span class='ocrx_word' id='word_1_75' title='bbox 531 1374 603 1427; x_wconf 66' lang='lat' dir='ltr'>erga</span> <span class='ocrx_word' id='word_1_76' title='bbox 628 1358 787 1416; x_wconf 91' lang='lat' dir='ltr'>dominum</span> <span class='ocrx_word' id='word_1_77' title='bbox 806 1361 960 1417; x_wconf 71' lang='lat' dir='ltr'>l‘lromam</span> <span class='ocrx_word' id='word_1_78' title='bbox 977 1358 1239 1431; x_wconf 74' lang='lat' dir='ltr'><strong>archydiaconum</strong></span> <span class='ocrx_word' id='word_1_79' title='bbox 1256 1357 1294 1415; x_wconf 91' lang='lat' dir='ltr'>de</span> <span class='ocrx_word' id='word_1_80' title='bbox 1311 1347 1447 1416; x_wconf 85' lang='lat' dir='ltr'>Warasd</span> 
     </span>
     <span class='ocr_line' id='line_1_10' title="bbox 182 1461 1451 1539; baseline 0.006 -25"><span class='ocrx_word' id='word_1_81' title='bbox 182 1461 296 1530; x_wconf 85' lang='lat' dir='ltr'>habito,</span> <span class='ocrx_word' id='word_1_82' title='bbox 320 1463 351 1519; x_wconf 94' lang='lat' dir='ltr'><strong>in</strong></span> <span class='ocrx_word' id='word_1_83' title='bbox 375 1465 460 1520; x_wconf 89' lang='lat' dir='ltr'>cuius</span> <span class='ocrx_word' id='word_1_84' title='bbox 485 1464 624 1521; x_wconf 92' lang='lat' dir='ltr'>dominio</span> <span class='ocrx_word' id='word_1_85' title='bbox 648 1465 764 1522; x_wconf 92' lang='lat' dir='ltr'>dictum</span> <span class='ocrx_word' id='word_1_86' title='bbox 789 1467 960 1539; x_wconf 89' lang='lat' dir='ltr'>capitulum</span> <span class='ocrx_word' id='word_1_87' title='bbox 986 1465 1024 1522; x_wconf 93' lang='lat' dir='ltr'>ad</span> <span class='ocrx_word' id='word_1_88' title='bbox 1050 1480 1175 1537; x_wconf 77' lang='lat' dir='ltr'>presens</span> <span class='ocrx_word' id='word_1_89' title='bbox 1199 1465 1330 1521; x_wconf 74' lang='lat' dir='ltr'>existere</span> <span class='ocrx_word' id='word_1_90' title='bbox 1348 1463 1451 1522; x_wconf 88' lang='lat' dir='ltr'>dinos-</span> 
     </span>
     <span class='ocr_line' id='line_1_11' title="bbox 183 1566 1447 1646; baseline 0.003 -24"><span class='ocrx_word' id='word_1_91' title='bbox 183 1566 270 1635; x_wconf 93' lang='lat' dir='ltr'>citur,</span> <span class='ocrx_word' id='word_1_92' title='bbox 305 1569 393 1625; x_wconf 85' lang='lat' dir='ltr'>salro</span> <span class='ocrx_word' id='word_1_93' title='bbox 431 1582 623 1641; x_wconf 74' lang='lat' dir='ltr'>remanente,</span> <span class='ocrx_word' id='word_1_94' title='bbox 656 1571 739 1644; x_wconf 92' lang='lat' dir='ltr'>quod</span> <span class='ocrx_word' id='word_1_95' title='bbox 771 1574 795 1629; x_wconf 92' lang='lat' dir='ltr'>si</span> <span class='ocrx_word' id='word_1_96' title='bbox 829 1588 890 1646; x_wconf 90' lang='lat' dir='ltr'>qua</span> <span class='ocrx_word' id='word_1_97' title='bbox 921 1573 1062 1645; x_wconf 85' lang='lat' dir='ltr'>parcium</span> <span class='ocrx_word' id='word_1_98' title='bbox 1086 1570 1296 1645; x_wconf 83' lang='lat' dir='ltr'>predictarum</span> <span class='ocrx_word' id='word_1_99' title='bbox 1322 1571 1365 1626; x_wconf 93' lang='lat' dir='ltr'>ab</span> <span class='ocrx_word' id='word_1_100' title='bbox 1390 1586 1447 1627; x_wconf 89' lang='lat' dir='ltr'>usu</span> 
     </span>
     <span class='ocr_line' id='line_1_12' title="bbox 182 1674 1451 1736; baseline 0.004 -7"><span class='ocrx_word' id='word_1_101' title='bbox 182 1674 363 1730; x_wconf 91' lang='lat' dir='ltr'>earumdem</span> <span class='ocrx_word' id='word_1_102' title='bbox 395 1683 547 1734; x_wconf 89' lang='lat' dir='ltr'>terrarum</span> <span class='ocrx_word' id='word_1_103' title='bbox 579 1694 610 1735; x_wconf 90' lang='lat' dir='ltr'>se</span> <span class='ocrx_word' id='word_1_104' title='bbox 645 1680 783 1736; x_wconf 86' lang='lat' dir='ltr'>inhibere</span> <span class='ocrx_word' id='word_1_105' title='bbox 815 1695 875 1736; x_wconf 92' lang='lat' dir='ltr'>non</span> <span class='ocrx_word' id='word_1_106' title='bbox 908 1680 1062 1736; x_wconf 77' lang='lat' dir='ltr'>curaverit</span> <span class='ocrx_word' id='word_1_107' title='bbox 1087 1686 1117 1735; x_wconf 89' lang='lat' dir='ltr'>et</span> <span class='ocrx_word' id='word_1_108' title='bbox 1139 1684 1245 1734; x_wconf 91' lang='lat' dir='ltr'>contra</span> <span class='ocrx_word' id='word_1_109' title='bbox 1268 1675 1451 1734; x_wconf 90' lang='lat' dir='ltr'>huiusmodi</span> 
     </span>
     <span class='ocr_line' id='line_1_13' title="bbox 182 1783 1451 1855; baseline 0.002 -20"><span class='ocrx_word' id='word_1_110' title='bbox 182 1786 320 1837; x_wconf 86' lang='lat' dir='ltr'>nostram</span> <span class='ocrx_word' id='word_1_111' title='bbox 344 1784 561 1840; x_wconf 84' lang='lat' dir='ltr'>inlribicionem</span> <span class='ocrx_word' id='word_1_112' title='bbox 587 1800 622 1841; x_wconf 93' lang='lat' dir='ltr'>ac</span> <span class='ocrx_word' id='word_1_113' title='bbox 646 1800 736 1842; x_wconf 91' lang='lat' dir='ltr'>usum</span> <span class='ocrx_word' id='word_1_114' title='bbox 758 1785 938 1842; x_wconf 89' lang='lat' dir='ltr'>earumdem</span> <span class='ocrx_word' id='word_1_115' title='bbox 963 1791 992 1842; x_wconf 94' lang='lat' dir='ltr'>et</span> <span class='ocrx_word' id='word_1_116' title='bbox 1008 1785 1162 1841; x_wconf 89' lang='lat' dir='ltr'>culturam</span> <span class='ocrx_word' id='word_1_117' title='bbox 1180 1783 1451 1855; x_wconf 86' lang='lat' dir='ltr'>qualitercumque</span> 
     </span>
     <span class='ocr_line' id='line_1_14' title="bbox 182 1886 1451 1964; baseline 0.001 -21"><span class='ocrx_word' id='word_1_118' title='bbox 182 1906 214 1943; x_wconf 79' lang='lat' dir='ltr'>sc</span> <span class='ocrx_word' id='word_1_119' title='bbox 237 1888 422 1958; x_wconf 74' lang='lat' dir='ltr'>ingresserit,</span> <span class='ocrx_word' id='word_1_120' title='bbox 454 1898 565 1947; x_wconf 80' lang='lat' dir='ltr'>extunc</span> <span class='ocrx_word' id='word_1_121' title='bbox 601 1893 670 1947; x_wconf 88' lang='lat' dir='ltr'>talis</span> <span class='ocrx_word' id='word_1_122' title='bbox 706 1907 778 1963; x_wconf 89' lang='lat' dir='ltr'>pars</span> <span class='ocrx_word' id='word_1_123' title='bbox 813 1899 919 1948; x_wconf 90' lang='lat' dir='ltr'>contra</span> <span class='ocrx_word' id='word_1_124' title='bbox 954 1897 1075 1964; x_wconf 91' lang='lat' dir='ltr'>partem</span> <span class='ocrx_word' id='word_1_125' title='bbox 1100 1891 1230 1947; x_wconf 92' lang='lat' dir='ltr'>alteram</span> <span class='ocrx_word' id='word_1_126' title='bbox 1254 1889 1287 1945; x_wconf 93' lang='lat' dir='ltr'><strong>in</strong></span> <span class='ocrx_word' id='word_1_127' title='bbox 1310 1886 1451 1945; x_wconf 88' lang='lat' dir='ltr'>ducentis</span> 
     </span>
     <span class='ocr_line' id='line_1_15' title="bbox 183 1993 1450 2071; baseline -0.001 -19"><span class='ocrx_word' id='word_1_128' title='bbox 183 1994 295 2052; x_wconf 89' lang='lat' dir='ltr'>mareis</span> <span class='ocrx_word' id='word_1_129' title='bbox 326 1996 524 2053; x_wconf 84' lang='lat' dir='ltr'>denariorum</span> <span class='ocrx_word' id='word_1_130' title='bbox 557 2012 614 2070; x_wconf 91' lang='lat' dir='ltr'>pro</span> <span class='ocrx_word' id='word_1_131' title='bbox 647 2002 787 2069; x_wconf 84' lang='lat' dir='ltr'>te&#39;mpore</span> <span class='ocrx_word' id='word_1_132' title='bbox 818 1998 1011 2054; x_wconf 90' lang='lat' dir='ltr'>currencium</span> <span class='ocrx_word' id='word_1_133' title='bbox 1044 1995 1137 2071; x_wconf 88' lang='lat' dir='ltr'>judici</span> <span class='ocrx_word' id='word_1_134' title='bbox 1161 2001 1191 2053; x_wconf 89' lang='lat' dir='ltr'>et</span> <span class='ocrx_word' id='word_1_135' title='bbox 1213 1994 1296 2067; x_wconf 87' lang='lat' dir='ltr'>parti</span> <span class='ocrx_word' id='word_1_136' title='bbox 1319 1993 1450 2051; x_wconf 82' lang='lat' dir='ltr'>adverse</span> 
     </span>
     <span class='ocr_line' id='line_1_16' title="bbox 182 2101 1451 2176; baseline -0.002 -18"><span class='ocrx_word' id='word_1_137' title='bbox 182 2104 438 2159; x_wconf 87' lang='lat' dir='ltr'>irremissibiliter</span> <span class='ocrx_word' id='word_1_138' title='bbox 463 2103 740 2176; x_wconf 73' lang='lat' dir='ltr'>persolvendarum</span> <span class='ocrx_word' id='word_1_139' title='bbox 764 2104 964 2160; x_wconf 82' lang='lat' dir='ltr'>convincatur</span> <span class='ocrx_word' id='word_1_140' title='bbox 986 2105 1056 2176; x_wconf 90' lang='lat' dir='ltr'>ipso</span> <span class='ocrx_word' id='word_1_141' title='bbox 1080 2101 1170 2171; x_wconf 86' lang='lat' dir='ltr'>facto,</span> <span class='ocrx_word' id='word_1_142' title='bbox 1187 2101 1365 2158; x_wconf 86' lang='lat' dir='ltr'>testimonio</span> <span class='ocrx_word' id='word_1_143' title='bbox 1382 2115 1451 2174; x_wconf 89' lang='lat' dir='ltr'>pre·</span> 
     </span>
     <span class='ocr_line' id='line_1_17' title="bbox 182 2206 1450 2282; baseline -0.002 -18"><span class='ocrx_word' id='word_1_144' title='bbox 182 2209 318 2265; x_wconf 85' lang='lat' dir='ltr'>sericium</span> <span class='ocrx_word' id='word_1_145' title='bbox 337 2208 496 2265; x_wconf 87' lang='lat' dir='ltr'>mediante.</span> <span class='ocrx_word' id='word_1_146' title='bbox 521 2210 635 2265; x_wconf 91' lang='lat' dir='ltr'>Datum</span> <span class='ocrx_word' id='word_1_147' title='bbox 655 2209 804 2277; x_wconf 69' lang='lat' dir='ltr'>Zagraliie</span> <span class='ocrx_word' id='word_1_148' title='bbox 828 2208 975 2282; x_wconf 87' lang='lat' dir='ltr'>predicta,</span> <span class='ocrx_word' id='word_1_149' title='bbox 1000 2207 1135 2265; x_wconf 92' lang='lat' dir='ltr'>secundo</span> <span class='ocrx_word' id='word_1_150' title='bbox 1158 2206 1208 2263; x_wconf 86' lang='lat' dir='ltr'>die</span> <span class='ocrx_word' id='word_1_151' title='bbox 1231 2206 1358 2263; x_wconf 88' lang='lat' dir='ltr'>termini</span> <span class='ocrx_word' id='word_1_152' title='bbox 1383 2221 1450 2279; x_wconf 91' lang='lat' dir='ltr'>pre·</span> 
     </span>
     <span class='ocr_line' id='line_1_18' title="bbox 181 2314 1385 2388; baseline -0.003 -16"><span class='ocrx_word' id='word_1_153' title='bbox 181 2317 285 2373; x_wconf 90' lang='lat' dir='ltr'>notati.</span> <span class='ocrx_word' id='word_1_154' title='bbox 311 2318 400 2372; x_wconf 82' lang='lat' dir='ltr'>Anno</span> <span class='ocrx_word' id='word_1_155' title='bbox 424 2315 540 2372; x_wconf 90' lang='lat' dir='ltr'>domini</span> <span class='ocrx_word' id='word_1_156' title='bbox 563 2317 731 2372; x_wconf 69' lang='lat' dir='ltr'>millesimo</span> <span class='ocrx_word' id='word_1_157' title='bbox 755 2315 1058 2388; x_wconf 70' lang='lat' dir='ltr'>quadringentesimo</span> <span class='ocrx_word' id='word_1_158' title='bbox 1082 2314 1237 2371; x_wconf 87' lang='lat' dir='ltr'>tricesimo</span> <span class='ocrx_word' id='word_1_159' title='bbox 1261 2318 1385 2384; x_wconf 91' lang='lat' dir='ltr'>quarto.</span> 
     </span>
    </p>
   </div>
   <div class='ocr_carea' id='block_1_2' title="bbox 182 2430 1448 2587">
    <p class='ocr_par' dir='ltr' id='par_1_3' title="bbox 182 2430 1448 2587">
     <span class='ocr_line' id='line_1_19' title="bbox 290 2430 1448 2497; baseline -0.002 -16"><span class='ocrx_word' id='word_1_160' title='bbox 290 2434 423 2493; x_wconf 66' lang='lat' dir='ltr'>Originnle</span> <span class='ocrx_word' id='word_1_161' title='bbox 450 2435 477 2481; x_wconf 88' lang='lat' dir='ltr'><strong>in</strong></span> <span class='ocrx_word' id='word_1_162' title='bbox 505 2435 599 2483; x_wconf 84' lang='lat' dir='ltr'>charta.</span> <span class='ocrx_word' id='word_1_163' title='bbox 631 2435 661 2481; x_wconf 90' lang='lat' dir='ltr'>ln</span> <span class='ocrx_word' id='word_1_164' title='bbox 689 2435 803 2496; x_wconf 78' lang='lat' dir='ltr'>margine</span> <span class='ocrx_word' id='word_1_165' title='bbox 823 2434 938 2483; x_wconf 80' lang='lat' dir='ltr'>inferiori</span> <span class='ocrx_word' id='word_1_166' title='bbox 956 2435 1107 2497; x_wconf 79' lang='lat' dir='ltr'>impressum</span> <span class='ocrx_word' id='word_1_167' title='bbox 1127 2440 1165 2480; x_wconf 90' lang='lat' dir='ltr'>est</span> <span class='ocrx_word' id='word_1_168' title='bbox 1182 2430 1305 2495; x_wconf 82' lang='lat' dir='ltr'>sigillum.</span> <span class='ocrx_word' id='word_1_169' title='bbox 1326 2432 1359 2479; x_wconf 88' lang='lat' dir='ltr'>In</span> <span class='ocrx_word' id='word_1_170' title='bbox 1380 2430 1448 2479; x_wconf 86' lang='lat' dir='ltr'>arch.</span> 
     </span>
     <span class='ocr_line' id='line_1_20' title="bbox 182 2523 926 2587; baseline 0.004 -17"><span class='ocrx_word' id='word_1_171' title='bbox 182 2540 230 2570; x_wconf 82' lang='lat' dir='ltr'>ven</span> <span class='ocrx_word' id='word_1_172' title='bbox 250 2524 325 2587; x_wconf 86' lang='lat' dir='ltr'>capit.</span> <span class='ocrx_word' id='word_1_173' title='bbox 345 2524 445 2585; x_wconf 71' lang='lat' dir='ltr'>ingrati.</span> <span class='ocrx_word' id='word_1_174' title='bbox 467 2524 526 2572; x_wconf 81' lang='lat' dir='ltr'>Act.</span> <span class='ocrx_word' id='word_1_175' title='bbox 548 2525 609 2586; x_wconf 64' lang='lat' dir='ltr'>(sap.</span> <span class='ocrx_word' id='word_1_176' title='bbox 630 2532 681 2571; x_wconf 82' lang='lat' dir='ltr'>unt.</span> <span class='ocrx_word' id='word_1_177' title='bbox 701 2524 761 2572; x_wconf 78' lang='lat' dir='ltr'>l&#39;asc.</span> <span class='ocrx_word' id='word_1_178' title='bbox 784 2523 807 2571; x_wconf 76' lang='lat' dir='ltr'>b.</span> <span class='ocrx_word' id='word_1_179' title='bbox 827 2539 863 2573; x_wconf 92' lang='lat' dir='ltr'>nr.</span> <span class='ocrx_word' id='word_1_180' title='bbox 886 2536 926 2585; x_wconf 78' lang='lat'>23.</span> 
     </span>
    </p>
   </div>
   <div class='ocr_carea' id='block_1_3' title="bbox 789 2735 847 2802">
    <p class='ocr_par' dir='ltr' id='par_1_4' title="bbox 789 2735 847 2802">
     <span class='ocr_line' id='line_1_21' title="bbox 789 2735 847 2802; baseline -0.069 0"><span class='ocrx_word' id='word_1_181' title='bbox 789 2735 847 2802; x_wconf 81' lang='lat'>72.</span> 
     </span>
    </p>
   </div>
   <div class='ocr_carea' id='block_1_4' title="bbox 288 2860 768 2923">
    <p class='ocr_par' dir='ltr' id='par_1_5' title="bbox 288 2860 768 2923">
     <span class='ocr_line' id='line_1_22' title="bbox 288 2860 768 2923; baseline 0 -14"><span class='ocrx_word' id='word_1_182' title='bbox 288 2862 368 2909; x_wconf 81' lang='lat' dir='ltr'>Anrm</span> <span class='ocrx_word' id='word_1_183' title='bbox 391 2873 464 2923; x_wconf 73' lang='lat'><strong>1434,</strong></span> <span class='ocrx_word' id='word_1_184' title='bbox 485 2861 509 2909; x_wconf 83' lang='lat' dir='ltr'>o.</span> <span class='ocrx_word' id='word_1_185' title='bbox 527 2860 600 2923; x_wconf 88' lang='lat' dir='ltr'><strong>Julii.</strong></span> <span class='ocrx_word' id='word_1_186' title='bbox 622 2860 768 2921; x_wconf 71' lang='lat' dir='ltr'>anrabiae.</span> 
     </span>
    </p>
   </div>
   <div class='ocr_carea' id='block_1_5' title="bbox 182 2966 1448 3204">
    <p class='ocr_par' dir='ltr' id='par_1_6' title="bbox 182 2966 1448 3204">
     <span class='ocr_line' id='line_1_23' title="bbox 183 2966 1448 3046; baseline -0.004 -17"><span class='ocrx_word' id='word_1_187' title='bbox 183 2966 210 3029; x_wconf 53' lang='lat' dir='ltr'>,fl</span> <span class='ocrx_word' id='word_1_188' title='bbox 243 2972 383 3029; x_wconf 66' lang='lat' dir='ltr'>lorriaco</span> <span class='ocrx_word' id='word_1_189' title='bbox 423 2972 569 3037; x_wconf 62' lang='lat' dir='ltr'>Priorum,</span> <span class='ocrx_word' id='word_1_190' title='bbox 600 2972 776 3046; x_wconf 74' lang='lat' dir='ltr'>episcopatus</span> <span class='ocrx_word' id='word_1_191' title='bbox 806 2970 1003 3046; x_wconf 50' lang='lat' dir='ltr'>segorbiensis</span> <span class='ocrx_word' id='word_1_192' title='bbox 1023 2969 1224 3040; x_wconf 76' lang='lat' dir='ltr'>girbernotorc,</span> <span class='ocrx_word' id='word_1_193' title='bbox 1255 2970 1448 3026; x_wconf 80' lang='lat' dir='ltr'>canrmum&#39;tos</span> 
     </span>
     <span class='ocr_line' id='line_1_24' title="bbox 182 3055 1446 3133; baseline -0.003 -16"><span class='ocrx_word' id='word_1_194' title='bbox 182 3062 305 3118; x_wconf 73' lang='lat' dir='ltr'>cr&#39;ru&#39;lrrtr&#39;s</span> <span class='ocrx_word' id='word_1_195' title='bbox 328 3061 454 3132; x_wconf 62' lang='lat' dir='ltr'>angqrult,</span> <span class='ocrx_word' id='word_1_196' title='bbox 478 3078 551 3133; x_wconf 71' lang='lat' dir='ltr'>prate</span> <span class='ocrx_word' id='word_1_197' title='bbox 574 3060 686 3115; x_wconf 77' lang='lat' dir='ltr'>hortum</span> <span class='ocrx_word' id='word_1_198' title='bbox 717 3058 890 3114; x_wconf 75' lang='lat' dir='ltr'>cathedralis</span> <span class='ocrx_word' id='word_1_199' title='bbox 920 3058 1047 3114; x_wconf 74' lang='lat' dir='ltr'>erclesiuc</span> <span class='ocrx_word' id='word_1_200' title='bbox 1070 3076 1091 3114; x_wconf 90' lang='lat' dir='ltr'>s.</span> <span class='ocrx_word' id='word_1_201' title='bbox 1116 3055 1246 3113; x_wconf 77' lang='lat' dir='ltr'>Emerici</span> <span class='ocrx_word' id='word_1_202' title='bbox 1271 3055 1446 3125; x_wconf 76' lang='lat' dir='ltr'>devastavit,</span> 
     </span>
     <span class='ocr_line' id='line_1_25' title="bbox 495 3146 1121 3204; baseline -0.006 0"><span class='ocrx_word' id='word_1_203' title='bbox 495 3157 603 3204; x_wconf 77' lang='lat' dir='ltr'>ceritum</span> <span class='ocrx_word' id='word_1_204' title='bbox 628 3149 731 3203; x_wconf 76' lang='lat' dir='ltr'>rrrurrr&#39;s</span> <span class='ocrx_word' id='word_1_205' title='bbox 754 3147 937 3201; x_wconf 77' lang='lat' dir='ltr'>‹lernrrr&#39;ornm</span> <span class='ocrx_word' id='word_1_206' title='bbox 960 3146 1121 3202; x_wconf 69' lang='lat' dir='ltr'>irrideretur.</span> 
     </span>
    </p>
   </div>
   <div class='ocr_carea' id='block_1_6' title="bbox 181 3271 1452 4941">
    <p class='ocr_par' dir='ltr' id='par_1_7' title="bbox 181 3271 1452 4941">
     <span class='ocr_line' id='line_1_26' title="bbox 288 3271 1450 3347; baseline -0.003 -15"><span class='ocrx_word' id='word_1_207' title='bbox 288 3276 350 3332; x_wconf 80' lang='lat' dir='ltr'>Nos</span> <span class='ocrx_word' id='word_1_208' title='bbox 367 3274 492 3331; x_wconf 81' lang='lat' dir='ltr'>llatlrlro</span> <span class='ocrx_word' id='word_1_209' title='bbox 510 3275 547 3331; x_wconf 91' lang='lat' dir='ltr'>de</span> <span class='ocrx_word' id='word_1_210' title='bbox 563 3275 710 3332; x_wconf 84' lang='lat' dir='ltr'>&#39;lalloucz</span> <span class='ocrx_word' id='word_1_211' title='bbox 727 3290 829 3331; x_wconf 89' lang='lat' dir='ltr'>comes</span> <span class='ocrx_word' id='word_1_212' title='bbox 855 3273 1048 3330; x_wconf 84' lang='lat' dir='ltr'>Kouiniensis</span> <span class='ocrx_word' id='word_1_213' title='bbox 1065 3279 1095 3329; x_wconf 92' lang='lat' dir='ltr'>et</span> <span class='ocrx_word' id='word_1_214' title='bbox 1112 3271 1207 3347; x_wconf 84' lang='lat' dir='ltr'>judex</span> <span class='ocrx_word' id='word_1_215' title='bbox 1223 3272 1450 3341; x_wconf 87' lang='lat' dir='ltr'>Comanorum,</span> 
     </span>
     <span class='ocr_line' id='line_1_27' title="bbox 184 3376 1451 3454; baseline -0.004 -15"><span class='ocrx_word' id='word_1_216' title='bbox 184 3384 435 3454; x_wconf 80' lang='lat' dir='ltr'>gubernatorque</span> <span class='ocrx_word' id='word_1_217' title='bbox 460 3382 656 3452; x_wconf 85' lang='lat' dir='ltr'>episcopatus</span> <span class='ocrx_word' id='word_1_218' title='bbox 685 3381 892 3451; x_wconf 82' lang='lat' dir='ltr'>zagrabiensis</span> <span class='ocrx_word' id='word_1_219' title='bbox 923 3389 978 3436; x_wconf 92' lang='lat' dir='ltr'>etc.</span> <span class='ocrx_word' id='word_1_220' title='bbox 1011 3379 1159 3436; x_wconf 86' lang='lat' dir='ltr'>liemorie</span> <span class='ocrx_word' id='word_1_221' title='bbox 1191 3376 1451 3436; x_wconf 88' lang='lat' dir='ltr'>commendamus</span> 
     </span>
     <span class='ocr_line' id='line_1_28' title="bbox 184 3484 1451 3560; baseline 0 -19"><span class='ocrx_word' id='word_1_222' title='bbox 184 3505 238 3560; x_wconf 83' lang='lat' dir='ltr'>per</span> <span class='ocrx_word' id='word_1_223' title='bbox 264 3495 429 3559; x_wconf 79' lang='lat' dir='ltr'>presentes.</span> <span class='ocrx_word' id='word_1_224' title='bbox 454 3486 536 3557; x_wconf 83' lang='lat' dir='ltr'>quod</span> <span class='ocrx_word' id='word_1_225' title='bbox 562 3488 651 3543; x_wconf 86' lang='lat' dir='ltr'>nobis</span> <span class='ocrx_word' id='word_1_226' title='bbox 677 3488 751 3543; x_wconf 88' lang='lat' dir='ltr'>seria</span> <span class='ocrx_word' id='word_1_227' title='bbox 776 3485 908 3543; x_wconf 90' lang='lat' dir='ltr'>secunda</span> <span class='ocrx_word' id='word_1_228' title='bbox 933 3486 1077 3557; x_wconf 83' lang='lat' dir='ltr'>proxima</span> <span class='ocrx_word' id='word_1_229' title='bbox 1100 3491 1173 3558; x_wconf 91' lang='lat' dir='ltr'>post</span> <span class='ocrx_word' id='word_1_230' title='bbox 1196 3484 1310 3542; x_wconf 86' lang='lat' dir='ltr'>festum</span> <span class='ocrx_word' id='word_1_231' title='bbox 1344 3484 1451 3541; x_wconf 89' lang='lat' dir='ltr'>visita·</span> 
     </span>
     <span class='ocr_line' id='line_1_29' title="bbox 183 3589 1450 3663; baseline -0.003 -13"><span class='ocrx_word' id='word_1_232' title='bbox 183 3596 278 3650; x_wconf 88' lang='lat' dir='ltr'>cionis</span> <span class='ocrx_word' id='word_1_233' title='bbox 309 3595 398 3649; x_wconf 84' lang='lat' dir='ltr'>beate</span> <span class='ocrx_word' id='word_1_234' title='bbox 430 3593 524 3648; x_wconf 83' lang='lat' dir='ltr'>llarie</span> <span class='ocrx_word' id='word_1_235' title='bbox 557 3594 684 3663; x_wconf 78' lang='lat' dir='ltr'>virginis</span> <span class='ocrx_word' id='word_1_236' title='bbox 716 3594 867 3663; x_wconf 79' lang='lat' dir='ltr'>Zagrabie</span> <span class='ocrx_word' id='word_1_237' title='bbox 901 3592 1113 3661; x_wconf 81' lang='lat' dir='ltr'>existentibus,</span> <span class='ocrx_word' id='word_1_238' title='bbox 1144 3589 1345 3649; x_wconf 86' lang='lat' dir='ltr'>honorabiles</span> <span class='ocrx_word' id='word_1_239' title='bbox 1381 3590 1450 3660; x_wconf 84' lang='lat' dir='ltr'>viri,</span> 
     </span>
     <span class='ocr_line' id='line_1_30' title="bbox 183 3695 1451 3782; baseline -0.002 -26"><span class='ocrx_word' id='word_1_240' title='bbox 183 3700 308 3770; x_wconf 85' lang='lat' dir='ltr'>domini,</span> <span class='ocrx_word' id='word_1_241' title='bbox 333 3700 487 3782; x_wconf 85' lang='lat' dir='ltr'>Johannes</span> <span class='ocrx_word' id='word_1_242' title='bbox 511 3710 616 3755; x_wconf 87' lang='lat' dir='ltr'>cantor</span> <span class='ocrx_word' id='word_1_243' title='bbox 640 3708 669 3756; x_wconf 91' lang='lat' dir='ltr'>ct</span> <span class='ocrx_word' id='word_1_244' title='bbox 693 3701 855 3756; x_wconf 86' lang='lat' dir='ltr'>canonicus</span> <span class='ocrx_word' id='word_1_245' title='bbox 879 3700 909 3755; x_wconf 93' lang='lat' dir='ltr'><strong>in</strong></span> <span class='ocrx_word' id='word_1_246' title='bbox 933 3699 1062 3755; x_wconf 88' lang='lat' dir='ltr'>ecclesia</span> <span class='ocrx_word' id='word_1_247' title='bbox 1092 3697 1293 3769; x_wconf 85' lang='lat' dir='ltr'>zagrabiensi,</span> <span class='ocrx_word' id='word_1_248' title='bbox 1326 3695 1451 3769; x_wconf 90' lang='lat' dir='ltr'>locique</span> 
     </span>
     <span class='ocr_line' id='line_1_31' title="bbox 183 3803 1451 3877; baseline -0.001 -16"><span class='ocrx_word' id='word_1_249' title='bbox 183 3806 320 3861; x_wconf 81' lang='lat' dir='ltr'>eiusdem</span> <span class='ocrx_word' id='word_1_250' title='bbox 352 3806 424 3861; x_wconf 85' lang='lat' dir='ltr'>sede</span> <span class='ocrx_word' id='word_1_251' title='bbox 456 3812 585 3861; x_wconf 79' lang='lat' dir='ltr'>vacante</span> <span class='ocrx_word' id='word_1_252' title='bbox 625 3807 758 3862; x_wconf 81' lang='lat' dir='ltr'>vicarius</span> <span class='ocrx_word' id='word_1_253' title='bbox 788 3807 817 3862; x_wconf 93' lang='lat' dir='ltr'><strong>in</strong></span> <span class='ocrx_word' id='word_1_254' title='bbox 850 3805 1066 3877; x_wconf 84' lang='lat' dir='ltr'>spiritualibus</span> <span class='ocrx_word' id='word_1_255' title='bbox 1097 3803 1259 3876; x_wconf 70' lang='lat' dir='ltr'>generalis</span> <span class='ocrx_word' id='word_1_256' title='bbox 1291 3803 1451 3875; x_wconf 87' lang='lat' dir='ltr'>ceterique</span> 
     </span>
     <span class='ocr_line' id='line_1_32' title="bbox 183 3908 1451 3984; baseline -0.001 -18"><span class='ocrx_word' id='word_1_257' title='bbox 183 3911 302 3968; x_wconf 89' lang='lat' dir='ltr'>domini</span> <span class='ocrx_word' id='word_1_258' title='bbox 325 3912 462 3968; x_wconf 88' lang='lat' dir='ltr'><strong>canonici</strong></span> <span class='ocrx_word' id='word_1_259' title='bbox 495 3911 532 3967; x_wconf 90' lang='lat' dir='ltr'>de</span> <span class='ocrx_word' id='word_1_260' title='bbox 568 3912 704 3984; x_wconf 88' lang='lat' dir='ltr'>capitulo</span> <span class='ocrx_word' id='word_1_261' title='bbox 736 3912 873 3968; x_wconf 84' lang='lat' dir='ltr'>eiusdem</span> <span class='ocrx_word' id='word_1_262' title='bbox 906 3912 1033 3968; x_wconf 84' lang='lat' dir='ltr'>ecclesie</span> <span class='ocrx_word' id='word_1_263' title='bbox 1063 3908 1278 3982; x_wconf 80' lang='lat' dir='ltr'>zagrabiensis,</span> <span class='ocrx_word' id='word_1_264' title='bbox 1310 3914 1451 3965; x_wconf 92' lang='lat' dir='ltr'>nostram</span> 
     </span>
     <span class='ocr_line' id='line_1_33' title="bbox 183 4013 1451 4098; baseline -0.001 -25"><span class='ocrx_word' id='word_1_265' title='bbox 183 4017 329 4073; x_wconf 73' lang='lat' dir='ltr'>adeuntes</span> <span class='ocrx_word' id='word_1_266' title='bbox 354 4019 552 4090; x_wconf 76' lang='lat' dir='ltr'>presenciam,</span> <span class='ocrx_word' id='word_1_267' title='bbox 570 4018 764 4089; x_wconf 86' lang='lat' dir='ltr'>presentibus</span> <span class='ocrx_word' id='word_1_268' title='bbox 781 4027 810 4074; x_wconf 88' lang='lat' dir='ltr'>et</span> <span class='ocrx_word' id='word_1_269' title='bbox 826 4017 1021 4073; x_wconf 89' lang='lat' dir='ltr'>audientibus</span> <span class='ocrx_word' id='word_1_270' title='bbox 1036 4016 1184 4098; x_wconf 78' lang='lat' dir='ltr'>Johanne,</span> <span class='ocrx_word' id='word_1_271' title='bbox 1208 4013 1275 4072; x_wconf 89' lang='lat' dir='ltr'>filio</span> <span class='ocrx_word' id='word_1_272' title='bbox 1294 4014 1451 4086; x_wconf 86' lang='lat' dir='ltr'>Perouicz,</span> 
     </span>
     <span class='ocr_line' id='line_1_34' title="bbox 181 4118 1451 4198; baseline -0.002 -18"><span class='ocrx_word' id='word_1_273' title='bbox 181 4123 289 4198; x_wconf 86' lang='lat' dir='ltr'>judice,</span> <span class='ocrx_word' id='word_1_274' title='bbox 312 4126 476 4196; x_wconf 75' lang='lat' dir='ltr'>Antlronya</span> <span class='ocrx_word' id='word_1_275' title='bbox 500 4126 612 4193; x_wconf 83' lang='lat' dir='ltr'>italice,</span> <span class='ocrx_word' id='word_1_276' title='bbox 637 4124 727 4180; x_wconf 85' lang='lat' dir='ltr'>l&#39;etro</span> <span class='ocrx_word' id='word_1_277' title='bbox 752 4125 900 4195; x_wconf 79' lang='lat' dir='ltr'>ilungaro</span> <span class='ocrx_word' id='word_1_278' title='bbox 923 4132 952 4179; x_wconf 92' lang='lat' dir='ltr'>et</span> <span class='ocrx_word' id='word_1_279' title='bbox 976 4121 1142 4197; x_wconf 87' lang='lat' dir='ltr'>Stephano,</span> <span class='ocrx_word' id='word_1_280' title='bbox 1173 4122 1251 4177; x_wconf 89' lang='lat' dir='ltr'>alias</span> <span class='ocrx_word' id='word_1_281' title='bbox 1280 4118 1451 4195; x_wconf 86' lang='lat' dir='ltr'>judicibus,</span> 
     </span>
     <span class='ocr_line' id='line_1_35' title="bbox 183 4224 1449 4300; baseline -0.001 -15"><span class='ocrx_word' id='word_1_282' title='bbox 183 4231 255 4285; x_wconf 91' lang='lat' dir='ltr'>item</span> <span class='ocrx_word' id='word_1_283' title='bbox 282 4230 443 4287; x_wconf 85' lang='lat' dir='ltr'>llenedicto</span> <span class='ocrx_word' id='word_1_284' title='bbox 467 4238 592 4298; x_wconf 85' lang='lat' dir='ltr'>sartore,</span> <span class='ocrx_word' id='word_1_285' title='bbox 617 4231 752 4286; x_wconf 85' lang='lat' dir='ltr'>Fabiano</span> <span class='ocrx_word' id='word_1_286' title='bbox 778 4231 920 4299; x_wconf 72' lang='lat' dir='ltr'>litterato</span> <span class='ocrx_word' id='word_1_287' title='bbox 945 4229 1065 4284; x_wconf 77' lang='lat' dir='ltr'>&#39;l&#39;lroma</span> <span class='ocrx_word' id='word_1_288' title='bbox 1089 4228 1154 4284; x_wconf 88' lang='lat' dir='ltr'>tilio</span> <span class='ocrx_word' id='word_1_289' title='bbox 1179 4226 1276 4297; x_wconf 88' lang='lat' dir='ltr'>Chuo,</span> <span class='ocrx_word' id='word_1_290' title='bbox 1311 4224 1449 4300; x_wconf 80' lang='lat' dir='ltr'>Georgio</span> 
     </span>
     <span class='ocr_line' id='line_1_36' title="bbox 183 4333 1451 4409; baseline 0 -18"><span class='ocrx_word' id='word_1_291' title='bbox 183 4346 300 4391; x_wconf 88' lang='lat' dir='ltr'>sartore</span> <span class='ocrx_word' id='word_1_292' title='bbox 324 4345 352 4391; x_wconf 92' lang='lat' dir='ltr'>et</span> <span class='ocrx_word' id='word_1_293' title='bbox 377 4337 535 4392; x_wconf 80' lang='lat' dir='ltr'>leonardo</span> <span class='ocrx_word' id='word_1_294' title='bbox 560 4336 672 4403; x_wconf 82' lang='lat' dir='ltr'>italico,</span> <span class='ocrx_word' id='word_1_295' title='bbox 697 4335 805 4409; x_wconf 86' lang='lat' dir='ltr'>juratis</span> <span class='ocrx_word' id='word_1_296' title='bbox 830 4336 958 4401; x_wconf 82' lang='lat' dir='ltr'>civibus,</span> <span class='ocrx_word' id='word_1_297' title='bbox 984 4349 1041 4406; x_wconf 92' lang='lat' dir='ltr'>pro</span> <span class='ocrx_word' id='word_1_298' title='bbox 1072 4350 1104 4390; x_wconf 85' lang='lat' dir='ltr'>se</span> <span class='ocrx_word' id='word_1_299' title='bbox 1136 4334 1212 4407; x_wconf 91' lang='lat' dir='ltr'>ipsis</span> <span class='ocrx_word' id='word_1_300' title='bbox 1244 4333 1451 4406; x_wconf 85' lang='lat' dir='ltr'>personaliter</span> 
     </span>
     <span class='ocr_line' id='line_1_37' title="bbox 183 4437 1451 4515; baseline -0.001 -17"><span class='ocrx_word' id='word_1_301' title='bbox 183 4452 212 4498; x_wconf 86' lang='lat' dir='ltr'>ct</span> <span class='ocrx_word' id='word_1_302' title='bbox 236 4457 293 4514; x_wconf 90' lang='lat' dir='ltr'>pro</span> <span class='ocrx_word' id='word_1_303' title='bbox 323 4443 393 4498; x_wconf 89' lang='lat' dir='ltr'>aliis</span> <span class='ocrx_word' id='word_1_304' title='bbox 422 4443 543 4498; x_wconf 89' lang='lat' dir='ltr'>civibus</span> <span class='ocrx_word' id='word_1_305' title='bbox 574 4443 707 4499; x_wconf 79' lang='lat' dir='ltr'>civitatis</span> <span class='ocrx_word' id='word_1_306' title='bbox 739 4442 853 4497; x_wconf 90' lang='lat' dir='ltr'>montis</span> <span class='ocrx_word' id='word_1_307' title='bbox 884 4441 1045 4498; x_wconf 73' lang='lat' dir='ltr'>(ireceosis</span> <span class='ocrx_word' id='word_1_308' title='bbox 1077 4440 1115 4496; x_wconf 88' lang='lat' dir='ltr'>de</span> <span class='ocrx_word' id='word_1_309' title='bbox 1145 4438 1231 4515; x_wconf 89' lang='lat' dir='ltr'>juxta</span> <span class='ocrx_word' id='word_1_310' title='bbox 1263 4437 1451 4512; x_wconf 87' lang='lat' dir='ltr'>Zagrabiam</span> 
     </span>
     <span class='ocr_line' id='line_1_38' title="bbox 183 4544 1452 4621; baseline -0.001 -16"><span class='ocrx_word' id='word_1_311' title='bbox 183 4564 252 4605; x_wconf 89' lang='lat' dir='ltr'>cum</span> <span class='ocrx_word' id='word_1_312' title='bbox 277 4547 443 4605; x_wconf 69' lang='lat' dir='ltr'>sut‘ticienti</span> <span class='ocrx_word' id='word_1_313' title='bbox 467 4548 697 4621; x_wconf 87' lang='lat' dir='ltr'>procuracionis</span> <span class='ocrx_word' id='word_1_314' title='bbox 722 4547 875 4607; x_wconf 78' lang='lat' dir='ltr'>mundato,</span> <span class='ocrx_word' id='word_1_315' title='bbox 900 4562 1005 4603; x_wconf 92' lang='lat' dir='ltr'>coram</span> <span class='ocrx_word' id='word_1_316' title='bbox 1024 4546 1113 4603; x_wconf 89' lang='lat' dir='ltr'>nobis</span> <span class='ocrx_word' id='word_1_317' title='bbox 1137 4544 1319 4615; x_wconf 89' lang='lat' dir='ltr'>astantibus,</span> <span class='ocrx_word' id='word_1_318' title='bbox 1343 4553 1452 4604; x_wconf 84' lang='lat' dir='ltr'>contra</span> 
     </span>
     <span class='ocr_line' id='line_1_39' title="bbox 183 4649 1451 4729; baseline -0.001 -18"><span class='ocrx_word' id='word_1_319' title='bbox 183 4654 306 4711; x_wconf 89' lang='lat' dir='ltr'>eosdem</span> <span class='ocrx_word' id='word_1_320' title='bbox 329 4653 473 4729; x_wconf 86' lang='lat' dir='ltr'>judicem,</span> <span class='ocrx_word' id='word_1_321' title='bbox 496 4653 622 4728; x_wconf 85' lang='lat' dir='ltr'>juratos,</span> <span class='ocrx_word' id='word_1_322' title='bbox 645 4656 728 4711; x_wconf 81' lang='lat' dir='ltr'>cives</span> <span class='ocrx_word' id='word_1_323' title='bbox 752 4661 781 4710; x_wconf 90' lang='lat' dir='ltr'>et</span> <span class='ocrx_word' id='word_1_324' title='bbox 806 4661 901 4711; x_wconf 89' lang='lat' dir='ltr'>totam</span> <span class='ocrx_word' id='word_1_325' title='bbox 926 4653 1181 4711; x_wconf 90' lang='lat' dir='ltr'>communitatem</span> <span class='ocrx_word' id='word_1_326' title='bbox 1211 4649 1345 4709; x_wconf 86' lang='lat' dir='ltr'>civitatis</span> <span class='ocrx_word' id='word_1_327' title='bbox 1380 4667 1451 4725; x_wconf 89' lang='lat' dir='ltr'>pre·</span> 
     </span>
     <span class='ocr_line' id='line_1_40' title="bbox 183 4755 1451 4833; baseline 0 -18"><span class='ocrx_word' id='word_1_328' title='bbox 183 4762 262 4817; x_wconf 86' lang='lat' dir='ltr'>dicte</span> <span class='ocrx_word' id='word_1_329' title='bbox 287 4768 513 4833; x_wconf 90' lang='lat' dir='ltr'>proposuerunt</span> <span class='ocrx_word' id='word_1_330' title='bbox 539 4768 566 4816; x_wconf 92' lang='lat' dir='ltr'>et</span> <span class='ocrx_word' id='word_1_331' title='bbox 591 4761 748 4833; x_wconf 84' lang='lat' dir='ltr'>conquesti</span> <span class='ocrx_word' id='word_1_332' title='bbox 773 4768 841 4816; x_wconf 89' lang='lat' dir='ltr'>sunt</span> <span class='ocrx_word' id='word_1_333' title='bbox 866 4774 902 4816; x_wconf 93' lang='lat' dir='ltr'>eo</span> <span class='ocrx_word' id='word_1_334' title='bbox 926 4759 1034 4816; x_wconf 90' lang='lat' dir='ltr'>modo:</span> <span class='ocrx_word' id='word_1_335' title='bbox 1060 4756 1218 4831; x_wconf 90' lang='lat' dir='ltr'>quomodo</span> <span class='ocrx_word' id='word_1_336' title='bbox 1242 4755 1338 4815; x_wconf 84' lang='lat' dir='ltr'>iidem</span> <span class='ocrx_word' id='word_1_337' title='bbox 1354 4755 1451 4831; x_wconf 86' lang='lat' dir='ltr'>judex</span> 
     </span>
     <span class='ocr_line' id='line_1_41' title="bbox 183 4864 1452 4941; baseline -0.001 -17"><span class='ocrx_word' id='word_1_338' title='bbox 183 4878 212 4924; x_wconf 90' lang='lat' dir='ltr'>et</span> <span class='ocrx_word' id='word_1_339' title='bbox 237 4870 419 4926; x_wconf 79' lang='lat' dir='ltr'>universitas</span> <span class='ocrx_word' id='word_1_340' title='bbox 443 4867 559 4924; x_wconf 88' lang='lat' dir='ltr'>civium</span> <span class='ocrx_word' id='word_1_341' title='bbox 582 4868 715 4925; x_wconf 86' lang='lat' dir='ltr'>civitatis</span> <span class='ocrx_word' id='word_1_342' title='bbox 738 4866 876 4941; x_wconf 89' lang='lat' dir='ltr'>predicte</span> <span class='ocrx_word' id='word_1_343' title='bbox 900 4868 959 4922; x_wconf 89' lang='lat' dir='ltr'>hiis</span> <span class='ocrx_word' id='word_1_344' title='bbox 984 4865 1093 4922; x_wconf 87' lang='lat' dir='ltr'>diebus</span> <span class='ocrx_word' id='word_1_345' title='bbox 1125 4865 1245 4922; x_wconf 83' lang='lat' dir='ltr'>noviter</span> <span class='ocrx_word' id='word_1_346' title='bbox 1279 4864 1452 4935; x_wconf 87' lang='lat' dir='ltr'>transactis,</span> 
     </span>
    </p>
   </div>
   <div class='ocr_carea' id='block_1_7' title="bbox 0 0 1647 5348">
    <p class='ocr_par' dir='ltr' id='par_1_8' title="bbox 0 0 1647 5348">
     <span class='ocr_line' id='line_1_42' title="bbox 0 0 1647 5348; baseline 0 0"><span class='ocrx_word' id='word_1_347' title='bbox 0 0 1647 5348; x_wconf 95' lang='lat' dir='ltr'> </span> 
     </span>
    </p>
   </div>
  </div>
 </body>
</html>
