3278 5348
185 421 246 464 aao
595 406 668 462 Doc.
693 401 761 462 162.
787 437 825 446 -
851 405 908 461 An.
934 415 1025 481 1452.

182 620 288 678 biliter
321 621 474 691 tenendas,
509 620 710 697 possidendas
733 622 848 696 pariter
871 627 901 681 et
931 621 1098 693 habendas,
1128 622 1241 679 harum
1271 630 1439 680 nostrarum

185 729 291 801 vigore
313 735 343 786 et
366 730 542 787 testimonio
564 728 740 787 litterarum
773 727 917 803 pendenti
947 729 1053 802 sigillo
1082 736 1186 787 nostre
1218 729 1441 787 communitatis

183 835 432 907 consignatarum
466 834 629 893 mediante.
661 836 778 893 Datum
813 835 844 892 in
878 834 957 893 festo
987 834 1217 908 purificacionis
1241 835 1333 893 beate
1355 835 1443 892 Marte

183 941 321 1013 virginis.
365 945 454 999 Anno
489 941 607 999 domini
648 941 816 1000 millesimo
849 941 1155 1015 quadringentesimo
1191 942 1443 1015 quinquagesimo

183 1047 327 1105 secundo.

289 1184 422 1247 Originnle
442 1187 468 1234 in
488 1185 642 1241 membrana,
663 1200 785 1235 mancum.
807 1186 876 1232 Zona
889 1185 985 1233 sericea
998 1184 1087 1233 viridis
1100 1183 1230 1249 appendet
1244 1183 1343 1247 absque
1356 1182 1444 1247 sigillo.

183 1273 213 1320 In
233 1273 301 1323 arch.
321 1289 377 1324 ven.
398 1275 473 1339 capit.
494 1274 594 1337 zagrab.

775 1469 856 1534 162.

289 1612 369 1659 Anno
392 1624 465 1677 1452,
484 1624 524 1673 29.
545 1613 613 1663 maii.
635 1611 782 1674 Zagrabiae.

182 1739 372 1811 [eutitianum
402 1741 684 1797 restanientariarum
714 1758 733 1794 a
765 1757 786 1795 s.
812 1738 913 1795 Marci
928 1737 1118 1812 parochianis
1139 1739 1314 1794 ›nonasterio
1343 1738 1449 1796 Cister-

182 1847 315 1903 ciensr'ttm
339 1847 457 1917 cherub.
480 1848 643 1920 factarum,
667 1846 766 1918 portio
795 1846 932 1902 cancurica
948 1843 1089 1917 parochis
1110 1862 1132 1904 s.
1155 1843 1260 1901 Marci
1280 1846 1311 1901 in
1334 1846 1446 1902 civitate

287 1952 504 2011 corrrntunr'tatis
525 1954 627 2010 attentis
649 1951 799 2009 Greccnsis
822 1970 841 2007 a
865 1951 1017 2008 Benedicta
1041 1950 1168 2024 episcopo
1189 1950 1342 2008 didiscitur.

288 2096 470 2154 Benedictus
493 2097 541 2155 dei
566 2102 595 2154 et
618 2097 789 2171 apostolice
813 2095 894 2152 sedis
918 2096 1022 2167 gracia
1046 2095 1211 2168 episcopus
1243 2095 1375 2153 ecclesie
1402 2112 1447 2154 za·

183 2203 367 2275 grabiensis.
392 2204 425 2260 ln
456 2203 580 2261 Christo
603 2204 693 2261 nobis
717 2203 847 2271 dilectis,
871 2202 1011 2260 discretis
1032 2202 1116 2271 viris,
1140 2201 1296 2259 dominis:
1320 2201 1448 2273 Thome,

184 2309 280 2366 sancti
304 2310 436 2368 Emerici
467 2309 505 2367 de
529 2310 689 2382 Zagrabia,
725 2310 823 2366 altero
854 2309 982 2380 Thome,
1005 2309 1102 2366 sancti
1124 2308 1274 2389 Johannis
1298 2309 1337 2366 de
1361 2308 1447 2366 Nova

183 2414 262 2472 villa
285 2422 315 2472 et
338 2415 504 2474 Valentino
527 2417 624 2474 sancti
661 2415 808 2473 Anthonii
843 2415 880 2472 de
915 2416 984 2474 vico
1019 2414 1209 2486 Latinorum,
1245 2415 1446 2473 ecclesiarum

183 2522 332 2594 plebanis,
356 2524 488 2597 aliisque
511 2524 663 2582 universis
686 2528 715 2580 et
739 2523 869 2594 siugulis
883 2521 1016 2579 dominis
1033 2521 1174 2595 plebanis
1198 2526 1228 2578 et
1244 2521 1446 2580 ecclesiarum

182 2629 408 2699 parochialium
432 2633 612 2701 rectoribus,
629 2631 762 2688 ubilibet
787 2631 866 2686 intra
890 2630 1043 2686 ambitum
1066 2634 1171 2687 nostre
1194 2628 1325 2687 diocesis
1341 2644 1444 2702 zagra·

183 2734 297 2792 biensis
321 2737 493 2794 constitutis
517 2744 545 2796 et
569 2737 779 2805 existentibus,
804 2736 998 2809 presencium
1021 2734 1169 2792 noticiam
1203 2735 1368 2806 habituris,
1396 2734 1445 2792 vel

183 2841 236 2912 qui
260 2843 455 2914 presentibus
478 2842 597 2901 fueritis
620 2843 769 2916 requisiti,
793 2848 846 2899 aut
869 2843 948 2900 alter
971 2848 1110 2899 vestrum
1142 2840 1234 2898 fuerit
1269 2842 1446 2915 requisitus,

184 2947 369 3006 salutemet
392 2949 589 3022 diligenciam
613 2950 729 3007 habere
751 2948 781 3005 in
804 2949 987 3006 commissis.
1005 2947 1169 3018 Noveritis,
1193 2946 1277 3020 quod
1302 2963 1377 3005 cum
1392 2962 1446 3005 nos

183 3052 259 3110 feria
282 3055 415 3113 secunda
439 3057 582 3130 proxima
606 3059 677 3130 post
700 3054 813 3113 testum
832 3055 915 3111 beati
939 3054 1058 3111 Vrbani
1082 3068 1171 3127 pape,
1187 3053 1332 3126 proxime
1349 3060 1448 3128 prete·

182 3160 286 3227 ritum,
320 3161 350 3217 in
382 3163 520 3220 sacristia
543 3163 689 3232 interiori,
720 3176 854 3219 unacum
891 3160 1128 3217 honorabilibus
1160 3159 1244 3231 viris,
1268 3160 1446 3234 prepositis,

182 3266 405 3325 archidiaconis
428 3275 457 3326 et
481 3269 634 3326 canonicis
658 3267 697 3325 de
720 3267 858 3341 capitulo
881 3266 1010 3323 ecclesie
1033 3272 1136 3323 nostre
1168 3264 1309 3339 predicte
1342 3280 1448 3339 zagra·

188 3372 311 3443 biensis,
335 3372 484 3432 iratribus
507 3375 621 3433 nostris
645 3376 675 3432 in
710 3375 833 3431 Christo
868 3373 1043 3437 carissimis,
1079 3371 1117 3428 ad
1152 3369 1347 3429 reddendum
1382 3372 1448 3430 iura

181 3482 376 3538 causancium
399 3497 451 3538 seu
475 3481 669 3553 litigancium
682 3495 739 3554 pro
756 3479 904 3537 tribunali
921 3477 1174 3550 consedissemus,
1191 3483 1265 3535 tunc
1288 3477 1448 3535 demedio

182 3584 315 3642 aliorum
341 3588 538 3643 causancium
560 3587 709 3645 discretus
729 3587 778 3644 vir
802 3585 946 3642 dominus
970 3584 1116 3642 Nicolaus
1147 3585 1311 3657 presbiter,
1346 3590 1448 3643 rector

182 3705 234 3745 seu
260 3692 412 3763 plebanus
436 3693 624 3765 paroehialis
648 3693 775 3750 ecclesie
799 3709 851 3750 seu
875 3692 996 3765 capelle
1031 3692 1127 3749 sancti
1162 3692 1259 3750 Marci
1281 3692 1319 3749 de
1342 3697 1448 3750 monte

182 3793 286 3867 Grecz,
311 3796 349 3854 de
373 3798 455 3855 iuxta
480 3798 673 3870 Zagrabiam,
709 3799 859 3871 legittime
893 3799 1049 3856 citacionis
1083 3797 1215 3856 modum
1237 3798 1448 3869 observando,

183 3901 213 3959 in
237 3908 384 3975 nostram,
410 3904 625 3978 dictorumque
648 3913 827 3963 nostrorum
851 3919 1040 3962 assessorum
1067 3906 1259 3978 presenciam
1282 3919 1445 3978 exurgens,

181 4016 288 4067 contra
307 4016 341 4093 ¹et
374 4010 524 4070 adversus
556 4013 736 4084 religiosum
771 4012 876 4069 virum
912 4011 1075 4069 dominum
1110 4011 1262 4069 Mathiam
1299 4013 1448 4070 abbatem

181 4118 361 4175 monasterii
391 4119 517 4176 ecclesie
540 4119 630 4175 beate
654 4119 750 4175 liarie
773 4118 903 4190 virginis
926 4118 958 4175 in
993 4117 1062 4174 vico
1086 4133 1139 4175 seu
1172 4132 1245 4175 area
1278 4119 1446 4192 capitulari

180 4229 361 4295 constructe,
393 4223 603 4283 Cisterciensis
626 4223 751 4295 ordinis,
775 4239 879 4281 coram
903 4223 993 4280 nobis
1018 4223 1223 4295 personaliter
1245 4225 1447 4283 constitutum

181 4331 344 4407 proposuit
368 4336 397 4388 et
420 4332 569 4403 allegavit
592 4331 681 4404 gravi
705 4346 776 4388 cum
800 4329 927 4403 querela
951 4344 988 4387 eo
1012 4328 1124 4387 modo:
1157 4328 1241 4402 quod
1277 4330 1351 4389 licet
1382 4332 1447 4405 ipse

180 4453 280 4512 nuper
316 4439 347 4495 in
382 4438 540 4511 presencia
574 4437 765 4495 honorabilis
808 4436 868 4493 uiri
904 4435 1023 4492 domini
1056 4434 1205 4509 Stephani
1238 4436 1446 4495 archidiaconi

180 4542 371 4602 kathedralis
395 4549 425 4602 et
449 4545 586 4602 canonici
618 4545 649 4601 in
673 4542 755 4600 dicta
778 4543 907 4600 ecclesia
931 4548 1036 4600 nostra
1059 4543 1260 4616 zagrabiensi‚
1286 4544 1448 4603 venerabi·

180 4649 283 4726 lisque
315 4651 374 4709 uiri
399 4650 517 4709 domini
551 4650 703 4708 Leonardi
738 4649 890 4707 licenciati
926 4651 956 4707 in
992 4649 1131 4720 decretis,
1164 4649 1274 4709 vicarii
1294 4652 1395 4711 nostri
1415 4651 1448 4709 in

181 4758 397 4834 spiritualibus
420 4758 573 4831 generalis
604 4757 849 4825 locumtenentis,
874 4758 997 4815 racione
1028 4761 1058 4814 et
1093 4757 1254 4816 occasione
1285 4764 1396 4834 quarte
1416 4762 1447 4817 et

180 4865 408 4925 obvencionum
432 4880 485 4922 seu
508 4863 653 4922 canonice
677 4863 832 4937 porcionis
857 4868 999 4936 pretextu
1024 4861 1212 4924 funeralium
1236 4870 1267 4925 et
1282 4870 1445 4925 testamen·
