3278 5348
184 383 243 443 342
602 363 675 421 Doc.
699 358 770 438 276.
795 395 836 404 -
861 362 916 421 An.
941 370 1029 437 1472.

182 581 276 642 simul
299 597 372 639 cum
402 581 519 640 cunctis
550 576 732 637 earumdem
764 575 952 635 utilitatibus
972 581 1003 634 et
1027 574 1227 649 pertinenciis
1251 576 1447 648 quibuslibet

181 688 272 746 terris
294 687 412 745 scilicet
434 685 608 743 arabilibus
631 683 724 743 cultis
747 689 777 742 et
792 681 925 752 incultis,
941 681 1033 755 agris,
1049 681 1156 755 pratis,
1173 683 1309 755 pascuis,
1325 683 1448 758 campis,

183 793 300 862 tenetis,
334 793 431 864 silvis,
461 791 651 860 nemoribus,
683 790 858 861 montibus,
889 787 1044 856 vallibus¹
1080 786 1188 857 vineis,
1221 787 1445 862 vinearumque

182 899 412 974 promontoriis,
445 897 556 968 fluviis,
589 896 723 970 piscinis,
754 894 919 968 piscaturis
942 899 973 950 et
994 907 1147 966 aquarum
1170 891 1367 965 decursibus,
1390 909 1448 952 mo

181 1004 314 1063 lendinis
335 1009 365 1061 et
395 1001 647 1061 molendinorum
679 1001 765 1070 locis,
796 1000 982 1073 generaliter
1015 1014 1091 1058 vero
1122 1000 1339 1072 quarumlibet
1371 1000 1447 1059 utili·

182 1117 281 1168 tatum
304 1116 334 1168 et
351 1109 610 1183 pertinenciarum
628 1121 754 1164 suarum
771 1107 1001 1179 integritatibus
1017 1106 1129 1179 quovis
1144 1104 1281 1164 nominis
1297 1107 1448 1164 vocabulo

182 1217 324 1274 vocitatis
356 1214 395 1273 ad
429 1214 552 1272 easdem
583 1213 621 1271 de
643 1211 712 1289 jure
734 1218 765 1271 et
787 1213 828 1270 ab
852 1213 980 1285 antiquo
1007 1211 1227 1286 spectantibus,
1255 1227 1292 1270 ac
1313 1220 1449 1286 spectare

181 1328 212 1380 et
235 1323 389 1397 pertinere
412 1320 605 1391 debentibus,
622 1319 681 1377 sub
704 1319 768 1377 suis
790 1319 872 1377 veris
896 1319 985 1376 metis
1007 1323 1039 1376 et
1061 1318 1195 1392 antiquis
1218 1319 1393 1392 premissis,
1409 1319 1449 1377 sic

181 1435 216 1486 ut
250 1427 413 1501 prefertur,
448 1426 602 1484 stantibus
637 1431 667 1483 et
697 1441 730 1483 se
765 1426 952 1484 habentibus
984 1430 1156 1482 memorate
1191 1424 1312 1483 civitati
1347 1432 1447 1484 nostre

183 1536 296 1592 montis
319 1534 481 1592 Grecensis
502 1540 532 1591 et
556 1549 613 1607 per
636 1548 826 1606 consequens
858 1533 987 1603 civibus,
1011 1531 1187 1606 hospitibus
1209 1537 1241 1589 et
1262 1531 1451 1590 inhabitato-

182 1641 269 1698 ribus
297 1640 328 1697 'm
359 1639 468 1697 eadem
498 1655 556 1713 pro
587 1647 728 1713 tempore
759 1640 1025 1698 commorantibus
1056 1637 1156 1696 denuo
1180 1643 1272 1695 etex
1294 1653 1381 1696 novo
1402 1637 1450 1695 de·

183 1745 294 1817 dimus,
318 1745 503 1803 donavimus
527 1751 558 1803 et
581 1746 783 1817 contulimus,
799 1745 897 1803 immo
914 1744 1033 1815 damus,
1049 1742 1202 1802 donamus
1217 1749 1249 1801 et
1264 1742 1452 1802 conferimus

182 1850 250 1927 jure
281 1858 431 1926 perpetuo
462 1858 492 1910 et
523 1852 770 1910 irrevocabiliter
802 1851 957 1922 tenendas,
988 1849 1188 1924 possidendas
1221 1856 1252 1906 et
1282 1849 1452 1920 habendas,

183 1957 272 2015 salvo
303 1955 371 2033 jure
403 1959 513 2029 alieno,
544 1959 657 2016 harum
687 1963 865 2016 nostrarum
888 1958 997 2030 vigore
1021 1961 1052 2015 et
1075 1957 1251 2015 testimonio
1275 1956 1454 2014 litterarum

183 2063 344 2122 mediante.
368 2065 453 2138 Quas
477 2066 508 2123 in
532 2065 667 2122 formam
690 2066 787 2123 nostri
804 2064 961 2139 privilegii
977 2063 1077 2136 redigi
1094 2062 1252 2133 iaciemus,
1269 2062 1348 2120 dum
1363 2063 1455 2121 nobis

184 2170 215 2226 iu
238 2170 341 2243 specie
373 2169 486 2228 suerint
517 2176 681 2244 reportate.
717 2171 833 2228 Datum
865 2168 949 2227 Bude
973 2168 1051 2226 feria
1074 2176 1182 2241 quarta
1208 2169 1357 2241 proxima
1380 2174 1452 2244 post

183 2273 298 2332 festum
319 2274 542 2334 Penthecostes.
568 2279 657 2334 Anno
680 2275 799 2333 domini
815 2275 984 2333 millesimo
1000 2273 1305 2348 quadringentesimo
1323 2280 1450 2348 septua-

184 2381 302 2453 gesimo
325 2381 467 2440 secundo
496 2383 676 2455 Regnorum
705 2388 884 2439 nostrorum
913 2395 994 2439 anno
1024 2381 1183 2454 Hungarie
1206 2384 1265 2439 etc.
1288 2381 1458 2454 quintode-

184 2487 273 2557 cimo,
298 2488 508 2545 coronacionis
530 2502 620 2558 nono,
645 2487 790 2545 Bohemie
812 2502 887 2544 vero
911 2493 1028 2559 quarto.

289 2640 422 2702 Originale
441 2640 468 2689 in
487 2641 641 2698 membrana,
661 2648 699 2690 sat
718 2656 830 2691 exesum.
849 2641 882 2689 In
901 2641 1014 2704 margine
1033 2639 1149 2689 inferiori
1175 2639 1332 2704 impressum
1357 2647 1399 2690 est
1424 2641 1460 2691 si·

183 2726 282 2792 gillam.
303 2730 334 2776 In
351 2728 446 2777 archiv.
465 2728 511 2782 lib.
532 2746 583 2793 reg.
603 2731 672 2781 civit.
691 2730 872 2793 zagrabiensis.

778 2996 860 3064 276.

291 3156 371 3204 Anno
393 3168 466 3220 1472,
488 3168 528 3206 20.
546 3157 627 3220 Junii.
648 3155 744 3207 Albae.

190 3284 293 3342 Coram
327 3285 452 3357 capitulo
485 3284 596 3340 albensi
628 3285 783 3357 capitulum
813 3282 999 3356 zagrabiensc
1031 3282 1064 3340 de
1089 3282 1266 3357 possessione
1296 3282 1463 3360 Krab'evec

445 3414 493 3463 etc.
517 3406 717 3465 communitati
735 3410 860 3466 civitatis
881 3407 1041 3465 condonata
1065 3413 1184 3464 recusat.

291 3570 354 3626 Nos
377 3569 548 3641 capitulum
572 3570 699 3627 ecclesie
730 3572 872 3629 albensis.
897 3571 1046 3629 Memorie
1077 3568 1342 3640 commendamus,
1368 3570 1458 3644 quod

183 3677 376 3734 venerabiles
400 3676 468 3746 viri,
486 3676 603 3733 domini
628 3676 864 3735 Bartholomeus
888 3684 993 3735 cantor
1016 3684 1046 3734 et
1070 3675 1233 3735 canonicus
1257 3690 1293 3732 ac
1315 3676 1460 3734 vicarius

183 3783 215 3839 in
239 3783 455 3856 spiritualibus
484 3783 636 3853 generalis
660 3790 689 3840 et
720 3784 905 3854 Demetrius,
928 3783 1163 3842 archidiaconus
1186 3779 1390 3853 kathedralis,
1423 3783 1459 3842 in

184 3889 312 3945 ecclesia
335 3890 525 3960 zagrabiensi
548 3897 686 3946 nostram
710 3891 866 3948 venientes
890 3893 920 3948 in
945 3890 1146 3965 presenciam,
1170 3888 1234 3946 suis
1257 3903 1294 3945 ac
1317 3887 1456 3947 honora·

183 3994 256 4051 bilis
287 3995 415 4066 capituli
449 3994 585 4051 eiusdem
618 3996 744 4053 ecclesie
775 3997 981 4068 zagrabiensis
1012 3999 1044 4054 in
1076 3995 1215 4070 personis
1239 4009 1295 4069 per
1318 3994 1457 4053 modum

183 4100 417 4173 protestacionis
460 4107 489 4156 et
521 4101 717 4157 inhibicionis
751 4103 841 4159 nohis
877 4101 1050 4174 significare
1085 4107 1232 4159 curarunt
1261 4114 1298 4158 eo
1336 4099 1459 4160 modo:

183 4205 267 4279 quod
291 4212 383 4279 prout
404 4205 463 4277 ipsi
490 4207 706 4279 percepissent,
724 4209 783 4266 hiis
809 4209 951 4282 proxime
975 4208 1107 4266 evolutis
1131 4207 1242 4265 diebus
1264 4205 1456 4265 Valentinus

180 4310 283 4386 judex,
306 4312 461 4391 Johannes
485 4312 656 4382 l’erowyth,
681 4314 760 4370 alter
782 4316 936 4396 Johannes
961 4315 1082 4385 Paasar,
1110 4313 1283 4372 Anthonius
1307 4311 1347 4369 de
1372 4313 1454 4372 Klo-

182 4416 271 4487 koch,
306 4417 494 4487 Dominicus
530 4417 613 4474 filius
647 4419 822 4491 Perowych
857 4422 1012 4502 Johannes
1046 4419 1256 4491 Soldmaryca,
1291 4421 1455 4494 ceterique

183 4523 265 4579 cives
288 4537 324 4578 ac
348 4522 483 4579 universi
507 4524 643 4594 hospites
666 4527 778 4583 montis
802 4526 965 4584 Grecensis
989 4527 1027 4583 de
1050 4527 1135 4584 iuxta
1151 4524 1347 4597 Zagrabiam,
1364 4525 1455 4585 adin·

182 4628 282 4684 ventis
313 4627 500 4700 quibusdam
534 4628 664 4686 sinistris
697 4632 833 4702 cautelis,
859 4634 1067 4705 possessiones
1091 4637 1121 4689 et
1143 4631 1308 4706 porciones
1331 4647 1459 4705 posses·

182 4733 330 4790 sionarias
352 4731 462 4805 prefati
485 4736 615 4807 capituli
638 4734 802 4807 Cralewcz,
825 4737 971 4810 Zwybye,
995 4738 1102 4809 Narth,
1126 4737 1273 4811 Kobylalr
1289 4744 1319 4796 et
1333 4735 1458 4813 Caerye

184 4849 315 4912 vocatas,
341 4855 456 4900 necnon
483 4843 633 4900 tributum
658 4859 709 4899 seu
735 4844 906 4901 thelonium
930 4846 961 4903 in
985 4845 1092 4903 eadem
1117 4844 1233 4920 Caerye
1248 4845 1405 4918 habitum,
1424 4847 1459 4907 in
