<?xml version="1.0" encoding="UTF-8"?>
<!DOCTYPE html PUBLIC "-//W3C//DTD XHTML 1.0 Transitional//EN"
    "http://www.w3.org/TR/xhtml1/DTD/xhtml1-transitional.dtd">
<html xmlns="http://www.w3.org/1999/xhtml" xml:lang="en" lang="en">
 <head>
  <title>
</title>
<meta http-equiv="Content-Type" content="text/html;charset=utf-8" />
  <meta name='ocr-system' content='tesseract 3.04.00' />
  <meta name='ocr-capabilities' content='ocr_page ocr_carea ocr_par ocr_line ocrx_word'/>
</head>
<body>
  <div class='ocr_page' id='page_1' title='image "./monumentahistor01laszgoog_0410.png"; bbox 0 0 3278 5348; ppageno 0'>
   <div class='ocr_carea' id='block_1_1' title="bbox 610 409 1033 494">
    <p class='ocr_par' dir='ltr' id='par_1_1' title="bbox 610 409 1033 494">
     <span class='ocr_line' id='line_1_1' title="bbox 610 409 1033 494; baseline -0.005 -18"><span class='ocrx_word' id='word_1_1' title='bbox 610 417 686 476; x_wconf 88' lang='lat' dir='ltr'>Doc.</span> <span class='ocrx_word' id='word_1_2' title='bbox 710 427 775 491; x_wconf 82' lang='lat'><em>115.</em></span> <span class='ocrx_word' id='word_1_3' title='bbox 797 448 839 460; x_wconf 92' lang='lat'>-</span> <span class='ocrx_word' id='word_1_4' title='bbox 862 416 920 475; x_wconf 86' lang='lat' dir='ltr'>An.</span> <span class='ocrx_word' id='word_1_5' title='bbox 940 409 1033 494; x_wconf 72' lang='lat'><em>1438.</em></span> 
     </span>
    </p>
   </div>
   <div class='ocr_carea' id='block_1_2' title="bbox 291 733 859 938">
    <p class='ocr_par' dir='ltr' id='par_1_2' title="bbox 291 733 859 938">
     <span class='ocr_line' id='line_1_2' title="bbox 784 733 859 799; baseline 0.013 -1"><span class='ocrx_word' id='word_1_6' title='bbox 784 733 859 799; x_wconf 86' lang='lat'>115.</span> 
     </span>
     <span class='ocr_line' id='line_1_3' title="bbox 291 875 739 938; baseline 0.002 -13"><span class='ocrx_word' id='word_1_7' title='bbox 291 876 372 925; x_wconf 80' lang='lat' dir='ltr'>Auno</span> <span class='ocrx_word' id='word_1_8' title='bbox 394 876 468 938; x_wconf 85' lang='lat'>1438,</span> <span class='ocrx_word' id='word_1_9' title='bbox 489 887 512 938; x_wconf 82' lang='lat'>3.</span> <span class='ocrx_word' id='word_1_10' title='bbox 531 876 625 926; x_wconf 80' lang='lat' dir='ltr'>martii.</span> <span class='ocrx_word' id='word_1_11' title='bbox 642 875 739 927; x_wconf 73' lang='lat' dir='ltr'>Budae.</span> 
     </span>
    </p>
   </div>
   <div class='ocr_carea' id='block_1_3' title="bbox 185 1001 1456 1076">
    <p class='ocr_par' dir='ltr' id='par_1_3' title="bbox 185 1001 1456 1076">
     <span class='ocr_line' id='line_1_4' title="bbox 185 1001 1456 1076; baseline -0.004 -14"><span class='ocrx_word' id='word_1_12' title='bbox 185 1003 328 1073; x_wconf 84' lang='lat' dir='ltr'>Albertus,</span> <span class='ocrx_word' id='word_1_13' title='bbox 350 1003 508 1076; x_wconf 82' lang='lat' dir='ltr'>Hungarie</span> <span class='ocrx_word' id='word_1_14' title='bbox 529 1009 577 1063; x_wconf 85' lang='lat' dir='ltr'>etc.</span> <span class='ocrx_word' id='word_1_15' title='bbox 600 1021 664 1072; x_wconf 81' lang='lat' dir='ltr'>rex,</span> <span class='ocrx_word' id='word_1_16' title='bbox 688 1002 832 1060; x_wconf 79' lang='lat' dir='ltr'>Mathoeo</span> <span class='ocrx_word' id='word_1_17' title='bbox 861 1009 889 1059; x_wconf 84' lang='lat' dir='ltr'>et</span> <span class='ocrx_word' id='word_1_18' title='bbox 917 1002 1006 1060; x_wconf 84' lang='lat' dir='ltr'>Petro</span> <span class='ocrx_word' id='word_1_19' title='bbox 1040 1001 1170 1059; x_wconf 85' lang='lat' dir='ltr'>Talouoc</span> <span class='ocrx_word' id='word_1_20' title='bbox 1196 1001 1282 1060; x_wconf 66' lang='lat' dir='ltr'>bauti</span> <span class='ocrx_word' id='word_1_21' title='bbox 1304 1001 1456 1075; x_wconf 76' lang='lat' dir='ltr'>praecipit,</span> 
     </span>
    </p>
   </div>
   <div class='ocr_carea' id='block_1_4' title="bbox 229 1125 1413 1186">
    <p class='ocr_par' dir='ltr' id='par_1_4' title="bbox 229 1125 1413 1186">
     <span class='ocr_line' id='line_1_5' title="bbox 229 1125 1413 1186; baseline -0.003 0"><span class='ocrx_word' id='word_1_22' title='bbox 229 1147 264 1186; x_wconf 82' lang='lat' dir='ltr'>nc</span> <span class='ocrx_word' id='word_1_23' title='bbox 285 1127 491 1186; x_wconf 81' lang='lat' dir='ltr'><em>communitatis</em></span> <span class='ocrx_word' id='word_1_24' title='bbox 507 1127 611 1185; x_wconf 72' lang='lat' dir='ltr'>motuis</span> <span class='ocrx_word' id='word_1_25' title='bbox 639 1127 790 1186; x_wconf 84' lang='lat' dir='ltr'>Grecensis</span> <span class='ocrx_word' id='word_1_26' title='bbox 805 1126 913 1184; x_wconf 85' lang='lat' dir='ltr'><em>liberae</em></span> <span class='ocrx_word' id='word_1_27' title='bbox 926 1126 1174 1184; x_wconf 81' lang='lat' dir='ltr'><em>administrationi</em></span> <span class='ocrx_word' id='word_1_28' title='bbox 1185 1144 1215 1184; x_wconf 82' lang='lat' dir='ltr'>se</span> <span class='ocrx_word' id='word_1_29' title='bbox 1230 1125 1413 1183; x_wconf 74' lang='lat' dir='ltr'>immisceant</span> 
     </span>
    </p>
   </div>
   <div class='ocr_carea' id='block_1_5' title="bbox 181 1280 1456 4318">
    <p class='ocr_par' dir='ltr' id='par_1_5' title="bbox 723 1280 1423 1438">
     <span class='ocr_line' id='line_1_6' title="bbox 723 1280 1423 1350; baseline -0.006 -16"><span class='ocrx_word' id='word_1_30' title='bbox 723 1284 879 1334; x_wconf 84' lang='lat' dir='ltr'>Commissio</span> <span class='ocrx_word' id='word_1_31' title='bbox 897 1285 1002 1350; x_wconf 79' lang='lat' dir='ltr'>proprie</span> <span class='ocrx_word' id='word_1_32' title='bbox 1017 1283 1116 1334; x_wconf 84' lang='lat' dir='ltr'>domiui</span> <span class='ocrx_word' id='word_1_33' title='bbox 1135 1283 1212 1347; x_wconf 74' lang='lat' dir='ltr'>regis,</span> <span class='ocrx_word' id='word_1_34' title='bbox 1231 1282 1349 1331; x_wconf 85' lang='lat' dir='ltr'>Heurieo</span> <span class='ocrx_word' id='word_1_35' title='bbox 1367 1280 1423 1331; x_wconf 82' lang='lat' dir='ltr'>titio</span> 
     </span>
     <span class='ocr_line' id='line_1_7' title="bbox 755 1371 1249 1438; baseline 0.002 -16"><span class='ocrx_word' id='word_1_36' title='bbox 755 1373 873 1423; x_wconf 83' lang='lat' dir='ltr'>waivode</span> <span class='ocrx_word' id='word_1_37' title='bbox 891 1374 1013 1438; x_wconf 77' lang='lat' dir='ltr'>magistro</span> <span class='ocrx_word' id='word_1_38' title='bbox 1032 1372 1102 1422; x_wconf 88' lang='lat' dir='ltr'>curie</span> <span class='ocrx_word' id='word_1_39' title='bbox 1120 1371 1249 1423; x_wconf 73' lang='lat' dir='ltr'>referenti.</span> 
     </span>
    </p>

    <p class='ocr_par' dir='ltr' id='par_1_6' title="bbox 181 1483 1456 4318">
     <span class='ocr_line' id='line_1_8' title="bbox 292 1483 1452 1559; baseline -0.003 -17"><span class='ocrx_word' id='word_1_40' title='bbox 292 1485 441 1542; x_wconf 85' lang='lat' dir='ltr'>Albertus</span> <span class='ocrx_word' id='word_1_41' title='bbox 465 1484 514 1542; x_wconf 88' lang='lat' dir='ltr'>dei</span> <span class='ocrx_word' id='word_1_42' title='bbox 537 1487 640 1558; x_wconf 80' lang='lat' dir='ltr'>gracia</span> <span class='ocrx_word' id='word_1_43' title='bbox 662 1502 717 1543; x_wconf 90' lang='lat' dir='ltr'>rex</span> <span class='ocrx_word' id='word_1_44' title='bbox 740 1486 908 1559; x_wconf 88' lang='lat' dir='ltr'>Hungarie,</span> <span class='ocrx_word' id='word_1_45' title='bbox 939 1485 1109 1558; x_wconf 88' lang='lat' dir='ltr'>Dalmacie,</span> <span class='ocrx_word' id='word_1_46' title='bbox 1133 1483 1261 1542; x_wconf 89' lang='lat' dir='ltr'>Croacie</span> <span class='ocrx_word' id='word_1_47' title='bbox 1284 1485 1342 1540; x_wconf 74' lang='lat' dir='ltr'>ete</span> <span class='ocrx_word' id='word_1_48' title='bbox 1374 1483 1452 1539; x_wconf 86' lang='lat' dir='ltr'>Aus-</span> 
     </span>
     <span class='ocr_line' id='line_1_9' title="bbox 187 1587 1455 1665; baseline -0.002 -18"><span class='ocrx_word' id='word_1_49' title='bbox 187 1591 307 1665; x_wconf 87' lang='lat' dir='ltr'>trieque</span> <span class='ocrx_word' id='word_1_50' title='bbox 330 1598 359 1648; x_wconf 89' lang='lat' dir='ltr'>et</span> <span class='ocrx_word' id='word_1_51' title='bbox 382 1589 473 1648; x_wconf 90' lang='lat' dir='ltr'>Stirie</span> <span class='ocrx_word' id='word_1_52' title='bbox 490 1590 561 1662; x_wconf 87' lang='lat' dir='ltr'>dux,</span> <span class='ocrx_word' id='word_1_53' title='bbox 579 1607 697 1649; x_wconf 89' lang='lat' dir='ltr'>necnon</span> <span class='ocrx_word' id='word_1_54' title='bbox 712 1593 851 1651; x_wconf 89' lang='lat' dir='ltr'>marchio</span> <span class='ocrx_word' id='word_1_55' title='bbox 867 1592 1014 1651; x_wconf 83' lang='lat' dir='ltr'>Moravie.</span> <span class='ocrx_word' id='word_1_56' title='bbox 1030 1590 1190 1649; x_wconf 90' lang='lat' dir='ltr'>Fidelibus</span> <span class='ocrx_word' id='word_1_57' title='bbox 1205 1588 1320 1648; x_wconf 87' lang='lat' dir='ltr'>nostris</span> <span class='ocrx_word' id='word_1_58' title='bbox 1335 1587 1455 1660; x_wconf 88' lang='lat' dir='ltr'>magni·</span> 
     </span>
     <span class='ocr_line' id='line_1_10' title="bbox 187 1693 1456 1771; baseline -0.002 -17"><span class='ocrx_word' id='word_1_59' title='bbox 187 1696 255 1754; x_wconf 91' lang='lat' dir='ltr'>ficis</span> <span class='ocrx_word' id='word_1_60' title='bbox 279 1697 438 1754; x_wconf 83' lang='lat' dir='ltr'>ltathkoni</span> <span class='ocrx_word' id='word_1_61' title='bbox 468 1697 506 1754; x_wconf 91' lang='lat' dir='ltr'>de</span> <span class='ocrx_word' id='word_1_62' title='bbox 529 1697 686 1756; x_wconf 80' lang='lat' dir='ltr'>Tallowcz</span> <span class='ocrx_word' id='word_1_63' title='bbox 710 1714 877 1771; x_wconf 88' lang='lat' dir='ltr'>regnorum</span> <span class='ocrx_word' id='word_1_64' title='bbox 901 1704 1080 1757; x_wconf 88' lang='lat' dir='ltr'>nostrorum</span> <span class='ocrx_word' id='word_1_65' title='bbox 1095 1696 1256 1754; x_wconf 87' lang='lat' dir='ltr'>Dalmacie</span> <span class='ocrx_word' id='word_1_66' title='bbox 1279 1701 1310 1752; x_wconf 89' lang='lat' dir='ltr'>et</span> <span class='ocrx_word' id='word_1_67' title='bbox 1326 1693 1456 1752; x_wconf 89' lang='lat' dir='ltr'>Croacie</span> 
     </span>
     <span class='ocr_line' id='line_1_11' title="bbox 187 1797 1455 1876; baseline -0.002 -16"><span class='ocrx_word' id='word_1_68' title='bbox 187 1802 400 1875; x_wconf 90' lang='lat' dir='ltr'>predictorum</span> <span class='ocrx_word' id='word_1_69' title='bbox 424 1819 458 1860; x_wconf 92' lang='lat' dir='ltr'>ac</span> <span class='ocrx_word' id='word_1_70' title='bbox 481 1804 579 1861; x_wconf 90' lang='lat' dir='ltr'>tocius</span> <span class='ocrx_word' id='word_1_71' title='bbox 603 1802 775 1876; x_wconf 89' lang='lat' dir='ltr'>Sclauonie,</span> <span class='ocrx_word' id='word_1_72' title='bbox 798 1806 873 1863; x_wconf 91' lang='lat' dir='ltr'>item</span> <span class='ocrx_word' id='word_1_73' title='bbox 889 1806 980 1863; x_wconf 87' lang='lat' dir='ltr'>Petro</span> <span class='ocrx_word' id='word_1_74' title='bbox 996 1804 1034 1861; x_wconf 90' lang='lat' dir='ltr'>de</span> <span class='ocrx_word' id='word_1_75' title='bbox 1056 1803 1164 1861; x_wconf 80' lang='lat' dir='ltr'>eadem</span> <span class='ocrx_word' id='word_1_76' title='bbox 1187 1801 1348 1860; x_wconf 81' lang='lat' dir='ltr'>Tallowcz</span> <span class='ocrx_word' id='word_1_77' title='bbox 1359 1797 1455 1858; x_wconf 89' lang='lat' dir='ltr'>modo</span> 
     </span>
     <span class='ocr_line' id='line_1_12' title="bbox 185 1906 1454 1983; baseline -0.002 -18"><span class='ocrx_word' id='word_1_78' title='bbox 185 1909 282 1966; x_wconf 87' lang='lat' dir='ltr'>simili</span> <span class='ocrx_word' id='word_1_79' title='bbox 325 1909 466 1983; x_wconf 92' lang='lat' dir='ltr'>ipsorum</span> <span class='ocrx_word' id='word_1_80' title='bbox 506 1925 673 1982; x_wconf 90' lang='lat' dir='ltr'>regnorum</span> <span class='ocrx_word' id='word_1_81' title='bbox 703 1918 880 1970; x_wconf 83' lang='lat' dir='ltr'>nostrorum</span> <span class='ocrx_word' id='word_1_82' title='bbox 916 1911 1078 1969; x_wconf 90' lang='lat' dir='ltr'>Dalmacie</span> <span class='ocrx_word' id='word_1_83' title='bbox 1107 1913 1138 1967; x_wconf 92' lang='lat' dir='ltr'>et</span> <span class='ocrx_word' id='word_1_84' title='bbox 1180 1907 1308 1966; x_wconf 89' lang='lat' dir='ltr'>Croacie</span> <span class='ocrx_word' id='word_1_85' title='bbox 1348 1906 1454 1976; x_wconf 90' lang='lat' dir='ltr'>banis,</span> 
     </span>
     <span class='ocr_line' id='line_1_13' title="bbox 187 2011 1453 2087; baseline -0.001 -17"><span class='ocrx_word' id='word_1_86' title='bbox 187 2015 320 2071; x_wconf 88' lang='lat' dir='ltr'>salutem</span> <span class='ocrx_word' id='word_1_87' title='bbox 344 2021 375 2072; x_wconf 94' lang='lat' dir='ltr'>et</span> <span class='ocrx_word' id='word_1_88' title='bbox 397 2016 542 2087; x_wconf 85' lang='lat' dir='ltr'>graciam.</span> <span class='ocrx_word' id='word_1_89' title='bbox 572 2015 692 2074; x_wconf 87' lang='lat' dir='ltr'>Revera</span> <span class='ocrx_word' id='word_1_90' title='bbox 715 2024 820 2075; x_wconf 90' lang='lat' dir='ltr'>nostra</span> <span class='ocrx_word' id='word_1_91' title='bbox 851 2017 960 2075; x_wconf 91' lang='lat' dir='ltr'>edocta</span> <span class='ocrx_word' id='word_1_92' title='bbox 983 2016 1087 2074; x_wconf 79' lang='lat' dir='ltr'>existit</span> <span class='ocrx_word' id='word_1_93' title='bbox 1120 2015 1277 2084; x_wconf 78' lang='lat' dir='ltr'>serenitas,</span> <span class='ocrx_word' id='word_1_94' title='bbox 1311 2011 1400 2086; x_wconf 91' lang='lat' dir='ltr'>quod</span> <span class='ocrx_word' id='word_1_95' title='bbox 1423 2014 1453 2069; x_wconf 88' lang='lat' dir='ltr'>et</span> 
     </span>
     <span class='ocr_line' id='line_1_14' title="bbox 186 2117 1453 2197; baseline -0.001 -21"><span class='ocrx_word' id='word_1_96' title='bbox 186 2121 277 2178; x_wconf 81' lang='lat' dir='ltr'>vobis</span> <span class='ocrx_word' id='word_1_97' title='bbox 293 2129 433 2179; x_wconf 74' lang='lat' dir='ltr'>constare</span> <span class='ocrx_word' id='word_1_98' title='bbox 456 2137 517 2179; x_wconf 91' lang='lat' dir='ltr'>non</span> <span class='ocrx_word' id='word_1_99' title='bbox 533 2122 732 2194; x_wconf 85' lang='lat' dir='ltr'>ambigimus,</span> <span class='ocrx_word' id='word_1_100' title='bbox 756 2125 890 2197; x_wconf 89' lang='lat' dir='ltr'>qualiter</span> <span class='ocrx_word' id='word_1_101' title='bbox 906 2124 1015 2182; x_wconf 86' lang='lat' dir='ltr'>civitas</span> <span class='ocrx_word' id='word_1_102' title='bbox 1037 2127 1143 2180; x_wconf 88' lang='lat' dir='ltr'>nostra</span> <span class='ocrx_word' id='word_1_103' title='bbox 1159 2120 1273 2179; x_wconf 88' lang='lat' dir='ltr'>montis</span> <span class='ocrx_word' id='word_1_104' title='bbox 1290 2117 1453 2177; x_wconf 89' lang='lat' dir='ltr'>Grecensis</span> 
     </span>
     <span class='ocr_line' id='line_1_15' title="bbox 185 2224 1453 2301; baseline -0.002 -19"><span class='ocrx_word' id='word_1_105' title='bbox 185 2225 229 2283; x_wconf 90' lang='lat' dir='ltr'>de</span> <span class='ocrx_word' id='word_1_106' title='bbox 247 2225 407 2298; x_wconf 88' lang='lat' dir='ltr'>Zagrabia,</span> <span class='ocrx_word' id='word_1_107' title='bbox 431 2228 462 2284; x_wconf 93' lang='lat' dir='ltr'>in</span> <span class='ocrx_word' id='word_1_108' title='bbox 493 2243 589 2301; x_wconf 90' lang='lat' dir='ltr'>regno</span> <span class='ocrx_word' id='word_1_109' title='bbox 618 2239 724 2286; x_wconf 90' lang='lat' dir='ltr'>nostro</span> <span class='ocrx_word' id='word_1_110' title='bbox 748 2229 911 2287; x_wconf 90' lang='lat' dir='ltr'>Sclauonie</span> <span class='ocrx_word' id='word_1_111' title='bbox 934 2229 1054 2298; x_wconf 90' lang='lat' dir='ltr'>situata,</span> <span class='ocrx_word' id='word_1_112' title='bbox 1078 2228 1224 2285; x_wconf 92' lang='lat' dir='ltr'>hactenus</span> <span class='ocrx_word' id='word_1_113' title='bbox 1246 2224 1340 2283; x_wconf 90' lang='lat' dir='ltr'>sicuti</span> <span class='ocrx_word' id='word_1_114' title='bbox 1362 2231 1453 2281; x_wconf 84' lang='lat' dir='ltr'>etex</span> 
     </span>
     <span class='ocr_line' id='line_1_16' title="bbox 184 2328 1452 2410; baseline -0.002 -21"><span class='ocrx_word' id='word_1_115' title='bbox 184 2348 266 2389; x_wconf 91' lang='lat' dir='ltr'>nunc</span> <span class='ocrx_word' id='word_1_116' title='bbox 289 2333 372 2406; x_wconf 90' lang='lat' dir='ltr'>apud</span> <span class='ocrx_word' id='word_1_117' title='bbox 397 2348 506 2390; x_wconf 90' lang='lat' dir='ltr'>manus</span> <span class='ocrx_word' id='word_1_118' title='bbox 530 2340 648 2390; x_wconf 89' lang='lat' dir='ltr'>vestras</span> <span class='ocrx_word' id='word_1_119' title='bbox 671 2334 786 2399; x_wconf 81' lang='lat' dir='ltr'>habita,</span> <span class='ocrx_word' id='word_1_120' title='bbox 810 2351 934 2410; x_wconf 89' lang='lat' dir='ltr'>semper</span> <span class='ocrx_word' id='word_1_121' title='bbox 955 2342 986 2392; x_wconf 91' lang='lat' dir='ltr'>et</span> <span class='ocrx_word' id='word_1_122' title='bbox 1009 2335 1050 2392; x_wconf 90' lang='lat' dir='ltr'>ab</span> <span class='ocrx_word' id='word_1_123' title='bbox 1065 2333 1203 2406; x_wconf 89' lang='lat' dir='ltr'>antiquo,</span> <span class='ocrx_word' id='word_1_124' title='bbox 1228 2338 1294 2389; x_wconf 89' lang='lat' dir='ltr'>tarn</span> <span class='ocrx_word' id='word_1_125' title='bbox 1318 2328 1452 2388; x_wconf 89' lang='lat' dir='ltr'>condam</span> 
     </span>
     <span class='ocr_line' id='line_1_17' title="bbox 185 2436 1452 2515; baseline -0.002 -19"><span class='ocrx_word' id='word_1_126' title='bbox 185 2440 439 2498; x_wconf 79' lang='lat' dir='ltr'>excellentissimi</span> <span class='ocrx_word' id='word_1_127' title='bbox 462 2441 610 2514; x_wconf 88' lang='lat' dir='ltr'>principis</span> <span class='ocrx_word' id='word_1_128' title='bbox 633 2441 752 2500; x_wconf 90' lang='lat' dir='ltr'>domini</span> <span class='ocrx_word' id='word_1_129' title='bbox 774 2441 966 2515; x_wconf 89' lang='lat' dir='ltr'>Sigismundi</span> <span class='ocrx_word' id='word_1_130' title='bbox 988 2439 1186 2514; x_wconf 89' lang='lat' dir='ltr'>imperatoris</span> <span class='ocrx_word' id='word_1_131' title='bbox 1208 2443 1239 2495; x_wconf 90' lang='lat' dir='ltr'>et</span> <span class='ocrx_word' id='word_1_132' title='bbox 1261 2437 1345 2509; x_wconf 87' lang='lat' dir='ltr'>regis</span> <span class='ocrx_word' id='word_1_133' title='bbox 1367 2436 1452 2493; x_wconf 88' lang='lat' dir='ltr'>Hun-</span> 
     </span>
     <span class='ocr_line' id='line_1_18' title="bbox 184 2541 1453 2623; baseline -0.004 -19"><span class='ocrx_word' id='word_1_134' title='bbox 184 2546 278 2618; x_wconf 89' lang='lat' dir='ltr'>garie‚</span> <span class='ocrx_word' id='word_1_135' title='bbox 303 2546 401 2619; x_wconf 91' lang='lat' dir='ltr'>patris</span> <span class='ocrx_word' id='word_1_136' title='bbox 424 2548 523 2604; x_wconf 88' lang='lat' dir='ltr'>nostri</span> <span class='ocrx_word' id='word_1_137' title='bbox 545 2548 706 2618; x_wconf 90' lang='lat' dir='ltr'>carissimi,</span> <span class='ocrx_word' id='word_1_138' title='bbox 730 2564 826 2621; x_wconf 86' lang='lat' dir='ltr'>quarn</span> <span class='ocrx_word' id='word_1_139' title='bbox 849 2548 948 2605; x_wconf 91' lang='lat' dir='ltr'>eciam</span> <span class='ocrx_word' id='word_1_140' title='bbox 979 2547 1113 2604; x_wconf 88' lang='lat' dir='ltr'>aliorum</span> <span class='ocrx_word' id='word_1_141' title='bbox 1136 2550 1318 2623; x_wconf 85' lang='lat' dir='ltr'>nostrorum</span> <span class='ocrx_word' id='word_1_142' title='bbox 1340 2541 1453 2616; x_wconf 79' lang='lat' dir='ltr'>prede·</span> 
     </span>
     <span class='ocr_line' id='line_1_19' title="bbox 184 2646 1452 2728; baseline -0.005 -17"><span class='ocrx_word' id='word_1_143' title='bbox 184 2667 342 2711; x_wconf 89' lang='lat' dir='ltr'>cessorum</span> <span class='ocrx_word' id='word_1_144' title='bbox 366 2668 476 2725; x_wconf 91' lang='lat' dir='ltr'>regum</span> <span class='ocrx_word' id='word_1_145' title='bbox 500 2653 657 2725; x_wconf 86' lang='lat' dir='ltr'>Hungarie</span> <span class='ocrx_word' id='word_1_146' title='bbox 680 2655 884 2728; x_wconf 88' lang='lat' dir='ltr'>temporibus,</span> <span class='ocrx_word' id='word_1_147' title='bbox 907 2654 987 2710; x_wconf 92' lang='lat' dir='ltr'>inter</span> <span class='ocrx_word' id='word_1_148' title='bbox 1009 2651 1088 2710; x_wconf 88' lang='lat' dir='ltr'>alias</span> <span class='ocrx_word' id='word_1_149' title='bbox 1103 2651 1219 2709; x_wconf 90' lang='lat' dir='ltr'>liberas</span> <span class='ocrx_word' id='word_1_150' title='bbox 1239 2649 1329 2722; x_wconf 91' lang='lat' dir='ltr'>regni</span> <span class='ocrx_word' id='word_1_151' title='bbox 1353 2646 1452 2706; x_wconf 87' lang='lat' dir='ltr'>nostri</span> 
     </span>
     <span class='ocr_line' id='line_1_20' title="bbox 185 2756 1452 2835; baseline -0.003 -19"><span class='ocrx_word' id='word_1_152' title='bbox 185 2760 325 2818; x_wconf 88' lang='lat' dir='ltr'>civitates</span> <span class='ocrx_word' id='word_1_153' title='bbox 349 2761 452 2819; x_wconf 89' lang='lat' dir='ltr'>existit</span> <span class='ocrx_word' id='word_1_154' title='bbox 475 2769 663 2834; x_wconf 88' lang='lat' dir='ltr'>computata,</span> <span class='ocrx_word' id='word_1_155' title='bbox 688 2761 894 2835; x_wconf 89' lang='lat' dir='ltr'>pluribusque</span> <span class='ocrx_word' id='word_1_156' title='bbox 917 2758 1116 2817; x_wconf 90' lang='lat' dir='ltr'>libertatibus</span> <span class='ocrx_word' id='word_1_157' title='bbox 1127 2764 1158 2814; x_wconf 93' lang='lat' dir='ltr'>et</span> <span class='ocrx_word' id='word_1_158' title='bbox 1180 2756 1361 2830; x_wconf 86' lang='lat' dir='ltr'>graciarum</span> <span class='ocrx_word' id='word_1_159' title='bbox 1381 2770 1452 2830; x_wconf 91' lang='lat' dir='ltr'>pre·</span> 
     </span>
     <span class='ocr_line' id='line_1_21' title="bbox 184 2861 1452 2940; baseline -0.005 -16"><span class='ocrx_word' id='word_1_160' title='bbox 184 2867 334 2939; x_wconf 86' lang='lat' dir='ltr'>rogativis</span> <span class='ocrx_word' id='word_1_161' title='bbox 350 2883 388 2924; x_wconf 90' lang='lat' dir='ltr'>ex</span> <span class='ocrx_word' id='word_1_162' title='bbox 401 2868 596 2925; x_wconf 88' lang='lat' dir='ltr'>concessione</span> <span class='ocrx_word' id='word_1_163' title='bbox 610 2872 820 2940; x_wconf 80' lang='lat' dir='ltr'>pretectorum</span> <span class='ocrx_word' id='word_1_164' title='bbox 835 2872 1014 2924; x_wconf 89' lang='lat' dir='ltr'>nostrorum</span> <span class='ocrx_word' id='word_1_165' title='bbox 1031 2863 1286 2939; x_wconf 87' lang='lat' dir='ltr'>predecessorum</span> <span class='ocrx_word' id='word_1_166' title='bbox 1303 2861 1452 2919; x_wconf 86' lang='lat' dir='ltr'>divorum</span> 
     </span>
     <span class='ocr_line' id='line_1_22' title="bbox 183 2968 1450 3045; baseline -0.003 -17"><span class='ocrx_word' id='word_1_167' title='bbox 183 2972 302 3029; x_wconf 90' lang='lat' dir='ltr'>scilicet</span> <span class='ocrx_word' id='word_1_168' title='bbox 325 2988 433 3045; x_wconf 89' lang='lat' dir='ltr'>regum</span> <span class='ocrx_word' id='word_1_169' title='bbox 452 2973 611 3045; x_wconf 88' lang='lat' dir='ltr'>Hungarie</span> <span class='ocrx_word' id='word_1_170' title='bbox 627 2989 682 3031; x_wconf 92' lang='lat' dir='ltr'>usa</span> <span class='ocrx_word' id='word_1_171' title='bbox 705 2972 764 3030; x_wconf 89' lang='lat' dir='ltr'>fuit</span> <span class='ocrx_word' id='word_1_172' title='bbox 780 2978 810 3030; x_wconf 91' lang='lat' dir='ltr'>et</span> <span class='ocrx_word' id='word_1_173' title='bbox 825 2973 943 3045; x_wconf 81' lang='lat' dir='ltr'>gavisa.</span> <span class='ocrx_word' id='word_1_174' title='bbox 957 2971 1173 3045; x_wconf 85' lang='lat' dir='ltr'>Quamobrem</span> <span class='ocrx_word' id='word_1_175' title='bbox 1189 2968 1330 3026; x_wconf 85' lang='lat' dir='ltr'>volentes</span> <span class='ocrx_word' id='word_1_176' title='bbox 1346 2968 1450 3042; x_wconf 90' lang='lat' dir='ltr'>ipsam</span> 
     </span>
     <span class='ocr_line' id='line_1_23' title="bbox 184 3074 1449 3152; baseline -0.004 -17"><span class='ocrx_word' id='word_1_177' title='bbox 184 3087 322 3136; x_wconf 91' lang='lat' dir='ltr'>nostram</span> <span class='ocrx_word' id='word_1_178' title='bbox 344 3080 501 3138; x_wconf 87' lang='lat' dir='ltr'>civitatem</span> <span class='ocrx_word' id='word_1_179' title='bbox 524 3080 652 3152; x_wconf 89' lang='lat' dir='ltr'>euisque</span> <span class='ocrx_word' id='word_1_180' title='bbox 675 3080 758 3138; x_wconf 80' lang='lat' dir='ltr'>cives</span> <span class='ocrx_word' id='word_1_181' title='bbox 775 3086 805 3137; x_wconf 90' lang='lat' dir='ltr'>et</span> <span class='ocrx_word' id='word_1_182' title='bbox 824 3080 942 3137; x_wconf 88' lang='lat' dir='ltr'>incolas</span> <span class='ocrx_word' id='word_1_183' title='bbox 965 3075 1144 3136; x_wconf 89' lang='lat' dir='ltr'>huiusmodi</span> <span class='ocrx_word' id='word_1_184' title='bbox 1168 3075 1232 3134; x_wconf 88' lang='lat' dir='ltr'>suis</span> <span class='ocrx_word' id='word_1_185' title='bbox 1249 3074 1449 3133; x_wconf 87' lang='lat' dir='ltr'>libertatibus</span> 
     </span>
     <span class='ocr_line' id='line_1_24' title="bbox 184 3178 1451 3261; baseline -0.004 -20"><span class='ocrx_word' id='word_1_186' title='bbox 184 3184 312 3257; x_wconf 88' lang='lat' dir='ltr'>pacifice</span> <span class='ocrx_word' id='word_1_187' title='bbox 335 3192 364 3242; x_wconf 94' lang='lat' dir='ltr'>et</span> <span class='ocrx_word' id='word_1_188' title='bbox 387 3187 509 3244; x_wconf 86' lang='lat' dir='ltr'>illibate</span> <span class='ocrx_word' id='word_1_189' title='bbox 532 3186 660 3261; x_wconf 85' lang='lat' dir='ltr'>perfrui,</span> <span class='ocrx_word' id='word_1_190' title='bbox 683 3202 740 3244; x_wconf 89' lang='lat' dir='ltr'>nec</span> <span class='ocrx_word' id='word_1_191' title='bbox 763 3202 818 3260; x_wconf 89' lang='lat' dir='ltr'>per</span> <span class='ocrx_word' id='word_1_192' title='bbox 835 3185 1000 3258; x_wconf 90' lang='lat' dir='ltr'>quospiam</span> <span class='ocrx_word' id='word_1_193' title='bbox 1024 3188 1130 3241; x_wconf 89' lang='lat' dir='ltr'>contra</span> <span class='ocrx_word' id='word_1_194' title='bbox 1154 3180 1278 3239; x_wconf 88' lang='lat' dir='ltr'>easdem</span> <span class='ocrx_word' id='word_1_195' title='bbox 1303 3178 1451 3254; x_wconf 89' lang='lat' dir='ltr'>impediri</span> 
     </span>
     <span class='ocr_line' id='line_1_25' title="bbox 183 3287 1449 3363; baseline -0.002 -17"><span class='ocrx_word' id='word_1_196' title='bbox 183 3306 237 3346; x_wconf 89' lang='lat' dir='ltr'>seu</span> <span class='ocrx_word' id='word_1_197' title='bbox 258 3293 382 3363; x_wconf 89' lang='lat' dir='ltr'>gravari</span> <span class='ocrx_word' id='word_1_198' title='bbox 406 3293 606 3363; x_wconf 91' lang='lat' dir='ltr'>intendentes,</span> <span class='ocrx_word' id='word_1_199' title='bbox 630 3292 775 3350; x_wconf 90' lang='lat' dir='ltr'>fidelitati</span> <span class='ocrx_word' id='word_1_200' title='bbox 798 3295 900 3349; x_wconf 85' lang='lat' dir='ltr'>vestre</span> <span class='ocrx_word' id='word_1_201' title='bbox 912 3289 1092 3348; x_wconf 88' lang='lat' dir='ltr'>firmissime</span> <span class='ocrx_word' id='word_1_202' title='bbox 1108 3287 1299 3363; x_wconf 89' lang='lat' dir='ltr'>precipimus</span> <span class='ocrx_word' id='word_1_203' title='bbox 1315 3290 1347 3343; x_wconf 89' lang='lat' dir='ltr'>et</span> <span class='ocrx_word' id='word_1_204' title='bbox 1362 3301 1449 3344; x_wconf 91' lang='lat' dir='ltr'>man·</span> 
     </span>
     <span class='ocr_line' id='line_1_26' title="bbox 184 3391 1452 3471; baseline -0.001 -20"><span class='ocrx_word' id='word_1_205' title='bbox 184 3395 302 3466; x_wconf 86' lang='lat' dir='ltr'>damus,</span> <span class='ocrx_word' id='word_1_206' title='bbox 324 3401 474 3468; x_wconf 89' lang='lat' dir='ltr'>quatenus</span> <span class='ocrx_word' id='word_1_207' title='bbox 499 3398 537 3455; x_wconf 93' lang='lat' dir='ltr'>de</span> <span class='ocrx_word' id='word_1_208' title='bbox 561 3405 663 3456; x_wconf 90' lang='lat' dir='ltr'>cetero</span> <span class='ocrx_word' id='word_1_209' title='bbox 686 3404 715 3455; x_wconf 90' lang='lat' dir='ltr'>et</span> <span class='ocrx_word' id='word_1_210' title='bbox 739 3414 796 3471; x_wconf 93' lang='lat' dir='ltr'>per</span> <span class='ocrx_word' id='word_1_211' title='bbox 818 3396 955 3470; x_wconf 88' lang='lat' dir='ltr'>amplius</span> <span class='ocrx_word' id='word_1_212' title='bbox 979 3394 1018 3453; x_wconf 92' lang='lat' dir='ltr'>de</span> <span class='ocrx_word' id='word_1_213' title='bbox 1040 3393 1254 3453; x_wconf 88' lang='lat' dir='ltr'>iurisdiccione</span> <span class='ocrx_word' id='word_1_214' title='bbox 1287 3400 1317 3451; x_wconf 90' lang='lat' dir='ltr'>et</span> <span class='ocrx_word' id='word_1_215' title='bbox 1350 3391 1452 3466; x_wconf 90' lang='lat' dir='ltr'>quali·</span> 
     </span>
     <span class='ocr_line' id='line_1_27' title="bbox 185 3498 1449 3578; baseline -0.002 -21"><span class='ocrx_word' id='word_1_216' title='bbox 185 3516 317 3574; x_wconf 90' lang='lat' dir='ltr'>cumque</span> <span class='ocrx_word' id='word_1_217' title='bbox 341 3503 569 3574; x_wconf 88' lang='lat' dir='ltr'>gubernacione</span> <span class='ocrx_word' id='word_1_218' title='bbox 591 3504 724 3562; x_wconf 89' lang='lat' dir='ltr'>civitatis</span> <span class='ocrx_word' id='word_1_219' title='bbox 750 3511 884 3578; x_wconf 89' lang='lat' dir='ltr'>pretacte</span> <span class='ocrx_word' id='word_1_220' title='bbox 908 3503 1088 3575; x_wconf 89' lang='lat' dir='ltr'>civiumque</span> <span class='ocrx_word' id='word_1_221' title='bbox 1118 3506 1149 3558; x_wconf 92' lang='lat' dir='ltr'>et</span> <span class='ocrx_word' id='word_1_222' title='bbox 1171 3500 1349 3557; x_wconf 90' lang='lat' dir='ltr'>incolarum</span> <span class='ocrx_word' id='word_1_223' title='bbox 1371 3498 1449 3556; x_wconf 91' lang='lat' dir='ltr'>eius·</span> 
     </span>
     <span class='ocr_line' id='line_1_28' title="bbox 184 3606 1450 3682; baseline 0 -20"><span class='ocrx_word' id='word_1_224' title='bbox 184 3606 264 3676; x_wconf 86' lang='lat' dir='ltr'>dem,</span> <span class='ocrx_word' id='word_1_225' title='bbox 296 3622 352 3663; x_wconf 89' lang='lat' dir='ltr'>vos</span> <span class='ocrx_word' id='word_1_226' title='bbox 385 3609 593 3681; x_wconf 87' lang='lat' dir='ltr'>quovismodo</span> <span class='ocrx_word' id='word_1_227' title='bbox 627 3611 767 3682; x_wconf 87' lang='lat' dir='ltr'>ingerere</span> <span class='ocrx_word' id='word_1_228' title='bbox 801 3625 855 3666; x_wconf 86' lang='lat' dir='ltr'>seu</span> <span class='ocrx_word' id='word_1_229' title='bbox 890 3608 1097 3666; x_wconf 90' lang='lat' dir='ltr'>intromittere</span> <span class='ocrx_word' id='word_1_230' title='bbox 1130 3621 1192 3663; x_wconf 91' lang='lat' dir='ltr'>non</span> <span class='ocrx_word' id='word_1_231' title='bbox 1225 3611 1450 3679; x_wconf 87' lang='lat' dir='ltr'>presumentes,</span> 
     </span>
     <span class='ocr_line' id='line_1_29' title="bbox 183 3713 1450 3790; baseline -0.002 -21"><span class='ocrx_word' id='word_1_232' title='bbox 183 3728 292 3769; x_wconf 88' lang='lat' dir='ltr'>manus</span> <span class='ocrx_word' id='word_1_233' title='bbox 316 3721 434 3771; x_wconf 86' lang='lat' dir='ltr'>vestras</span> <span class='ocrx_word' id='word_1_234' title='bbox 457 3720 487 3771; x_wconf 91' lang='lat' dir='ltr'>et</span> <span class='ocrx_word' id='word_1_235' title='bbox 512 3724 689 3773; x_wconf 82' lang='lat' dir='ltr'>vestrorum</span> <span class='ocrx_word' id='word_1_236' title='bbox 711 3717 833 3790; x_wconf 90' lang='lat' dir='ltr'>penitus</span> <span class='ocrx_word' id='word_1_237' title='bbox 863 3716 901 3773; x_wconf 88' lang='lat' dir='ltr'>de</span> <span class='ocrx_word' id='word_1_238' title='bbox 925 3714 1033 3772; x_wconf 89' lang='lat' dir='ltr'>eadem</span> <span class='ocrx_word' id='word_1_239' title='bbox 1057 3713 1200 3786; x_wconf 89' lang='lat' dir='ltr'>excipere</span> <span class='ocrx_word' id='word_1_240' title='bbox 1223 3718 1254 3769; x_wconf 90' lang='lat' dir='ltr'>et</span> <span class='ocrx_word' id='word_1_241' title='bbox 1286 3725 1450 3769; x_wconf 85' lang='lat' dir='ltr'>removere</span> 
     </span>
     <span class='ocr_line' id='line_1_30' title="bbox 183 3816 1449 3890; baseline -0.001 -16"><span class='ocrx_word' id='word_1_242' title='bbox 183 3816 331 3890; x_wconf 87' lang='lat' dir='ltr'>debeatis,</span> <span class='ocrx_word' id='word_1_243' title='bbox 355 3820 529 3888; x_wconf 86' lang='lat' dir='ltr'>quinimmo</span> <span class='ocrx_word' id='word_1_244' title='bbox 553 3821 683 3879; x_wconf 88' lang='lat' dir='ltr'>eandem</span> <span class='ocrx_word' id='word_1_245' title='bbox 718 3823 875 3879; x_wconf 88' lang='lat' dir='ltr'>civitatem</span> <span class='ocrx_word' id='word_1_246' title='bbox 900 3830 930 3879; x_wconf 88' lang='lat' dir='ltr'>et</span> <span class='ocrx_word' id='word_1_247' title='bbox 953 3821 1018 3878; x_wconf 90' lang='lat' dir='ltr'>eius</span> <span class='ocrx_word' id='word_1_248' title='bbox 1038 3820 1122 3877; x_wconf 88' lang='lat' dir='ltr'>cives</span> <span class='ocrx_word' id='word_1_249' title='bbox 1145 3817 1283 3875; x_wconf 88' lang='lat' dir='ltr'>adinstar</span> <span class='ocrx_word' id='word_1_250' title='bbox 1313 3816 1449 3874; x_wconf 88' lang='lat' dir='ltr'>aliarum</span> 
     </span>
     <span class='ocr_line' id='line_1_31' title="bbox 182 3922 1447 4000; baseline 0 -21"><span class='ocrx_word' id='word_1_251' title='bbox 182 3923 354 3981; x_wconf 88' lang='lat' dir='ltr'>liberarum</span> <span class='ocrx_word' id='word_1_252' title='bbox 390 3927 551 3984; x_wconf 90' lang='lat' dir='ltr'>civitatum</span> <span class='ocrx_word' id='word_1_253' title='bbox 586 3926 670 4000; x_wconf 91' lang='lat' dir='ltr'>apud</span> <span class='ocrx_word' id='word_1_254' title='bbox 694 3943 803 3985; x_wconf 90' lang='lat' dir='ltr'>manus</span> <span class='ocrx_word' id='word_1_255' title='bbox 833 3932 954 3985; x_wconf 90' lang='lat' dir='ltr'>nostras</span> <span class='ocrx_word' id='word_1_256' title='bbox 984 3927 1085 3998; x_wconf 89' lang='lat' dir='ltr'>regias</span> <span class='ocrx_word' id='word_1_257' title='bbox 1117 3923 1246 3999; x_wconf 89' lang='lat' dir='ltr'>pacifice</span> <span class='ocrx_word' id='word_1_258' title='bbox 1269 3922 1447 3997; x_wconf 87' lang='lat' dir='ltr'>persistere,</span> 
     </span>
     <span class='ocr_line' id='line_1_32' title="bbox 181 4027 1450 4107; baseline 0.002 -22"><span class='ocrx_word' id='word_1_259' title='bbox 181 4029 305 4103; x_wconf 87' lang='lat' dir='ltr'>suisque</span> <span class='ocrx_word' id='word_1_260' title='bbox 330 4031 526 4090; x_wconf 89' lang='lat' dir='ltr'>libertatibus</span> <span class='ocrx_word' id='word_1_261' title='bbox 550 4032 668 4105; x_wconf 85' lang='lat' dir='ltr'>perfrui</span> <span class='ocrx_word' id='word_1_262' title='bbox 692 4041 721 4090; x_wconf 87' lang='lat' dir='ltr'>et</span> <span class='ocrx_word' id='word_1_263' title='bbox 737 4034 871 4106; x_wconf 87' lang='lat' dir='ltr'>gaudere</span> <span class='ocrx_word' id='word_1_264' title='bbox 889 4033 1091 4107; x_wconf 88' lang='lat' dir='ltr'>permittatis,</span> <span class='ocrx_word' id='word_1_265' title='bbox 1112 4038 1141 4089; x_wconf 91' lang='lat' dir='ltr'>et</span> <span class='ocrx_word' id='word_1_266' title='bbox 1161 4046 1248 4089; x_wconf 93' lang='lat' dir='ltr'>secus</span> <span class='ocrx_word' id='word_1_267' title='bbox 1264 4027 1367 4088; x_wconf 88' lang='lat' dir='ltr'>iacere</span> <span class='ocrx_word' id='word_1_268' title='bbox 1388 4043 1450 4087; x_wconf 90' lang='lat' dir='ltr'>non</span> 
     </span>
     <span class='ocr_line' id='line_1_33' title="bbox 182 4133 1449 4211; baseline 0 -19"><span class='ocrx_word' id='word_1_269' title='bbox 182 4137 295 4193; x_wconf 88' lang='lat' dir='ltr'>ausuri.</span> <span class='ocrx_word' id='word_1_270' title='bbox 320 4137 516 4195; x_wconf 88' lang='lat' dir='ltr'>Presentibus</span> <span class='ocrx_word' id='word_1_271' title='bbox 546 4139 690 4211; x_wconf 88' lang='lat' dir='ltr'>perlectis</span> <span class='ocrx_word' id='word_1_272' title='bbox 726 4141 883 4197; x_wconf 84' lang='lat' dir='ltr'>exhibenti</span> <span class='ocrx_word' id='word_1_273' title='bbox 916 4138 1072 4197; x_wconf 89' lang='lat' dir='ltr'>restitutis.</span> <span class='ocrx_word' id='word_1_274' title='bbox 1107 4138 1223 4195; x_wconf 92' lang='lat' dir='ltr'>Datum</span> <span class='ocrx_word' id='word_1_275' title='bbox 1254 4135 1340 4193; x_wconf 84' lang='lat' dir='ltr'>Bude</span> <span class='ocrx_word' id='word_1_276' title='bbox 1372 4133 1449 4193; x_wconf 87' lang='lat' dir='ltr'>feria</span> 
     </span>
     <span class='ocr_line' id='line_1_34' title="bbox 182 4242 1449 4318; baseline 0.002 -20"><span class='ocrx_word' id='word_1_277' title='bbox 182 4242 316 4299; x_wconf 88' lang='lat' dir='ltr'>secunda</span> <span class='ocrx_word' id='word_1_278' title='bbox 340 4245 465 4315; x_wconf 91' lang='lat' dir='ltr'>proxim</span> <span class='ocrx_word' id='word_1_279' title='bbox 488 4249 560 4318; x_wconf 92' lang='lat' dir='ltr'>post</span> <span class='ocrx_word' id='word_1_280' title='bbox 583 4244 774 4302; x_wconf 89' lang='lat' dir='ltr'>dominicam</span> <span class='ocrx_word' id='word_1_281' title='bbox 797 4247 966 4304; x_wconf 90' lang='lat' dir='ltr'>Invocavit.</span> <span class='ocrx_word' id='word_1_282' title='bbox 998 4247 1090 4302; x_wconf 88' lang='lat' dir='ltr'>Anno</span> <span class='ocrx_word' id='word_1_283' title='bbox 1123 4242 1243 4301; x_wconf 91' lang='lat' dir='ltr'>domini</span> <span class='ocrx_word' id='word_1_284' title='bbox 1277 4242 1449 4301; x_wconf 86' lang='lat' dir='ltr'>millesimo</span> 
     </span>
    </p>
   </div>
   <div class='ocr_carea' id='block_1_6' title="bbox 64 4347 811 4435">
    <p class='ocr_par' dir='ltr' id='par_1_7' title="bbox 64 4347 811 4435">
     <span class='ocr_line' id='line_1_35' title="bbox 64 4347 811 4435; baseline 0.008 -32"><span class='ocrx_word' id='word_1_285' title='bbox 64 4361 70 4375; x_wconf 95' lang='lat'><strong>·</strong></span> <span class='ocrx_word' id='word_1_286' title='bbox 94 4428 97 4435; x_wconf 27' lang='lat'><em>⁴</em></span> <span class='ocrx_word' id='word_1_287' title='bbox 183 4347 489 4420; x_wconf 88' lang='lat' dir='ltr'>quadringentesimo</span> <span class='ocrx_word' id='word_1_288' title='bbox 512 4350 669 4407; x_wconf 89' lang='lat' dir='ltr'>tricesimo</span> <span class='ocrx_word' id='word_1_289' title='bbox 693 4357 811 4410; x_wconf 79' lang='lat' dir='ltr'>octavo</span> 
     </span>
    </p>
   </div>
   <div class='ocr_carea' id='block_1_7' title="bbox 182 4534 1450 4688">
    <p class='ocr_par' dir='ltr' id='par_1_8' title="bbox 182 4534 1450 4688">
     <span class='ocr_line' id='line_1_36' title="bbox 287 4534 1450 4603; baseline 0.005 -20"><span class='ocrx_word' id='word_1_290' title='bbox 287 4534 420 4598; x_wconf 85' lang='lat' dir='ltr'>Originale</span> <span class='ocrx_word' id='word_1_291' title='bbox 437 4536 465 4585; x_wconf 89' lang='lat' dir='ltr'>iu</span> <span class='ocrx_word' id='word_1_292' title='bbox 485 4535 580 4594; x_wconf 82' lang='lat' dir='ltr'>charta,</span> <span class='ocrx_word' id='word_1_293' title='bbox 600 4537 628 4585; x_wconf 92' lang='lat' dir='ltr'>in</span> <span class='ocrx_word' id='word_1_294' title='bbox 644 4539 759 4602; x_wconf 88' lang='lat' dir='ltr'>margine</span> <span class='ocrx_word' id='word_1_295' title='bbox 777 4538 892 4587; x_wconf 83' lang='lat' dir='ltr'>inferiori</span> <span class='ocrx_word' id='word_1_296' title='bbox 911 4538 1065 4603; x_wconf 86' lang='lat' dir='ltr'>impressum</span> <span class='ocrx_word' id='word_1_297' title='bbox 1083 4543 1122 4588; x_wconf 86' lang='lat' dir='ltr'>est</span> <span class='ocrx_word' id='word_1_298' title='bbox 1140 4535 1264 4601; x_wconf 83' lang='lat' dir='ltr'>sigillum.</span> <span class='ocrx_word' id='word_1_299' title='bbox 1293 4537 1328 4586; x_wconf 86' lang='lat' dir='ltr'>Iu</span> <span class='ocrx_word' id='word_1_300' title='bbox 1352 4536 1450 4589; x_wconf 79' lang='lat' dir='ltr'>archiv.</span> 
     </span>
     <span class='ocr_line' id='line_1_37' title="bbox 182 4621 483 4688; baseline 0.007 -17"><span class='ocrx_word' id='word_1_301' title='bbox 182 4621 227 4675; x_wconf 90' lang='lat' dir='ltr'>lib.</span> <span class='ocrx_word' id='word_1_302' title='bbox 246 4639 299 4687; x_wconf 86' lang='lat' dir='ltr'>reg.</span> <span class='ocrx_word' id='word_1_303' title='bbox 318 4624 366 4674; x_wconf 89' lang='lat' dir='ltr'>civ.</span> <span class='ocrx_word' id='word_1_304' title='bbox 384 4625 483 4688; x_wconf 85' lang='lat' dir='ltr'>zugrub.</span> 
     </span>
    </p>
   </div>
   <div class='ocr_carea' id='block_1_8' title="bbox 0 0 1644 5348">
    <p class='ocr_par' dir='ltr' id='par_1_9' title="bbox 0 0 1644 5348">
     <span class='ocr_line' id='line_1_38' title="bbox 0 0 1644 5348; baseline 0 2"><span class='ocrx_word' id='word_1_305' title='bbox 0 0 1644 5348; x_wconf 95' lang='lat' dir='ltr'> </span> 
     </span>
    </p>
   </div>
  </div>
 </body>
</html>
