<?xml version="1.0" encoding="UTF-8"?>
<!DOCTYPE html PUBLIC "-//W3C//DTD XHTML 1.0 Transitional//EN"
    "http://www.w3.org/TR/xhtml1/DTD/xhtml1-transitional.dtd">
<html xmlns="http://www.w3.org/1999/xhtml" xml:lang="en" lang="en">
 <head>
  <title>
</title>
<meta http-equiv="Content-Type" content="text/html;charset=utf-8" />
  <meta name='ocr-system' content='tesseract 3.04.00' />
  <meta name='ocr-capabilities' content='ocr_page ocr_carea ocr_par ocr_line ocrx_word'/>
</head>
<body>
  <div class='ocr_page' id='page_1' title='image "./monumentahistor01laszgoog_0262.png"; bbox 0 0 3278 5348; ppageno 0'>
   <div class='ocr_carea' id='block_1_1' title="bbox 180 398 920 472">
    <p class='ocr_par' dir='ltr' id='par_1_1' title="bbox 180 398 920 472">
     <span class='ocr_line' id='line_1_1' title="bbox 180 398 920 472; baseline -0.011 -8"><span class='ocrx_word' id='word_1_1' title='bbox 180 405 289 464; x_wconf 87' lang='lat' dir='ltr'>CCXL</span> <span class='ocrx_word' id='word_1_2' title='bbox 732 398 920 472; x_wconf 77' lang='lat' dir='ltr'><em>Argumenta.</em></span> 
     </span>
    </p>
   </div>
   <div class='ocr_carea' id='block_1_2' title="bbox 504 502 943 511">
    <p class='ocr_par' dir='ltr' id='par_1_2' title="bbox 504 502 943 511">
     <span class='ocr_line' id='line_1_2' title="bbox 504 502 943 511; baseline -0.005 -1"><span class='ocrx_word' id='word_1_3' title='bbox 504 505 517 510; x_wconf 81' lang='grc'>-</span> <span class='ocrx_word' id='word_1_4' title='bbox 521 504 650 511; x_wconf 70' lang='lat'><em>.-..-..--</em></span> <span class='ocrx_word' id='word_1_5' title='bbox 660 504 774 510; x_wconf 78' lang='lat'>——-</span> <span class='ocrx_word' id='word_1_6' title='bbox 778 502 943 509; x_wconf 81' lang='lat'><strong>——-—</strong></span> 
     </span>
    </p>
   </div>
   <div class='ocr_carea' id='block_1_3' title="bbox 202 614 1461 4821">
    <p class='ocr_par' dir='ltr' id='par_1_3' title="bbox 202 614 1461 4821">
     <span class='ocr_line' id='line_1_3' title="bbox 1363 614 1442 669; baseline -0.013 -12"><span class='ocrx_word' id='word_1_7' title='bbox 1363 614 1442 669; x_wconf 80' lang='lat' dir='ltr'>Pagina</span> 
     </span>
     <span class='ocr_line' id='line_1_4' title="bbox 204 691 1343 762; baseline -0.007 -14"><span class='ocrx_word' id='word_1_8' title='bbox 204 709 263 762; x_wconf 90' lang='grc'>331.</span> <span class='ocrx_word' id='word_1_9' title='bbox 292 699 373 749; x_wconf 80' lang='lat' dir='ltr'>Anno</span> <span class='ocrx_word' id='word_1_10' title='bbox 395 699 469 760; x_wconf 84' lang='lat'>1482,</span> <span class='ocrx_word' id='word_1_11' title='bbox 493 706 531 749; x_wconf 86' lang='grc'>11.</span> <span class='ocrx_word' id='word_1_12' title='bbox 548 695 622 761; x_wconf 86' lang='lat' dir='ltr'>Julii.</span> <span class='ocrx_word' id='word_1_13' title='bbox 650 696 765 748; x_wconf 85' lang='lat' dir='ltr'>Posonii.</span> <span class='ocrx_word' id='word_1_14' title='bbox 790 695 913 758; x_wconf 67' lang='lat' dir='ltr'>mathias,</span> <span class='ocrx_word' id='word_1_15' title='bbox 938 695 1089 757; x_wconf 88' lang='lat' dir='ltr'>Hungariae</span> <span class='ocrx_word' id='word_1_16' title='bbox 1114 700 1163 746; x_wconf 85' lang='lat' dir='ltr'>etc.</span> <span class='ocrx_word' id='word_1_17' title='bbox 1181 709 1234 751; x_wconf 81' lang='lat' dir='ltr'>rex,</span> <span class='ocrx_word' id='word_1_18' title='bbox 1254 691 1343 741; x_wconf 80' lang='lat' dir='ltr'>Blasio</span> 
     </span>
     <span class='ocr_line' id='line_1_5' title="bbox 291 781 1344 852; baseline -0.007 -15"><span class='ocrx_word' id='word_1_19' title='bbox 291 789 390 852; x_wconf 90' lang='lat' dir='ltr'>Magjar</span> <span class='ocrx_word' id='word_1_20' title='bbox 409 787 476 835; x_wconf 88' lang='lat' dir='ltr'>bano</span> <span class='ocrx_word' id='word_1_21' title='bbox 496 801 525 835; x_wconf 86' lang='lat' dir='ltr'>nc</span> <span class='ocrx_word' id='word_1_22' title='bbox 545 785 671 835; x_wconf 87' lang='lat' dir='ltr'>Baltasari</span> <span class='ocrx_word' id='word_1_23' title='bbox 690 785 776 833; x_wconf 76' lang='lat' dir='ltr'>natan</span> <span class='ocrx_word' id='word_1_24' title='bbox 795 791 820 832; x_wconf 91' lang='lat' dir='ltr'>et</span> <span class='ocrx_word' id='word_1_25' title='bbox 839 785 917 831; x_wconf 91' lang='lat' dir='ltr'>Petro</span> <span class='ocrx_word' id='word_1_26' title='bbox 936 781 1033 846; x_wconf 73' lang='lat' dir='ltr'>Botlaj</span> <span class='ocrx_word' id='word_1_27' title='bbox 1053 782 1186 831; x_wconf 91' lang='lat' dir='ltr'>nobilibus</span> <span class='ocrx_word' id='word_1_28' title='bbox 1204 781 1344 838; x_wconf 82' lang='lat' dir='ltr'>interdicit,</span> 
     </span>
     <span class='ocr_line' id='line_1_6' title="bbox 288 871 1442 937; baseline -0.008 -12"><span class='ocrx_word' id='word_1_29' title='bbox 288 892 321 925; x_wconf 88' lang='lat' dir='ltr'>ne</span> <span class='ocrx_word' id='word_1_30' title='bbox 339 893 355 925; x_wconf 91' lang='lat' dir='ltr'>a</span> <span class='ocrx_word' id='word_1_31' title='bbox 373 875 473 925; x_wconf 83' lang='lat' dir='ltr'>civibus</span> <span class='ocrx_word' id='word_1_32' title='bbox 492 874 593 937; x_wconf 85' lang='lat' dir='ltr'>zagrab.</span> <span class='ocrx_word' id='word_1_33' title='bbox 613 873 740 922; x_wconf 90' lang='lat' dir='ltr'>tributum</span> <span class='ocrx_word' id='word_1_34' title='bbox 758 888 805 936; x_wconf 90' lang='lat' dir='ltr'>pro</span> <span class='ocrx_word' id='word_1_35' title='bbox 825 886 909 920; x_wconf 89' lang='lat' dir='ltr'>merce</span> <span class='ocrx_word' id='word_1_36' title='bbox 928 877 1024 935; x_wconf 88' lang='lat' dir='ltr'>petant,</span> <span class='ocrx_word' id='word_1_37' title='bbox 1050 886 1114 919; x_wconf 87' lang='lat' dir='ltr'>neve</span> <span class='ocrx_word' id='word_1_38' title='bbox 1133 871 1237 933; x_wconf 77' lang='lat' dir='ltr'>exigant</span> <span class='ocrx_word' id='word_1_39' title='bbox 1244 895 1339 910; x_wconf 88' lang='lat'><strong>······</strong></span> <span class='ocrx_word' id='word_1_40' title='bbox 1398 881 1442 931; x_wconf 87' lang='lat'>421</span> 
     </span>
     <span class='ocr_line' id='line_1_7' title="bbox 202 958 1345 1028; baseline -0.006 -15"><span class='ocrx_word' id='word_1_41' title='bbox 202 977 261 1028; x_wconf 78' lang='lat'>332.</span> <span class='ocrx_word' id='word_1_42' title='bbox 293 965 373 1013; x_wconf 77' lang='lat' dir='ltr'>Anno</span> <span class='ocrx_word' id='word_1_43' title='bbox 396 965 470 1026; x_wconf 97' lang='grc'>1483,</span> <span class='ocrx_word' id='word_1_44' title='bbox 491 974 532 1028; x_wconf 80' lang='lat'>25.</span> <span class='ocrx_word' id='word_1_45' title='bbox 553 962 685 1010; x_wconf 83' lang='lat' dir='ltr'>februarii.</span> <span class='ocrx_word' id='word_1_46' title='bbox 711 960 858 1023; x_wconf 86' lang='lat' dir='ltr'>Zagrabiae.</span> <span class='ocrx_word' id='word_1_47' title='bbox 884 960 1013 1008; x_wconf 88' lang='lat' dir='ltr'>Statutum</span> <span class='ocrx_word' id='word_1_48' title='bbox 1039 958 1146 1023; x_wconf 86' lang='lat' dir='ltr'>capituli</span> <span class='ocrx_word' id='word_1_49' title='bbox 1169 958 1345 1022; x_wconf 82' lang='lat' dir='ltr'>ragrabiensis</span> 
     </span>
     <span class='ocr_line' id='line_1_8' title="bbox 289 1046 1346 1116; baseline -0.005 -15"><span class='ocrx_word' id='word_1_50' title='bbox 289 1053 322 1101; x_wconf 91' lang='lat' dir='ltr'>de</span> <span class='ocrx_word' id='word_1_51' title='bbox 354 1067 439 1116; x_wconf 90' lang='lat' dir='ltr'>poena</span> <span class='ocrx_word' id='word_1_52' title='bbox 470 1050 650 1099; x_wconf 91' lang='lat' dir='ltr'>constituenda</span> <span class='ocrx_word' id='word_1_53' title='bbox 680 1050 707 1098; x_wconf 91' lang='lat' dir='ltr'>iu</span> <span class='ocrx_word' id='word_1_54' title='bbox 737 1048 821 1105; x_wconf 91' lang='lat' dir='ltr'>illum,</span> <span class='ocrx_word' id='word_1_55' title='bbox 857 1048 903 1111; x_wconf 92' lang='lat' dir='ltr'>qui</span> <span class='ocrx_word' id='word_1_56' title='bbox 934 1047 1026 1096; x_wconf 86' lang='lat' dir='ltr'>clavim</span> <span class='ocrx_word' id='word_1_57' title='bbox 1051 1047 1147 1110; x_wconf 87' lang='lat' dir='ltr'>scrinii,</span> <span class='ocrx_word' id='word_1_58' title='bbox 1166 1062 1218 1110; x_wconf 93' lang='lat' dir='ltr'>quo</span> <span class='ocrx_word' id='word_1_59' title='bbox 1237 1046 1346 1112; x_wconf 89' lang='lat' dir='ltr'>capituli</span> 
     </span>
     <span class='ocr_line' id='line_1_9' title="bbox 290 1136 1340 1205; baseline 0.001 -20"><span class='ocrx_word' id='word_1_60' title='bbox 290 1141 406 1205; x_wconf 80' lang='lat' dir='ltr'>sigillum</span> <span class='ocrx_word' id='word_1_61' title='bbox 424 1146 596 1196; x_wconf 79' lang='lat' dir='ltr'>conservatur,</span> <span class='ocrx_word' id='word_1_62' title='bbox 614 1138 658 1187; x_wconf 88' lang='lat' dir='ltr'>die</span> <span class='ocrx_word' id='word_1_63' title='bbox 677 1137 843 1200; x_wconf 78' lang='lat' dir='ltr'>sigillationis</span> <span class='ocrx_word' id='word_1_64' title='bbox 862 1152 914 1184; x_wconf 91' lang='lat' dir='ltr'>non</span> <span class='ocrx_word' id='word_1_65' title='bbox 932 1136 1107 1201; x_wconf 81' lang='lat' dir='ltr'>deportaverit</span> <span class='ocrx_word' id='word_1_66' title='bbox 1121 1161 1340 1174; x_wconf 87' lang='lat'><strong>·············</strong></span> 
     </span>
     <span class='ocr_line' id='line_1_10' title="bbox 204 1225 1345 1293; baseline -0.004 -15"><span class='ocrx_word' id='word_1_67' title='bbox 204 1242 263 1293; x_wconf 88' lang='grc'>333,</span> <span class='ocrx_word' id='word_1_68' title='bbox 292 1231 372 1278; x_wconf 83' lang='lat' dir='ltr'>Anno</span> <span class='ocrx_word' id='word_1_69' title='bbox 395 1229 469 1290; x_wconf 89' lang='grc'>1483,</span> <span class='ocrx_word' id='word_1_70' title='bbox 495 1239 520 1287; x_wconf 89' lang='lat'>9.</span> <span class='ocrx_word' id='word_1_71' title='bbox 546 1227 615 1277; x_wconf 88' lang='lat' dir='ltr'>maii.</span> <span class='ocrx_word' id='word_1_72' title='bbox 644 1226 741 1277; x_wconf 90' lang='lat' dir='ltr'>Budae.</span> <span class='ocrx_word' id='word_1_73' title='bbox 767 1225 888 1281; x_wconf 87' lang='lat' dir='ltr'>Mathias,</span> <span class='ocrx_word' id='word_1_74' title='bbox 914 1225 1065 1288; x_wconf 88' lang='lat' dir='ltr'>Hungariae</span> <span class='ocrx_word' id='word_1_75' title='bbox 1084 1231 1131 1275; x_wconf 90' lang='lat' dir='ltr'>etc.</span> <span class='ocrx_word' id='word_1_76' title='bbox 1152 1240 1204 1282; x_wconf 86' lang='lat' dir='ltr'>rex,</span> <span class='ocrx_word' id='word_1_77' title='bbox 1223 1225 1345 1274; x_wconf 88' lang='lat' dir='ltr'>omnibus</span> 
     </span>
     <span class='ocr_line' id='line_1_11' title="bbox 290 1313 1346 1380; baseline -0.005 -14"><span class='ocrx_word' id='word_1_78' title='bbox 290 1317 430 1372; x_wconf 89' lang='lat' dir='ltr'>nobilibus,</span> <span class='ocrx_word' id='word_1_79' title='bbox 444 1316 488 1379; x_wconf 89' lang='lat' dir='ltr'>qni</span> <span class='ocrx_word' id='word_1_80' title='bbox 508 1316 535 1364; x_wconf 91' lang='lat' dir='ltr'>iu</span> <span class='ocrx_word' id='word_1_81' title='bbox 548 1315 755 1380; x_wconf 84' lang='lat' dir='ltr'>possessionibus</span> <span class='ocrx_word' id='word_1_82' title='bbox 769 1315 824 1363; x_wconf 86' lang='lat' dir='ltr'>suis</span> <span class='ocrx_word' id='word_1_83' title='bbox 838 1313 934 1362; x_wconf 88' lang='lat' dir='ltr'>tributa</span> <span class='ocrx_word' id='word_1_84' title='bbox 947 1320 1043 1369; x_wconf 91' lang='lat' dir='ltr'>tenent,</span> <span class='ocrx_word' id='word_1_85' title='bbox 1056 1313 1197 1362; x_wconf 89' lang='lat' dir='ltr'>identidem</span> <span class='ocrx_word' id='word_1_86' title='bbox 1210 1313 1346 1377; x_wconf 91' lang='lat' dir='ltr'>praecipit,</span> 
     </span>
     <span class='ocr_line' id='line_1_12' title="bbox 291 1402 1341 1467; baseline -0.005 -12"><span class='ocrx_word' id='word_1_87' title='bbox 291 1415 319 1455; x_wconf 91' lang='lat' dir='ltr'>ut</span> <span class='ocrx_word' id='word_1_88' title='bbox 338 1423 353 1454; x_wconf 89' lang='lat' dir='ltr'>a</span> <span class='ocrx_word' id='word_1_89' title='bbox 373 1405 558 1454; x_wconf 81' lang='lat' dir='ltr'>mercatoribus</span> <span class='ocrx_word' id='word_1_90' title='bbox 576 1403 786 1467; x_wconf 85' lang='lat' dir='ltr'>ungrabiensibus</span> <span class='ocrx_word' id='word_1_91' title='bbox 804 1402 941 1465; x_wconf 86' lang='lat' dir='ltr'>vectigalia</span> <span class='ocrx_word' id='word_1_92' title='bbox 963 1403 1065 1466; x_wconf 77' lang='lat' dir='ltr'>exigere</span> <span class='ocrx_word' id='word_1_93' title='bbox 1084 1403 1210 1451; x_wconf 83' lang='lat' dir='ltr'>desistant</span> <span class='ocrx_word' id='word_1_94' title='bbox 1225 1426 1341 1440; x_wconf 87' lang='lat'><strong>·······</strong></span> 
     </span>
     <span class='ocr_line' id='line_1_13' title="bbox 205 1490 1347 1557; baseline -0.005 -14"><span class='ocrx_word' id='word_1_95' title='bbox 205 1507 264 1557; x_wconf 91' lang='grc'>334.</span> <span class='ocrx_word' id='word_1_96' title='bbox 295 1495 375 1543; x_wconf 77' lang='lat' dir='ltr'>Anno</span> <span class='ocrx_word' id='word_1_97' title='bbox 403 1495 477 1556; x_wconf 88' lang='lat'>1483,</span> <span class='ocrx_word' id='word_1_98' title='bbox 501 1503 540 1544; x_wconf 93' lang='grc'>11,</span> <span class='ocrx_word' id='word_1_99' title='bbox 558 1493 640 1556; x_wconf 86' lang='lat' dir='ltr'>Junii.</span> <span class='ocrx_word' id='word_1_100' title='bbox 666 1492 814 1555; x_wconf 87' lang='lat' dir='ltr'>Zagrabiae.</span> <span class='ocrx_word' id='word_1_101' title='bbox 839 1491 969 1539; x_wconf 87' lang='lat' dir='ltr'>Statntum</span> <span class='ocrx_word' id='word_1_102' title='bbox 989 1490 1096 1555; x_wconf 89' lang='lat' dir='ltr'>capituli</span> <span class='ocrx_word' id='word_1_103' title='bbox 1121 1490 1154 1538; x_wconf 93' lang='lat' dir='ltr'>de</span> <span class='ocrx_word' id='word_1_104' title='bbox 1172 1491 1228 1539; x_wconf 83' lang='lat' dir='ltr'>foro</span> <span class='ocrx_word' id='word_1_105' title='bbox 1242 1490 1269 1538; x_wconf 92' lang='lat' dir='ltr'>in</span> <span class='ocrx_word' id='word_1_106' title='bbox 1287 1505 1347 1538; x_wconf 89' lang='lat' dir='ltr'>area</span> 
     </span>
     <span class='ocr_line' id='line_1_14' title="bbox 291 1579 1340 1646; baseline 0.001 -17"><span class='ocrx_word' id='word_1_107' title='bbox 291 1582 427 1646; x_wconf 79' lang='lat' dir='ltr'>capitulari</span> <span class='ocrx_word' id='word_1_108' title='bbox 447 1597 522 1631; x_wconf 87' lang='lat' dir='ltr'>curae</span> <span class='ocrx_word' id='word_1_109' title='bbox 540 1580 647 1646; x_wconf 89' lang='lat' dir='ltr'>capituli</span> <span class='ocrx_word' id='word_1_110' title='bbox 665 1581 758 1629; x_wconf 90' lang='lat' dir='ltr'>iudicis</span> <span class='ocrx_word' id='word_1_111' title='bbox 777 1579 961 1628; x_wconf 90' lang='lat' dir='ltr'>committendo</span> <span class='ocrx_word' id='word_1_112' title='bbox 977 1604 1340 1617; x_wconf 90' lang='lat'>·····················</span> 
     </span>
     <span class='ocr_line' id='line_1_15' title="bbox 208 1667 1348 1736; baseline -0.004 -17"><span class='ocrx_word' id='word_1_113' title='bbox 208 1684 267 1736; x_wconf 84' lang='lat'>335.</span> <span class='ocrx_word' id='word_1_114' title='bbox 295 1673 371 1719; x_wconf 82' lang='lat' dir='ltr'>Anno</span> <span class='ocrx_word' id='word_1_115' title='bbox 393 1671 467 1733; x_wconf 90' lang='grc'>1483,</span> <span class='ocrx_word' id='word_1_116' title='bbox 495 1682 533 1733; x_wconf 90' lang='lat'>17.</span> <span class='ocrx_word' id='word_1_117' title='bbox 559 1669 720 1734; x_wconf 83' lang='lat' dir='ltr'>septembris.</span> <span class='ocrx_word' id='word_1_118' title='bbox 742 1668 888 1731; x_wconf 84' lang='lat' dir='ltr'>Zagrabiae.</span> <span class='ocrx_word' id='word_1_119' title='bbox 914 1667 1029 1716; x_wconf 87' lang='lat' dir='ltr'>Mathias</span> <span class='ocrx_word' id='word_1_120' title='bbox 1055 1667 1141 1717; x_wconf 91' lang='lat' dir='ltr'>Gereb</span> <span class='ocrx_word' id='word_1_121' title='bbox 1159 1668 1249 1724; x_wconf 88' lang='lat' dir='ltr'>banus,</span> <span class='ocrx_word' id='word_1_122' title='bbox 1269 1668 1348 1716; x_wconf 89' lang='lat' dir='ltr'>Petro</span> 
     </span>
     <span class='ocr_line' id='line_1_16' title="bbox 294 1755 1347 1821; baseline -0.002 -15"><span class='ocrx_word' id='word_1_123' title='bbox 294 1757 392 1821; x_wconf 75' lang='lat' dir='ltr'>Bodlraj</span> <span class='ocrx_word' id='word_1_124' title='bbox 419 1773 448 1806; x_wconf 87' lang='lat' dir='ltr'>ac</span> <span class='ocrx_word' id='word_1_125' title='bbox 473 1756 611 1806; x_wconf 85' lang='lat' dir='ltr'>Ladislavo</span> <span class='ocrx_word' id='word_1_126' title='bbox 636 1756 738 1821; x_wconf 87' lang='lat' dir='ltr'>Rohiy,</span> <span class='ocrx_word' id='word_1_127' title='bbox 762 1757 933 1818; x_wconf 89' lang='lat' dir='ltr'>omnibusque</span> <span class='ocrx_word' id='word_1_128' title='bbox 958 1755 1091 1805; x_wconf 84' lang='lat' dir='ltr'>nobilibus</span> <span class='ocrx_word' id='word_1_129' title='bbox 1116 1756 1250 1820; x_wconf 88' lang='lat' dir='ltr'>praecipit,</span> <span class='ocrx_word' id='word_1_130' title='bbox 1269 1771 1302 1804; x_wconf 89' lang='lat' dir='ltr'>ne</span> <span class='ocrx_word' id='word_1_131' title='bbox 1320 1757 1347 1804; x_wconf 92' lang='lat' dir='ltr'>in</span> 
     </span>
     <span class='ocr_line' id='line_1_17' title="bbox 295 1845 1349 1911; baseline -0.002 -17"><span class='ocrx_word' id='word_1_132' title='bbox 295 1846 502 1911; x_wconf 87' lang='lat' dir='ltr'>possessionibus</span> <span class='ocrx_word' id='word_1_133' title='bbox 535 1846 588 1894; x_wconf 90' lang='lat' dir='ltr'>suis</span> <span class='ocrx_word' id='word_1_134' title='bbox 618 1862 633 1893; x_wconf 90' lang='lat' dir='ltr'>a</span> <span class='ocrx_word' id='word_1_135' title='bbox 662 1845 762 1894; x_wconf 88' lang='lat' dir='ltr'>civibus</span> <span class='ocrx_word' id='word_1_136' title='bbox 792 1845 1003 1908; x_wconf 88' lang='lat' dir='ltr'>zagrabicnsibns</span> <span class='ocrx_word' id='word_1_137' title='bbox 1034 1845 1157 1893; x_wconf 90' lang='lat' dir='ltr'>tributum</span> <span class='ocrx_word' id='word_1_138' title='bbox 1187 1860 1234 1908; x_wconf 91' lang='lat' dir='ltr'>pro</span> <span class='ocrx_word' id='word_1_139' title='bbox 1264 1860 1349 1893; x_wconf 85' lang='lat' dir='ltr'>merce</span> 
     </span>
     <span class='ocr_line' id='line_1_18' title="bbox 291 1942 1340 1999; baseline 0.001 -16"><span class='ocrx_word' id='word_1_140' title='bbox 291 1942 380 1999; x_wconf 91' lang='lat' dir='ltr'>petant</span> <span class='ocrx_word' id='word_1_141' title='bbox 399 1957 1340 1972; x_wconf 88' lang='lat'><strong>·····················································</strong></span> 
     </span>
     <span class='ocr_line' id='line_1_19' title="bbox 207 2021 1348 2086; baseline -0.001 -15"><span class='ocrx_word' id='word_1_142' title='bbox 207 2023 267 2086; x_wconf 83' lang='grc'>336.</span> <span class='ocrx_word' id='word_1_143' title='bbox 296 2025 377 2072; x_wconf 85' lang='lat' dir='ltr'>Anno</span> <span class='ocrx_word' id='word_1_144' title='bbox 399 2023 474 2083; x_wconf 82' lang='lat'>1484,</span> <span class='ocrx_word' id='word_1_145' title='bbox 495 2034 517 2084; x_wconf 87' lang='lat'>3.</span> <span class='ocrx_word' id='word_1_146' title='bbox 538 2022 607 2070; x_wconf 89' lang='lat' dir='ltr'>maii.</span> <span class='ocrx_word' id='word_1_147' title='bbox 636 2022 733 2073; x_wconf 88' lang='lat' dir='ltr'>Budae.</span> <span class='ocrx_word' id='word_1_148' title='bbox 762 2021 882 2083; x_wconf 75' lang='grc'>11118111,</span> <span class='ocrx_word' id='word_1_149' title='bbox 911 2022 1063 2083; x_wconf 86' lang='lat' dir='ltr'>Hungariae</span> <span class='ocrx_word' id='word_1_150' title='bbox 1087 2028 1137 2070; x_wconf 88' lang='lat' dir='ltr'>etc.</span> <span class='ocrx_word' id='word_1_151' title='bbox 1155 2037 1208 2077; x_wconf 86' lang='lat' dir='ltr'>rex,</span> <span class='ocrx_word' id='word_1_152' title='bbox 1227 2022 1348 2070; x_wconf 90' lang='lat' dir='ltr'>omnibus</span> 
     </span>
     <span class='ocr_line' id='line_1_20' title="bbox 296 2108 1346 2174; baseline 0 -16"><span class='ocrx_word' id='word_1_153' title='bbox 296 2111 366 2174; x_wconf 87' lang='lat' dir='ltr'>regni</span> <span class='ocrx_word' id='word_1_154' title='bbox 386 2109 524 2159; x_wconf 88' lang='lat' dir='ltr'>Slavoniae</span> <span class='ocrx_word' id='word_1_155' title='bbox 542 2108 673 2158; x_wconf 89' lang='lat' dir='ltr'>nobilibus</span> <span class='ocrx_word' id='word_1_156' title='bbox 693 2125 782 2159; x_wconf 88' lang='lat' dir='ltr'>severe</span> <span class='ocrx_word' id='word_1_157' title='bbox 808 2110 946 2166; x_wconf 87' lang='lat' dir='ltr'>interdicit,</span> <span class='ocrx_word' id='word_1_158' title='bbox 971 2125 1038 2158; x_wconf 94' lang='lat' dir='ltr'>nea</span> <span class='ocrx_word' id='word_1_159' title='bbox 1056 2109 1240 2158; x_wconf 74' lang='lat' dir='ltr'>mercatoribus</span> <span class='ocrx_word' id='word_1_160' title='bbox 1259 2126 1346 2173; x_wconf 80' lang='lat' dir='ltr'>ragra-</span> 
     </span>
     <span class='ocr_line' id='line_1_21' title="bbox 295 2196 1342 2261; baseline 0.001 -16"><span class='ocrx_word' id='word_1_161' title='bbox 295 2198 391 2247; x_wconf 85' lang='lat' dir='ltr'>bicnsis</span> <span class='ocrx_word' id='word_1_162' title='bbox 410 2196 519 2261; x_wconf 82' lang='lat' dir='ltr'>vestiga]</span> <span class='ocrx_word' id='word_1_163' title='bbox 535 2199 638 2261; x_wconf 85' lang='lat' dir='ltr'>exigant</span> <span class='ocrx_word' id='word_1_164' title='bbox 657 2221 1003 2236; x_wconf 85' lang='lat'><strong>···················</strong></span> <span class='ocrx_word' id='word_1_165' title='bbox 1016 2235 1021 2246; x_wconf 95' lang='lat'>.</span> <span class='ocrx_word' id='word_1_166' title='bbox 1034 2222 1342 2237; x_wconf 88' lang='lat'><strong>··················</strong></span> 
     </span>
     <span class='ocr_line' id='line_1_22' title="bbox 207 2286 1349 2352; baseline 0 -17"><span class='ocrx_word' id='word_1_167' title='bbox 207 2295 264 2349; x_wconf 82' lang='grc'>337,</span> <span class='ocrx_word' id='word_1_168' title='bbox 295 2288 376 2335; x_wconf 90' lang='lat' dir='ltr'>Anno</span> <span class='ocrx_word' id='word_1_169' title='bbox 409 2288 483 2348; x_wconf 87' lang='grc'>1484,</span> <span class='ocrx_word' id='word_1_170' title='bbox 514 2287 537 2337; x_wconf 88' lang='lat'>8.</span> <span class='ocrx_word' id='word_1_171' title='bbox 563 2286 644 2350; x_wconf 90' lang='lat' dir='ltr'>Junii.</span> <span class='ocrx_word' id='word_1_172' title='bbox 674 2286 821 2349; x_wconf 86' lang='lat' dir='ltr'>Zagrabiae.</span> <span class='ocrx_word' id='word_1_173' title='bbox 851 2287 982 2335; x_wconf 77' lang='lat' dir='ltr'>statutum</span> <span class='ocrx_word' id='word_1_174' title='bbox 1010 2286 1042 2334; x_wconf 89' lang='lat' dir='ltr'>de</span> <span class='ocrx_word' id='word_1_175' title='bbox 1066 2287 1195 2336; x_wconf 87' lang='lat' dir='ltr'>canonicis</span> <span class='ocrx_word' id='word_1_176' title='bbox 1220 2302 1349 2352; x_wconf 77' lang='lat' dir='ltr'>cauponas</span> 
     </span>
     <span class='ocr_line' id='line_1_23' title="bbox 297 2375 1350 2440; baseline 0.002 -18"><span class='ocrx_word' id='word_1_177' title='bbox 297 2375 476 2424; x_wconf 85' lang='lat' dir='ltr'>exercentibus</span> <span class='ocrx_word' id='word_1_178' title='bbox 505 2382 530 2424; x_wconf 90' lang='lat' dir='ltr'>et</span> <span class='ocrx_word' id='word_1_179' title='bbox 559 2376 591 2423; x_wconf 92' lang='lat' dir='ltr'>de</span> <span class='ocrx_word' id='word_1_180' title='bbox 618 2391 702 2440; x_wconf 86' lang='lat' dir='ltr'>pcena</span> <span class='ocrx_word' id='word_1_181' title='bbox 729 2376 907 2425; x_wconf 85' lang='lat' dir='ltr'>constituenda</span> <span class='ocrx_word' id='word_1_182' title='bbox 932 2377 960 2425; x_wconf 88' lang='lat' dir='ltr'>in</span> <span class='ocrx_word' id='word_1_183' title='bbox 984 2391 1037 2437; x_wconf 86' lang='lat' dir='ltr'>eos,</span> <span class='ocrx_word' id='word_1_184' title='bbox 1062 2376 1107 2438; x_wconf 89' lang='lat' dir='ltr'>qui</span> <span class='ocrx_word' id='word_1_185' title='bbox 1131 2375 1226 2426; x_wconf 85' lang='lat' dir='ltr'>chartis</span> <span class='ocrx_word' id='word_1_186' title='bbox 1245 2375 1350 2426; x_wconf 88' lang='lat' dir='ltr'>lusoriis</span> 
     </span>
     <span class='ocr_line' id='line_1_24' title="bbox 298 2464 1343 2527; baseline 0.001 -16"><span class='ocrx_word' id='word_1_187' title='bbox 298 2480 390 2526; x_wconf 89' lang='lat' dir='ltr'>magna</span> <span class='ocrx_word' id='word_1_188' title='bbox 411 2464 519 2526; x_wconf 78' lang='lat' dir='ltr'>pecunia</span> <span class='ocrx_word' id='word_1_189' title='bbox 538 2464 628 2527; x_wconf 89' lang='lat' dir='ltr'>posita,</span> <span class='ocrx_word' id='word_1_190' title='bbox 649 2464 757 2513; x_wconf 88' lang='lat' dir='ltr'>luserint</span> <span class='ocrx_word' id='word_1_191' title='bbox 783 2489 1343 2504; x_wconf 82' lang='lat'><strong>································</strong></span> 
     </span>
     <span class='ocr_line' id='line_1_25' title="bbox 209 2552 1351 2617; baseline 0.003 -18"><span class='ocrx_word' id='word_1_192' title='bbox 209 2552 269 2613; x_wconf 91' lang='grc'>338.</span> <span class='ocrx_word' id='word_1_193' title='bbox 297 2553 377 2599; x_wconf 87' lang='lat' dir='ltr'>Anno</span> <span class='ocrx_word' id='word_1_194' title='bbox 396 2552 770 2615; x_wconf 81' lang='lat' dir='ltr'>1484,15.JuniiZagrabiae.</span> <span class='ocrx_word' id='word_1_195' title='bbox 792 2552 926 2602; x_wconf 87' lang='lat' dir='ltr'>Robertus</span> <span class='ocrx_word' id='word_1_196' title='bbox 945 2553 1107 2617; x_wconf 87' lang='lat' dir='ltr'>praepositus</span> <span class='ocrx_word' id='word_1_197' title='bbox 1126 2559 1230 2617; x_wconf 90' lang='lat' dir='ltr'>propter</span> <span class='ocrx_word' id='word_1_198' title='bbox 1248 2553 1351 2602; x_wconf 82' lang='lat' dir='ltr'>diversa</span> 
     </span>
     <span class='ocr_line' id='line_1_26' title="bbox 297 2639 1350 2704; baseline 0.002 -16"><span class='ocrx_word' id='word_1_199' title='bbox 297 2639 394 2688; x_wconf 88' lang='lat' dir='ltr'>scelera</span> <span class='ocrx_word' id='word_1_200' title='bbox 423 2640 503 2702; x_wconf 85' lang='lat' dir='ltr'>gradu</span> <span class='ocrx_word' id='word_1_201' title='bbox 535 2640 655 2703; x_wconf 88' lang='lat' dir='ltr'>dejicitur</span> <span class='ocrx_word' id='word_1_202' title='bbox 686 2647 712 2689; x_wconf 90' lang='lat' dir='ltr'>et</span> <span class='ocrx_word' id='word_1_203' title='bbox 743 2639 870 2689; x_wconf 88' lang='lat' dir='ltr'>beneficio</span> <span class='ocrx_word' id='word_1_204' title='bbox 900 2656 929 2689; x_wconf 91' lang='lat' dir='ltr'>ac</span> <span class='ocrx_word' id='word_1_205' title='bbox 960 2639 1140 2704; x_wconf 76' lang='lat' dir='ltr'>capitularium</span> <span class='ocrx_word' id='word_1_206' title='bbox 1170 2657 1186 2689; x_wconf 91' lang='lat' dir='ltr'>a</span> <span class='ocrx_word' id='word_1_207' title='bbox 1217 2642 1350 2691; x_wconf 88' lang='lat' dir='ltr'>consorcio</span> 
     </span>
     <span class='ocr_line' id='line_1_27' title="bbox 295 2727 1344 2777; baseline 0.001 -2"><span class='ocrx_word' id='word_1_208' title='bbox 295 2727 441 2777; x_wconf 85' lang='lat' dir='ltr'>excluditur</span> <span class='ocrx_word' id='word_1_209' title='bbox 460 2753 1344 2768; x_wconf 68' lang='lat'><strong>··················································</strong></span> 
     </span>
     <span class='ocr_line' id='line_1_28' title="bbox 209 2816 1346 2879; baseline 0.001 -15"><span class='ocrx_word' id='word_1_210' title='bbox 209 2828 267 2878; x_wconf 82' lang='lat'><strong>339.</strong></span> <span class='ocrx_word' id='word_1_211' title='bbox 296 2817 376 2864; x_wconf 90' lang='lat' dir='ltr'>Auno</span> <span class='ocrx_word' id='word_1_212' title='bbox 398 2816 472 2878; x_wconf 90' lang='grc'>1484,</span> <span class='ocrx_word' id='word_1_213' title='bbox 494 2828 515 2878; x_wconf 88' lang='lat'>3.</span> <span class='ocrx_word' id='word_1_214' title='bbox 535 2816 685 2866; x_wconf 89' lang='lat' dir='ltr'>decembris.</span> <span class='ocrx_word' id='word_1_215' title='bbox 708 2816 856 2879; x_wconf 84' lang='lat' dir='ltr'>Zagrabiae.</span> <span class='ocrx_word' id='word_1_216' title='bbox 877 2816 991 2865; x_wconf 89' lang='lat' dir='ltr'>Mathias</span> <span class='ocrx_word' id='word_1_217' title='bbox 1011 2816 1097 2865; x_wconf 90' lang='lat' dir='ltr'>Gereb</span> <span class='ocrx_word' id='word_1_218' title='bbox 1116 2816 1206 2874; x_wconf 89' lang='lat' dir='ltr'>banus,</span> <span class='ocrx_word' id='word_1_219' title='bbox 1225 2816 1346 2865; x_wconf 88' lang='lat' dir='ltr'>omuibus</span> 
     </span>
     <span class='ocr_line' id='line_1_29' title="bbox 297 2903 1348 2969; baseline 0.002 -17"><span class='ocrx_word' id='word_1_220' title='bbox 297 2903 427 2952; x_wconf 89' lang='lat' dir='ltr'>nobilibus</span> <span class='ocrx_word' id='word_1_221' title='bbox 456 2904 559 2961; x_wconf 88' lang='lat' dir='ltr'>tributa,</span> <span class='ocrx_word' id='word_1_222' title='bbox 586 2921 652 2968; x_wconf 68' lang='lat' dir='ltr'>&lt;quae</span> <span class='ocrx_word' id='word_1_223' title='bbox 672 2921 687 2953; x_wconf 92' lang='lat' dir='ltr'>a</span> <span class='ocrx_word' id='word_1_224' title='bbox 705 2904 804 2953; x_wconf 87' lang='lat' dir='ltr'>civibus</span> <span class='ocrx_word' id='word_1_225' title='bbox 823 2905 924 2968; x_wconf 80' lang='lat' dir='ltr'>zagrab</span> <span class='ocrx_word' id='word_1_226' title='bbox 944 2910 1037 2955; x_wconf 88' lang='lat' dir='ltr'>contra</span> <span class='ocrx_word' id='word_1_227' title='bbox 1055 2904 1140 2969; x_wconf 87' lang='lat' dir='ltr'>Iegem</span> <span class='ocrx_word' id='word_1_228' title='bbox 1159 2906 1271 2969; x_wconf 86' lang='lat' dir='ltr'>exigant,</span> <span class='ocrx_word' id='word_1_229' title='bbox 1291 2921 1348 2954; x_wconf 90' lang='lat' dir='ltr'>sese</span> 
     </span>
     <span class='ocr_line' id='line_1_30' title="bbox 279 2994 1347 3057; baseline 0.001 -16"><span class='ocrx_word' id='word_1_230' title='bbox 279 3001 481 3057; x_wconf 86' lang='lat' dir='ltr'>occupaturum</span> <span class='ocrx_word' id='word_1_231' title='bbox 499 3008 564 3050; x_wconf 90' lang='lat' dir='ltr'>esse,</span> <span class='ocrx_word' id='word_1_232' title='bbox 584 2994 696 3042; x_wconf 92' lang='lat' dir='ltr'>minatur</span> <span class='ocrx_word' id='word_1_233' title='bbox 714 3019 1347 3033; x_wconf 84' lang='lat'><strong>····································</strong></span> 
     </span>
     <span class='ocr_line' id='line_1_31' title="bbox 209 3081 1352 3147; baseline 0.002 -18"><span class='ocrx_word' id='word_1_234' title='bbox 209 3093 266 3143; x_wconf 88' lang='grc'>340,</span> <span class='ocrx_word' id='word_1_235' title='bbox 298 3083 377 3130; x_wconf 90' lang='lat' dir='ltr'>Anno</span> <span class='ocrx_word' id='word_1_236' title='bbox 399 3082 473 3145; x_wconf 81' lang='lat'>1485,</span> <span class='ocrx_word' id='word_1_237' title='bbox 497 3081 534 3130; x_wconf 83' lang='grc'>16.</span> <span class='ocrx_word' id='word_1_238' title='bbox 556 3082 717 3145; x_wconf 88' lang='lat' dir='ltr'>septembris.</span> <span class='ocrx_word' id='word_1_239' title='bbox 745 3081 894 3145; x_wconf 87' lang='lat' dir='ltr'>Zagrabiae.</span> <span class='ocrx_word' id='word_1_240' title='bbox 921 3082 1051 3131; x_wconf 90' lang='lat' dir='ltr'>Statntum</span> <span class='ocrx_word' id='word_1_241' title='bbox 1076 3081 1184 3147; x_wconf 91' lang='lat' dir='ltr'>capituli</span> <span class='ocrx_word' id='word_1_242' title='bbox 1208 3082 1241 3130; x_wconf 91' lang='lat' dir='ltr'>de</span> <span class='ocrx_word' id='word_1_243' title='bbox 1259 3081 1352 3131; x_wconf 86' lang='lat' dir='ltr'>solidis</span> 
     </span>
     <span class='ocr_line' id='line_1_32' title="bbox 296 3170 1345 3235; baseline 0.003 -18"><span class='ocrx_word' id='word_1_244' title='bbox 296 3170 329 3217; x_wconf 88' lang='lat' dir='ltr'>ab</span> <span class='ocrx_word' id='word_1_245' title='bbox 348 3185 504 3232; x_wconf 88' lang='lat' dir='ltr'>unoquoque</span> <span class='ocrx_word' id='word_1_246' title='bbox 523 3171 647 3219; x_wconf 88' lang='lat' dir='ltr'>canonico</span> <span class='ocrx_word' id='word_1_247' title='bbox 666 3172 804 3233; x_wconf 86' lang='lat' dir='ltr'>quotannis</span> <span class='ocrx_word' id='word_1_248' title='bbox 824 3172 999 3235; x_wconf 89' lang='lat' dir='ltr'>companatori</span> <span class='ocrx_word' id='word_1_249' title='bbox 1019 3170 1152 3220; x_wconf 88' lang='lat' dir='ltr'>solvendis</span> <span class='ocrx_word' id='word_1_250' title='bbox 1177 3196 1345 3209; x_wconf 83' lang='lat'><em>··········</em></span> 
     </span>
     <span class='ocr_line' id='line_1_33' title="bbox 211 3257 1351 3322; baseline 0.003 -18"><span class='ocrx_word' id='word_1_251' title='bbox 211 3269 257 3318; x_wconf 82' lang='lat'>341</span> <span class='ocrx_word' id='word_1_252' title='bbox 298 3257 379 3306; x_wconf 90' lang='lat' dir='ltr'>Anno</span> <span class='ocrx_word' id='word_1_253' title='bbox 401 3257 475 3320; x_wconf 87' lang='grc'>1486,</span> <span class='ocrx_word' id='word_1_254' title='bbox 496 3258 519 3308; x_wconf 89' lang='grc'>8.</span> <span class='ocrx_word' id='word_1_255' title='bbox 540 3257 637 3321; x_wconf 85' lang='lat' dir='ltr'>aprilis.</span> <span class='ocrx_word' id='word_1_256' title='bbox 658 3259 754 3308; x_wconf 88' lang='lat' dir='ltr'>Budae.</span> <span class='ocrx_word' id='word_1_257' title='bbox 783 3258 905 3315; x_wconf 86' lang='lat' dir='ltr'>Mathias,</span> <span class='ocrx_word' id='word_1_258' title='bbox 931 3259 1082 3320; x_wconf 88' lang='lat' dir='ltr'>Hungariae</span> <span class='ocrx_word' id='word_1_259' title='bbox 1101 3265 1149 3309; x_wconf 89' lang='lat' dir='ltr'>etc.</span> <span class='ocrx_word' id='word_1_260' title='bbox 1164 3273 1216 3314; x_wconf 86' lang='lat' dir='ltr'>rex,</span> <span class='ocrx_word' id='word_1_261' title='bbox 1236 3258 1351 3322; x_wconf 87' lang='lat' dir='ltr'>capitulo</span> 
     </span>
     <span class='ocr_line' id='line_1_34' title="bbox 297 3345 1351 3411; baseline 0.001 -18"><span class='ocrx_word' id='word_1_262' title='bbox 297 3346 429 3410; x_wconf 85' lang='lat' dir='ltr'>praecipit,</span> <span class='ocrx_word' id='word_1_263' title='bbox 450 3354 477 3395; x_wconf 86' lang='lat' dir='ltr'>ut</span> <span class='ocrx_word' id='word_1_264' title='bbox 497 3348 651 3409; x_wconf 88' lang='lat' dir='ltr'>Gregorium</span> <span class='ocrx_word' id='word_1_265' title='bbox 670 3347 702 3394; x_wconf 89' lang='lat' dir='ltr'>de</span> <span class='ocrx_word' id='word_1_266' title='bbox 722 3346 829 3394; x_wconf 86' lang='lat' dir='ltr'>Stubica</span> <span class='ocrx_word' id='word_1_267' title='bbox 846 3346 873 3394; x_wconf 90' lang='lat' dir='ltr'>in</span> <span class='ocrx_word' id='word_1_268' title='bbox 892 3345 953 3394; x_wconf 83' lang='lat' dir='ltr'>salis</span> <span class='ocrx_word' id='word_1_269' title='bbox 974 3347 1070 3395; x_wconf 81' lang='lat' dir='ltr'>fodinis</span> <span class='ocrx_word' id='word_1_270' title='bbox 1091 3347 1277 3410; x_wconf 88' lang='lat' dir='ltr'>perquirendis,</span> <span class='ocrx_word' id='word_1_271' title='bbox 1290 3363 1351 3411; x_wconf 89' lang='lat' dir='ltr'>ape·</span> 
     </span>
     <span class='ocr_line' id='line_1_35' title="bbox 297 3435 1348 3499; baseline 0.001 -17"><span class='ocrx_word' id='word_1_272' title='bbox 297 3435 451 3496; x_wconf 89' lang='lat' dir='ltr'>riendisque‚</span> <span class='ocrx_word' id='word_1_273' title='bbox 471 3436 575 3499; x_wconf 87' lang='lat' dir='ltr'>adjuvet</span> <span class='ocrx_word' id='word_1_274' title='bbox 607 3458 1348 3473; x_wconf 87' lang='lat'><strong>··········································</strong></span> 
     </span>
     <span class='ocr_line' id='line_1_36' title="bbox 211 3521 1353 3586; baseline 0.003 -18"><span class='ocrx_word' id='word_1_275' title='bbox 211 3533 260 3584; x_wconf 76' lang='lat'>342</span> <span class='ocrx_word' id='word_1_276' title='bbox 298 3522 378 3570; x_wconf 88' lang='lat' dir='ltr'>Anno</span> <span class='ocrx_word' id='word_1_277' title='bbox 412 3522 486 3585; x_wconf 86' lang='lat'>1487,</span> <span class='ocrx_word' id='word_1_278' title='bbox 517 3523 559 3575; x_wconf 86' lang='lat'>26.</span> <span class='ocrx_word' id='word_1_279' title='bbox 584 3522 703 3586; x_wconf 84' lang='lat' dir='ltr'>januarii.</span> <span class='ocrx_word' id='word_1_280' title='bbox 733 3522 881 3584; x_wconf 84' lang='lat' dir='ltr'>Zagrabiae.</span> <span class='ocrx_word' id='word_1_281' title='bbox 909 3522 1087 3572; x_wconf 88' lang='lat' dir='ltr'>Communitas</span> <span class='ocrx_word' id='word_1_282' title='bbox 1116 3521 1229 3572; x_wconf 85' lang='lat' dir='ltr'>civitatis</span> <span class='ocrx_word' id='word_1_283' title='bbox 1256 3525 1353 3572; x_wconf 90' lang='lat' dir='ltr'>montis</span> 
     </span>
     <span class='ocr_line' id='line_1_37' title="bbox 301 3610 1352 3666; baseline 0.006 -9"><span class='ocrx_word' id='word_1_284' title='bbox 301 3610 438 3658; x_wconf 84' lang='lat' dir='ltr'>Grecensis</span> <span class='ocrx_word' id='word_1_285' title='bbox 465 3610 588 3658; x_wconf 84' lang='lat' dir='ltr'>iratribus</span> <span class='ocrx_word' id='word_1_286' title='bbox 615 3611 738 3658; x_wconf 86' lang='lat' dir='ltr'>Eremitis</span> <span class='ocrx_word' id='word_1_287' title='bbox 764 3612 890 3666; x_wconf 85' lang='lat' dir='ltr'>concedit,</span> <span class='ocrx_word' id='word_1_288' title='bbox 915 3619 943 3658; x_wconf 91' lang='lat' dir='ltr'>ut</span> <span class='ocrx_word' id='word_1_289' title='bbox 968 3611 1057 3660; x_wconf 86' lang='lat' dir='ltr'>turrim</span> <span class='ocrx_word' id='word_1_290' title='bbox 1085 3611 1113 3659; x_wconf 90' lang='lat' dir='ltr'>in</span> <span class='ocrx_word' id='word_1_291' title='bbox 1142 3612 1246 3661; x_wconf 81' lang='lat' dir='ltr'>civitate</span> <span class='ocrx_word' id='word_1_292' title='bbox 1275 3613 1352 3663; x_wconf 86' lang='lat' dir='ltr'>sitam</span> 
     </span>
     <span class='ocr_line' id='line_1_38' title="bbox 299 3698 1346 3761; baseline 0.001 -16"><span class='ocrx_word' id='word_1_293' title='bbox 299 3704 441 3746; x_wconf 86' lang='lat' dir='ltr'>restaurent</span> <span class='ocrx_word' id='word_1_294' title='bbox 460 3698 486 3745; x_wconf 92' lang='lat' dir='ltr'>in</span> <span class='ocrx_word' id='word_1_295' title='bbox 506 3708 587 3761; x_wconf 82' lang='lat' dir='ltr'>eaque</span> <span class='ocrx_word' id='word_1_296' title='bbox 607 3714 658 3746; x_wconf 89' lang='lat' dir='ltr'>unu</span> <span class='ocrx_word' id='word_1_297' title='bbox 677 3698 833 3761; x_wconf 81' lang='lat' dir='ltr'>inquilinum</span> <span class='ocrx_word' id='word_1_298' title='bbox 852 3698 980 3747; x_wconf 86' lang='lat' dir='ltr'>collocent</span> <span class='ocrx_word' id='word_1_299' title='bbox 999 3725 1346 3739; x_wconf 85' lang='lat'><strong>····················</strong></span> 
     </span>
     <span class='ocr_line' id='line_1_39' title="bbox 215 3784 1353 3854; baseline 0.005 -23"><span class='ocrx_word' id='word_1_300' title='bbox 215 3797 273 3847; x_wconf 80' lang='lat'>343,</span> <span class='ocrx_word' id='word_1_301' title='bbox 303 3787 377 3832; x_wconf 83' lang='lat' dir='ltr'>Anno</span> <span class='ocrx_word' id='word_1_302' title='bbox 400 3786 474 3848; x_wconf 87' lang='lat'>1487,</span> <span class='ocrx_word' id='word_1_303' title='bbox 496 3797 518 3848; x_wconf 88' lang='lat'>7.</span> <span class='ocrx_word' id='word_1_304' title='bbox 539 3784 635 3849; x_wconf 87' lang='lat' dir='ltr'>aprilis.</span> <span class='ocrx_word' id='word_1_305' title='bbox 662 3786 765 3834; x_wconf 87' lang='lat' dir='ltr'>Romae</span> <span class='ocrx_word' id='word_1_306' title='bbox 799 3787 845 3835; x_wconf 83' lang='lat' dir='ltr'>Ab</span> <span class='ocrx_word' id='word_1_307' title='bbox 869 3787 1023 3835; x_wconf 89' lang='lat' dir='ltr'>Innocentio</span> <span class='ocrx_word' id='word_1_308' title='bbox 1042 3788 1122 3839; x_wconf 84' lang='lat' dir='ltr'>VIII.</span> <span class='ocrx_word' id='word_1_309' title='bbox 1143 3804 1217 3853; x_wconf 85' lang='lat' dir='ltr'>papa,</span> <span class='ocrx_word' id='word_1_310' title='bbox 1238 3788 1353 3854; x_wconf 87' lang='lat' dir='ltr'>capitulo</span> 
     </span>
     <span class='ocr_line' id='line_1_40' title="bbox 301 3873 1354 3941; baseline 0.007 -21"><span class='ocrx_word' id='word_1_311' title='bbox 301 3873 401 3935; x_wconf 80' lang='lat' dir='ltr'>zagrab,</span> <span class='ocrx_word' id='word_1_312' title='bbox 421 3882 564 3938; x_wconf 88' lang='lat' dir='ltr'>praecaute,</span> <span class='ocrx_word' id='word_1_313' title='bbox 585 3881 738 3923; x_wconf 86' lang='lat' dir='ltr'>statutorum</span> <span class='ocrx_word' id='word_1_314' title='bbox 757 3876 974 3938; x_wconf 85' lang='lat' dir='ltr'>corrigendorum,</span> <span class='ocrx_word' id='word_1_315' title='bbox 994 3876 1226 3941; x_wconf 88' lang='lat' dir='ltr'>mutandorumqne</span> <span class='ocrx_word' id='word_1_316' title='bbox 1245 3877 1354 3928; x_wconf 76' lang='lat' dir='ltr'>incultas</span> 
     </span>
     <span class='ocr_line' id='line_1_41' title="bbox 299 3962 1349 4009; baseline 0.005 0"><span class='ocrx_word' id='word_1_317' title='bbox 299 3962 374 4009; x_wconf 87' lang='lat' dir='ltr'>datur</span> <span class='ocrx_word' id='word_1_318' title='bbox 381 3986 1349 4006; x_wconf 83' lang='lat'><strong>······················································</strong></span> 
     </span>
     <span class='ocr_line' id='line_1_42' title="bbox 212 4049 1354 4116; baseline 0.009 -21"><span class='ocrx_word' id='word_1_319' title='bbox 212 4060 269 4110; x_wconf 69' lang='grc'>3444</span> <span class='ocrx_word' id='word_1_320' title='bbox 301 4049 381 4097; x_wconf 87' lang='lat' dir='ltr'>Anno</span> <span class='ocrx_word' id='word_1_321' title='bbox 413 4050 489 4112; x_wconf 84' lang='grc'>1487,</span> <span class='ocrx_word' id='word_1_322' title='bbox 518 4064 545 4113; x_wconf 89' lang='grc'>4.</span> <span class='ocrx_word' id='word_1_323' title='bbox 573 4051 642 4099; x_wconf 88' lang='lat' dir='ltr'>maii.</span> <span class='ocrx_word' id='word_1_324' title='bbox 672 4050 819 4112; x_wconf 84' lang='lat' dir='ltr'>Zagrabiae,</span> <span class='ocrx_word' id='word_1_325' title='bbox 849 4051 998 4116; x_wconf 84' lang='lat' dir='ltr'>Capitulum</span> <span class='ocrx_word' id='word_1_326' title='bbox 1026 4054 1127 4115; x_wconf 86' lang='lat' dir='ltr'>zagrab.</span> <span class='ocrx_word' id='word_1_327' title='bbox 1154 4055 1186 4102; x_wconf 91' lang='lat' dir='ltr'>de</span> <span class='ocrx_word' id='word_1_328' title='bbox 1205 4054 1354 4105; x_wconf 89' lang='lat' dir='ltr'>colonorum</span> 
     </span>
     <span class='ocr_line' id='line_1_43' title="bbox 300 4137 1355 4208; baseline 0.009 -25"><span class='ocrx_word' id='word_1_329' title='bbox 300 4137 374 4199; x_wconf 91' lang='lat' dir='ltr'>equis</span> <span class='ocrx_word' id='word_1_330' title='bbox 403 4145 429 4184; x_wconf 88' lang='lat' dir='ltr'>ct</span> <span class='ocrx_word' id='word_1_331' title='bbox 457 4139 607 4201; x_wconf 85' lang='lat' dir='ltr'>peccoribus</span> <span class='ocrx_word' id='word_1_332' title='bbox 634 4140 750 4187; x_wconf 87' lang='lat' dir='ltr'>arcendis</span> <span class='ocrx_word' id='word_1_333' title='bbox 778 4156 793 4188; x_wconf 92' lang='lat' dir='ltr'>a</span> <span class='ocrx_word' id='word_1_334' title='bbox 820 4139 893 4187; x_wconf 87' lang='lat' dir='ltr'>tlacis</span> <span class='ocrx_word' id='word_1_335' title='bbox 913 4147 938 4188; x_wconf 90' lang='lat' dir='ltr'>et</span> <span class='ocrx_word' id='word_1_336' title='bbox 959 4139 1099 4190; x_wconf 81' lang='lat' dir='ltr'>foenilibus</span> <span class='ocrx_word' id='word_1_337' title='bbox 1119 4143 1303 4208; x_wconf 78' lang='lat' dir='ltr'>capitularibus</span> <span class='ocrx_word' id='word_1_338' title='bbox 1321 4145 1355 4193; x_wconf 88' lang='lat' dir='ltr'>ad</span> 
     </span>
     <span class='ocr_line' id='line_1_44' title="bbox 301 4225 1351 4292; baseline -0.006 -16"><span class='ocrx_word' id='word_1_339' title='bbox 301 4225 453 4288; x_wconf 81' lang='lat' dir='ltr'>Zagrabiam</span> <span class='ocrx_word' id='word_1_340' title='bbox 473 4227 538 4283; x_wconf 88' lang='lat' dir='ltr'>sitis,</span> <span class='ocrx_word' id='word_1_341' title='bbox 557 4228 685 4289; x_wconf 85' lang='lat' dir='ltr'>quaedam</span> <span class='ocrx_word' id='word_1_342' title='bbox 704 4228 818 4292; x_wconf 86' lang='lat' dir='ltr'>disponit</span> <span class='ocrx_word' id='word_1_343' title='bbox 827 4254 1351 4271; x_wconf 62' lang='grc'><strong>..............................</strong></span> 
     </span>
     <span class='ocr_line' id='line_1_45' title="bbox 213 4314 1354 4385; baseline 0.008 -24"><span class='ocrx_word' id='word_1_344' title='bbox 213 4324 272 4376; x_wconf 81' lang='grc'>345.</span> <span class='ocrx_word' id='word_1_345' title='bbox 302 4314 382 4363; x_wconf 90' lang='lat' dir='ltr'>Anno</span> <span class='ocrx_word' id='word_1_346' title='bbox 404 4315 478 4378; x_wconf 83' lang='grc'>1487,</span> <span class='ocrx_word' id='word_1_347' title='bbox 502 4326 524 4378; x_wconf 86' lang='lat'>5.</span> <span class='ocrx_word' id='word_1_348' title='bbox 553 4315 703 4363; x_wconf 89' lang='lat' dir='ltr'>decembris.</span> <span class='ocrx_word' id='word_1_349' title='bbox 725 4317 822 4367; x_wconf 88' lang='lat' dir='ltr'>Budae.</span> <span class='ocrx_word' id='word_1_350' title='bbox 848 4317 875 4364; x_wconf 84' lang='lat' dir='ltr'>A</span> <span class='ocrx_word' id='word_1_351' title='bbox 902 4318 969 4380; x_wconf 87' lang='lat' dir='ltr'>regis</span> <span class='ocrx_word' id='word_1_352' title='bbox 992 4318 1090 4381; x_wconf 89' lang='lat' dir='ltr'>jndicio</span> <span class='ocrx_word' id='word_1_353' title='bbox 1118 4335 1202 4380; x_wconf 88' lang='lat' dir='ltr'>causa,</span> <span class='ocrx_word' id='word_1_354' title='bbox 1230 4335 1297 4385; x_wconf 87' lang='lat' dir='ltr'>qnae</span> <span class='ocrx_word' id='word_1_355' title='bbox 1321 4321 1354 4370; x_wconf 90' lang='lat' dir='ltr'>de</span> 
     </span>
     <span class='ocr_line' id='line_1_46' title="bbox 305 4389 1353 4469; baseline 0.01 -20"><span class='ocrx_word' id='word_1_356' title='bbox 305 4403 451 4459; x_wconf 89' lang='lat' dir='ltr'>Petroviua,</span> <span class='ocrx_word' id='word_1_357' title='bbox 471 4389 632 4466; x_wconf 68' lang='lat' dir='ltr'>Siljakorina</span> <span class='ocrx_word' id='word_1_358' title='bbox 650 4411 676 4452; x_wconf 88' lang='lat' dir='ltr'>et</span> <span class='ocrx_word' id='word_1_359' title='bbox 695 4406 796 4452; x_wconf 70' lang='lat' dir='ltr'>Hraide</span> <span class='ocrx_word' id='word_1_360' title='bbox 815 4406 1022 4469; x_wconf 86' lang='lat' dir='ltr'>possessionibus</span> <span class='ocrx_word' id='word_1_361' title='bbox 1049 4408 1116 4456; x_wconf 90' lang='lat' dir='ltr'>inter</span> <span class='ocrx_word' id='word_1_362' title='bbox 1144 4410 1353 4460; x_wconf 83' lang='lat' dir='ltr'>communitatem</span> 
     </span>
     <span class='ocr_line' id='line_1_47' title="bbox 303 4490 1355 4558; baseline 0.009 -20"><span class='ocrx_word' id='word_1_363' title='bbox 303 4490 414 4538; x_wconf 86' lang='lat' dir='ltr'>civitatis</span> <span class='ocrx_word' id='word_1_364' title='bbox 435 4491 529 4538; x_wconf 90' lang='lat' dir='ltr'>montis</span> <span class='ocrx_word' id='word_1_365' title='bbox 549 4491 687 4539; x_wconf 88' lang='lat' dir='ltr'>Grecensis</span> <span class='ocrx_word' id='word_1_366' title='bbox 706 4500 732 4540; x_wconf 91' lang='lat' dir='ltr'>et</span> <span class='ocrx_word' id='word_1_367' title='bbox 750 4493 900 4555; x_wconf 88' lang='lat' dir='ltr'>Heningum</span> <span class='ocrx_word' id='word_1_368' title='bbox 919 4494 951 4541; x_wconf 92' lang='lat' dir='ltr'>de</span> <span class='ocrx_word' id='word_1_369' title='bbox 971 4494 1052 4543; x_wconf 88' lang='lat' dir='ltr'>Sused</span> <span class='ocrx_word' id='word_1_370' title='bbox 1071 4496 1163 4558; x_wconf 87' lang='lat' dir='ltr'>agitur,</span> <span class='ocrx_word' id='word_1_371' title='bbox 1177 4498 1355 4547; x_wconf 87' lang='lat' dir='ltr'>communitati</span> 
     </span>
     <span class='ocr_line' id='line_1_48' title="bbox 283 4577 1461 4650; baseline 0 -24"><span class='ocrx_word' id='word_1_372' title='bbox 283 4577 413 4627; x_wconf 74' lang='lat' dir='ltr'>civitatis</span> <span class='ocrx_word' id='word_1_373' title='bbox 433 4579 532 4626; x_wconf 67' lang='lat' dir='ltr'>Hraide</span> <span class='ocrx_word' id='word_1_374' title='bbox 550 4579 713 4643; x_wconf 88' lang='lat' dir='ltr'>adjudicatur</span> <span class='ocrx_word' id='word_1_375' title='bbox 720 4605 1351 4625; x_wconf 82' lang='lat'><strong>····································</strong></span> <span class='ocrx_word' id='word_1_376' title='bbox 1410 4598 1461 4650; x_wconf 80' lang='lat'>433</span> 
     </span>
     <span class='ocr_line' id='line_1_49' title="bbox 215 4664 1353 4739; baseline 0.011 -25"><span class='ocrx_word' id='word_1_377' title='bbox 215 4664 273 4728; x_wconf 82' lang='grc'>346,</span> <span class='ocrx_word' id='word_1_378' title='bbox 301 4669 377 4714; x_wconf 76' lang='lat' dir='ltr'>Anno</span> <span class='ocrx_word' id='word_1_379' title='bbox 399 4667 473 4729; x_wconf 91' lang='grc'>1487,</span> <span class='ocrx_word' id='word_1_380' title='bbox 497 4678 535 4718; x_wconf 88' lang='grc'>10,</span> <span class='ocrx_word' id='word_1_381' title='bbox 564 4667 715 4720; x_wconf 82' lang='lat' dir='ltr'>decembris.</span> <span class='ocrx_word' id='word_1_382' title='bbox 745 4669 842 4719; x_wconf 90' lang='lat' dir='ltr'>Budae.</span> <span class='ocrx_word' id='word_1_383' title='bbox 870 4670 1019 4734; x_wconf 84' lang='lat' dir='ltr'>Kraljerec,</span> <span class='ocrx_word' id='word_1_384' title='bbox 1047 4672 1130 4737; x_wconf 86' lang='lat' dir='ltr'>Cerje,</span> <span class='ocrx_word' id='word_1_385' title='bbox 1155 4673 1287 4739; x_wconf 80' lang='lat' dir='ltr'>Kobiljak</span> <span class='ocrx_word' id='word_1_386' title='bbox 1305 4680 1353 4726; x_wconf 87' lang='lat' dir='ltr'>etc.</span> 
     </span>
     <span class='ocr_line' id='line_1_50' title="bbox 302 4755 1429 4821; baseline 0.011 -19"><span class='ocrx_word' id='word_1_387' title='bbox 302 4755 486 4819; x_wconf 89' lang='lat' dir='ltr'>possessiones,</span> <span class='ocrx_word' id='word_1_388' title='bbox 505 4771 569 4819; x_wconf 89' lang='lat' dir='ltr'>quas</span> <span class='ocrx_word' id='word_1_389' title='bbox 588 4757 757 4806; x_wconf 86' lang='lat' dir='ltr'>communitas</span> <span class='ocrx_word' id='word_1_390' title='bbox 776 4758 888 4807; x_wconf 81' lang='lat' dir='ltr'>civitatis</span> <span class='ocrx_word' id='word_1_391' title='bbox 907 4760 1002 4808; x_wconf 90' lang='lat' dir='ltr'>montis</span> <span class='ocrx_word' id='word_1_392' title='bbox 1022 4759 1160 4810; x_wconf 88' lang='lat' dir='ltr'>Grecensis</span> <span class='ocrx_word' id='word_1_393' title='bbox 1173 4762 1206 4811; x_wconf 87' lang='lat' dir='ltr'>ad</span> <span class='ocrx_word' id='word_1_394' title='bbox 1225 4778 1253 4811; x_wconf 86' lang='lat' dir='ltr'>se</span> <span class='ocrx_word' id='word_1_395' title='bbox 1271 4763 1355 4821; x_wconf 81' lang='lat' dir='ltr'>vindi-</span> <span class='ocrx_word' id='word_1_396' title='bbox 1426 4799 1429 4802; x_wconf 61' lang='grc'><strong>«</strong></span> 
     </span>
    </p>
   </div>
   <div class='ocr_carea' id='block_1_4' title="bbox 303 4842 1460 4914">
    <p class='ocr_par' dir='ltr' id='par_1_4' title="bbox 303 4842 1460 4914">
     <span class='ocr_line' id='line_1_51' title="bbox 303 4842 1460 4914; baseline 0.009 -24"><span class='ocrx_word' id='word_1_397' title='bbox 303 4842 378 4899; x_wconf 87' lang='lat' dir='ltr'>cavit,</span> <span class='ocrx_word' id='word_1_398' title='bbox 398 4859 413 4890; x_wconf 90' lang='lat' dir='ltr'>a</span> <span class='ocrx_word' id='word_1_399' title='bbox 431 4844 499 4906; x_wconf 88' lang='lat' dir='ltr'>regis</span> <span class='ocrx_word' id='word_1_400' title='bbox 515 4842 614 4906; x_wconf 86' lang='lat' dir='ltr'>judicio</span> <span class='ocrx_word' id='word_1_401' title='bbox 634 4843 750 4910; x_wconf 89' lang='lat' dir='ltr'>capitulo</span> <span class='ocrx_word' id='word_1_402' title='bbox 769 4846 929 4910; x_wconf 87' lang='lat' dir='ltr'>zagrabieusi</span> <span class='ocrx_word' id='word_1_403' title='bbox 948 4846 1114 4897; x_wconf 89' lang='lat' dir='ltr'>addicuntur·</span> <span class='ocrx_word' id='word_1_404' title='bbox 1145 4877 1151 4888; x_wconf 87' lang='lat'>·</span> <span class='ocrx_word' id='word_1_405' title='bbox 1164 4876 1351 4892; x_wconf 83' lang='lat'><strong>···········</strong></span> <span class='ocrx_word' id='word_1_406' title='bbox 1409 4850 1460 4914; x_wconf 86' lang='grc'>448</span> 
     </span>
    </p>
   </div>
   <div class='ocr_carea' id='block_1_5' title="bbox 0 0 1660 5348">
    <p class='ocr_par' dir='ltr' id='par_1_5' title="bbox 0 0 1660 5348">
     <span class='ocr_line' id='line_1_52' title="bbox 0 0 1660 5348; baseline 0 0"><span class='ocrx_word' id='word_1_407' title='bbox 0 0 1660 5348; x_wconf 95' lang='lat' dir='ltr'> </span> 
     </span>
    </p>
   </div>
  </div>
 </body>
</html>
