3278 5348
181 448 222 524 84
615 443 687 500 Duc.
712 436 763 503 ot’.
791 474 825 485 -
854 441 909 499 An.
934 454 1022 518 1433.

181 669 318 719 moratos
341 661 370 719 in
402 674 527 718 causam
557 664 703 716 attractos
734 658 764 715 in
797 656 958 730 premissis
990 656 1201 730 peremptorie
1233 668 1437 729 responsuros,

181 767 399 839 racionemque
422 764 581 823 efficacem
604 762 781 821 reddituros
805 769 912 819 contra
929 766 1109 819 annotatum
1126 760 1304 834 capitulum
1320 759 1440 817 ecclesie

180 872 387 945 zagrabiensis
410 870 449 930 ad
473 878 598 929 octavas
622 868 692 926 festi
717 869 962 942 Epiphaniarum
986 867 1109 924 domini
1133 876 1206 924 tunc
1231 872 1380 925 venturas
1401 881 1443 923 re·

180 980 265 1051 giam
289 983 431 1037 evocaret
454 978 484 1035 in
508 976 708 1050 presenciam,
731 981 760 1031 et
792 979 861 1047 post
893 975 951 1031 hec
982 974 1078 1047 ipsius
1110 972 1305 1030 evocacionis
1338 972 1444 1029 seriem

181 1101 252 1142 cum
286 1085 463 1141 nominibus
494 1090 692 1140 evocatorum
724 1080 761 1138 ad
787 1080 911 1138 easdem
942 1086 1065 1138 octavas
1100 1079 1182 1136 dicto
1216 1078 1347 1136 domino
1380 1091 1446 1135 meo

182 1190 316 1248 fideliter
346 1189 564 1247 rescriberetis.
597 1191 623 1245 Α
656 1186 898 1259 quibusquidem
929 1186 1057 1255 octavis,
1082 1185 1157 1242 dum
1190 1200 1283 1242 causa
1307 1184 1446 1257 parcium

182 1297 353 1370 prescripta
366 1302 469 1368 partes
485 1296 564 1351 inter
575 1295 699 1353 easdem
712 1296 850 1353 seriebus
864 1294 1037 1349 litterarum
1051 1300 1226 1348 nostrarum
1240 1289 1448 1364 prorogatori·

181 1417 270 1459 arum
287 1417 325 1459 er
344 1402 561 1458 commissione
578 1402 770 1474 prelatorum
788 1406 817 1456 et
834 1401 985 1456 baronum
1004 1398 1090 1470 regni
1108 1394 1309 1465 ventillanda,
1329 1396 1368 1453 ad
1383 1410 1448 1469 pre·

182 1512 282 1565 sentes
297 1513 422 1565 octavas
440 1507 508 1564 sesti
525 1508 607 1564 beati
623 1508 731 1589 Jacobi
756 1505 890 1580 apostoli
906 1504 1105 1577 prorogative
1121 1503 1304 1572 devenisset,
1326 1502 1449 1560 tandem

183 1614 259 1687 ipsis
283 1614 400 1670 octavis
424 1612 493 1669 testi
519 1614 600 1670 beati
624 1614 733 1695 Jacobi
757 1612 892 1684 apostoli
917 1612 1109 1680 instantibus,
1134 1609 1287 1667 Ladamer
1303 1609 1343 1665 de
1371 1608 1450 1666 Ada-

183 1721 281 1777 nooch
307 1734 364 1792 pro
389 1719 471 1776 dicto
492 1721 629 1792 capitulo
647 1721 773 1776 ecclesie
788 1718 996 1790 zagrabiensis
1009 1732 1079 1773 cum
1097 1715 1319 1789 procuratoriis
1343 1716 1453 1773 litteris

182 1826 320 1883 eiusdem
345 1827 374 1883 in
399 1831 536 1883 nostram
561 1827 685 1882 veniens
701 1826 900 1898 presenciam,
917 1825 1036 1880 litteras
1053 1828 1169 1879 vestras
1185 1838 1281 1895 super
1301 1823 1451 1896 premissa

183 1933 367 1989 evocacione
398 1931 480 1987 dicto
511 1931 638 1988 domino
662 1947 732 1988 meo
755 1932 820 2003 regi
844 1929 1098 2002 rescripclonales
1122 1943 1228 1985 rursus
1253 1928 1452 2000 presentavit,

182 2040 214 2095 in
238 2038 350 2110 quibus
374 2053 429 2110 per
453 2037 634 2135 llichaelem
659 2037 697 2094 de
711 2037 852 2109 Kysgora
875 2036 1005 2107 regium,
1029 2041 1057 2091 et
1073 2035 1226 2115 Jacobum
1242 2034 1452 2106 presbiterum

184 2145 269 2202 chori
292 2144 419 2200 ecclesie
443 2152 544 2200 vestre
568 2143 704 2216 predicte
736 2141 975 2215 prebendarium
1009 2148 1156 2211 vestrum,
1187 2139 1339 2211 bomineS,
1379 2139 1453 2197 feria

185 2252 290 2322 quinta
316 2250 458 2322 proxima
485 2254 555 2323 post
590 2249 701 2307 festum
725 2249 945 2322 Concepcionis
976 2248 1105 2320 virginis
1135 2248 1280 2319 gloriose,
1311 2248 1453 2320 proxime

185 2356 366 2428 preteritum
397 2356 566 2428 prelibatos
599 2355 799 2429 Stephanum,
831 2354 933 2411 tilium
974 2354 1140 2423 Michaelis,
1164 2351 1362 2425 modernum,
1400 2353 1454 2410 lti-

185 2462 340 2527 chaelem,
365 2461 464 2517 tilium
497 2461 677 2532 Sebastiam,
703 2463 827 2519 Petrum
852 2462 1051 2533 ilungarum,
1083 2460 1275 2517 Anthonium
1304 2459 1454 2528 italicum,

186 2567 346 2637 Briccium,
371 2566 471 2623 tilium
497 2568 650 2625 Benedicti
675 2578 704 2625 et
730 2568 889 2625 Nicolaum
922 2568 998 2624 alias
1030 2564 1156 2641 judices,
1180 2566 1356 2624 Fabianum
1387 2566 1454 2623 lite·

186 2682 298 2737 ratum,
317 2674 442 2745 Fri-che,
467 2672 645 2743 Georgium,
671 2674 771 2730 filium
798 2674 949 2729 liraneisci
974 2683 1003 2729 et
1028 2672 1173 2741 blasium,
1197 2671 1300 2729 filium
1325 2670 1454 2744 Wythe·

186 2780 261 2850 aych
286 2794 321 2834 ac
344 2780 422 2835 alios
446 2781 607 2836 universos
631 2788 660 2836 et
684 2781 822 2851 singulos
839 2779 964 2853 juratos,
989 2780 1190 2850 consiliarios,
1207 2778 1299 2847 cives,
1316 2778 1454 2851 hospites

186 2894 215 2940 ct
238 2892 333 2941 totam
358 2886 610 2941 communitatem
629 2887 761 2943 civitatis
778 2886 890 2942 montis
907 2886 1091 2942 Grechensis
1108 2885 1146 2941 de
1162 2883 1249 2959 juxta
1266 2882 1453 2956 Zagrabiam

186 2992 215 3047 in
240 2990 347 3046 eadem
372 2991 494 3047 civitate
520 2993 632 3048 montis
656 2991 839 3048 Grechensis
867 2998 972 3049 contra
997 3000 1176 3049 annotatum
1207 2990 1383 3065 capitulum
1405 3005 1453 3047 ec·

186 3098 276 3153 clesie
300 3098 505 3167 zagrahiensis
522 3098 559 3153 ad
578 3098 673 3154 dietas
690 3104 814 3155 octavas
833 3098 899 3155 t‘esti
919 3099 1163 3172 lipiphaniarum
1189 3097 1309 3155 domini
1333 3098 1453 3170 regiam

186 3206 217 3259 in
243 3205 432 3274 presenciam
447 3204 597 3273 legittime
621 3213 764 3260 evocatos
782 3204 846 3260 sore
871 3205 1082 3277 comperimus
1107 3202 1276 3262 manifeste.
1296 3203 1345 3261 Ad
1363 3218 1453 3277 quas·

187 3308 312 3381 quidem
329 3317 452 3365 octavas
472 3309 538 3366 t'esti
556 3311 636 3367 beati
653 3311 761 3392 Jacobi
778 3312 911 3382 apostoli
930 3309 992 3382 (sic)
1012 3309 1123 3383 prefati
1140 3312 1170 3368 in
1188 3325 1313 3367 causam
1330 3310 1454 3368 attracti

188 3431 242 3488 per
264 3423 442 3472 annotatum
469 3426 700 3489 procuratorem
725 3416 798 3474 dicti
822 3418 949 3489 capituli
965 3419 993 3473 in
1014 3432 1145 3490 persona
1158 3416 1454 3489 eiusdemcongruis

187 3522 297 3578 diebus
321 3524 458 3594 ipsarum
483 3530 662 3579 octavarum
688 3540 791 3580 eoram
817 3525 905 3580 nobis
931 3525 1091 3597 expectati,
1116 3530 1254 3581 nostram
1274 3524 1306 3580 in
1330 3540 1457 3598 presen-

188 3629 265 3683 ciam
291 3643 348 3683 non
375 3638 522 3684 venerunt
547 3646 645 3701 neque.
670 3632 827 3689 miserunt.
853 3630 904 3686 sed
930 3630 1139 3687 mediantibus
1162 3630 1232 3687 aliis
1250 3630 1362 3688 litteris
1388 3645 1457 3687 nos·

188 3734 242 3789 tris
283 3732 451 3806 judiciariis
499 3735 608 3790 exinde
645 3736 791 3791 consectis
830 3738 859 3792 in
891 3735 1004 3809 judicio
1043 3736 1207 3808 aggravari
1245 3737 1457 3809 permitentes,

189 3839 348 3910 postulans
374 3838 511 3911 prelatus
547 3850 728 3911 procurator
760 3842 831 3898 dieti
855 3844 981 3915 capituli
1015 3842 1115 3899 eidem
1149 3859 1187 3899 ex
1216 3846 1304 3916 parte
1336 3842 1458 3915 predic·

190 3952 292 3999 torum
318 3946 346 3999 in
373 3959 495 4001 causam
521 3956 731 4007 attractorum.
757 3964 811 4019 per
840 3964 895 4004 nos
927 3950 956 4004 in
988 3950 1148 4021 premissis
1177 3947 1255 4023 juris
1286 3950 1458 4022 equitatem

189 4051 322 4120 elargiri.
349 4052 382 4106 lit
408 4054 479 4123 quia
504 4055 650 4125 prelibati
675 4056 703 4110 in
731 4070 854 4111 causam
880 4057 1000 4112 attracti
1024 4055 1061 4111 nd
1089 4056 1239 4128 premissa
1268 4056 1337 4113 vice
1370 4057 1459 4115 terci-

190 4157 253 4213 aria
278 4158 425 4214 evocandi
450 4157 517 4214 tore
542 4160 736 4219 videbantur.
762 4177 820 4234 pro
843 4177 879 4219 eo
902 4167 1037 4218 vestram
1062 4162 1236 4219 amiciciam
1260 4164 1459 4235 presentibus

190 4264 323 4335 petimus
348 4264 520 4336 diligenter,
545 4276 694 4337 truatenus
712 4276 849 4323 restrum
868 4269 995 4324 mittatis
1020 4270 1177 4326 hominem
1202 4282 1260 4342 pro
1280 4270 1460 4328 testimonio

189 4368 389 4439 iidedignum.
414 4387 476 4443 quo
510 4383 666 4444 presente:
703 4374 891 4442 talentinus,
925 4375 1007 4431 tilius
1038 4374 1195 4448 Stephani,
1227 4374 1279 4431 vel
1311 4374 1460 4434 Nicolaus

189 4482 240 4530 aut
265 4476 441 4533 Demetrius
465 4478 503 4534 de
527 4480 669 4536 Drenoua
700 4481 745 4536 sin
772 4480 934 4550 Illonisius,
966 4482 1049 4538 tilius
1074 4481 1206 4538 Emerlei
1225 4479 1264 4537 de
1285 4479 1460 4540 Adanouch

189 4597 242 4637 seu
268 4582 363 4637 Lucas
380 4584 444 4639 sive
462 4585 592 4641 lliclrael
610 4586 648 4642 de
666 4587 818 4657 Kysgara,
833 4602 910 4642 nere
928 4588 1080 4645 laodomer
1099 4587 1136 4644 de
1160 4587 1241 4644 dicta
1266 4586 1460 4647 Adanoouch

189 4688 258 4743 aliis
281 4687 468 4751 absentibus,
493 4691 586 4746 homo
604 4698 713 4760 vester,
728 4690 867 4764 prelatos
891 4693 920 4749 in
946 4708 1069 4749 causam
1090 4699 1235 4750 attractos
1248 4691 1279 4749 in
1295 4694 1460 4766 premissis

192 4796 400 4866 peremptorie
434 4811 654 4868 responsuros,
690 4798 907 4871 racionemque
939 4798 1098 4855 efticacem
1136 4797 1314 4857 reddituros
1349 4814 1387 4857 ac
1421 4800 1460 4859 de

190 4900 347 4971 sexaginta
371 4916 425 4958 sex
450 4918 624 4961 marcarum
649 4905 738 4961 nobis
770 4914 799 4962 et
832 4907 913 4978 parti
950 4905 1080 4961 adverse
1112 4904 1326 4963 satisfacturos
1353 4914 1463 4967 contra
