3278 5348
607 425 679 483 Doc.
705 437 775 500 132.
799 456 840 468 -
866 423 923 482 An
946 437 1035 501 1441.
1391 423 1450 494 185

290 645 338 709 (A
358 647 455 710 tergo).
489 640 634 700 Providis
670 645 701 700 et
735 640 967 716 circumspectis
1001 638 1105 717 jndici,
1140 639 1258 712 iuratis,
1282 640 1453 713 ceterisque

181 750 305 808 civibus
327 754 359 808 et
381 749 438 807 toti
458 748 673 806 communitati
695 752 801 806 nostre
824 748 958 806 civitatis
982 747 1097 805 montis
1131 744 1293 805 Grecensis
1329 746 1368 804 de
1397 745 1453 803 Za·

182 857 301 930 grabia,
326 854 474 914 fidelibus
496 854 610 912 nostris
632 855 751 912 sincere
773 852 904 912 dilectis.

289 971 424 1037 Originale
442 973 470 1022 in
488 971 584 1023 charta.
612 972 641 1021 A
668 978 741 1036 tergo
768 972 922 1038 impressum
940 978 980 1021 est
997 970 1120 1037 sigillum.
1145 974 1177 1021 In
1196 971 1310 1022 archivio
1329 971 1376 1022 lib.
1397 987 1450 1034 reg.

183 1063 229 1114 av.
251 1061 353 1126 agras

780 1181 857 1251 132.

290 1309 372 1359 Anno
394 1320 469 1372 1441,
492 1320 531 1360 11.
551 1308 619 1359 maii.
640 1307 788 1372 Zagrabiae.

189 1402 296 1460 Coram
318 1401 444 1475 capitulo
466 1400 583 1475 nagrab.
614 1399 758 1475 Georgius
773 1401 925 1477 presbyter
945 1420 1050 1475 agnem
1072 1401 1235 1476 quemdam,
1251 1402 1346 1475 quiin
1363 1400 1454 1457 Nouo

183 1492 256 1549 ur'lla
290 1492 363 1549 situs
396 1498 446 1560 est,
479 1507 517 1546 ex
559 1488 743 1548 Constantini
775 1491 899 1564 episcopi
931 1490 1087 1548 Rosnensis
1117 1497 1280 1548 testamento
1311 1489 1405 1546 altori
1431 1506 1453 1546 s.

389 1578 512 1636 Mariae
534 1577 735 1652 Magdalenae
757 1579 788 1635 in
810 1580 925 1637 ecclesio
946 1579 1110 1637 cathedrali
1129 1579 1248 1637 exhibet.

290 1705 354 1763 Nos
374 1704 548 1779 capitulum
571 1706 698 1764 ecclesie
721 1707 936 1778 zagrabiensis.
960 1707 1078 1764 Notum
1099 1706 1230 1764 facimus
1253 1711 1359 1763 tenore
1382 1720 1448 1779 pre·

184 1811 333 1881 sencium,
356 1811 471 1885 quibus
494 1811 620 1886 expedit
642 1813 802 1871 universis.
827 1812 918 1885 Quod
943 1813 1094 1871 discretus
1117 1814 1167 1871 vir
1190 1812 1335 1870 dominus
1357 1811 1453 1870 Geor·

185 1919 254 1991 gius
277 1918 432 1991 presbiter
454 1922 485 1975 et
506 1917 684 1992 predicator
707 1917 745 1975 de
768 1918 918 1991 Meglech.
943 1918 1073 1977 diocesis
1110 1924 1215 1977 nostre
1245 1918 1453 1992 zagrabiensis

186 2037 220 2081 ac
244 2024 393 2096 magister
423 2024 532 2082 altaris
555 2025 645 2082 beate
661 2025 756 2082 Marie
772 2024 956 2097 Magdalene
979 2025 1011 2083 in
1034 2025 1174 2100 predicta
1198 2026 1325 2083 ecclesia
1347 2029 1453 2082 nostra

186 2130 344 2188 existentis
360 2134 391 2188 et
406 2130 514 2200 habiti,
532 2146 588 2204 per
602 2130 822 2189 honorabilem
838 2132 941 2189 virum
959 2130 1121 2190 dominum
1138 2132 1264 2189 Petrum
1281 2131 1453 2205 plebanum

186 2236 314 2294 ecclesie
337 2237 434 2294 sancti
457 2236 606 2318 Johannis
629 2236 667 2295 de
691 2237 780 2295 Nova
804 2237 882 2295 villa
905 2245 1010 2296 nostra
1034 2239 1084 2296 hic
1107 2238 1258 2311 Zagrabie
1281 2238 1389 2296 habita
1413 2252 1449 2295 ac

188 2344 371 2402 canonicum
394 2343 523 2402 ecclesie
546 2344 876 2417 quinqueecclesiensis
907 2360 1025 2403 necnon
1048 2351 1244 2404 executorem
1276 2344 1452 2402 testamenti

186 2449 345 2524 quondam
379 2449 541 2508 reverendi
578 2450 610 2507 in
646 2449 770 2508 Christo
805 2451 903 2524 patris
948 2450 1066 2510 domini
1101 2450 1292 2509 Constantini
1313 2450 1451 2524 episcopi

185 2556 341 2615 rosnensis
362 2561 391 2615 et
417 2555 493 2614 dum
516 2557 645 2614 vixisset
666 2557 775 2614 vicarii
792 2557 823 2615 in
839 2557 1072 2631 pontificalibus
1087 2557 1215 2615 ecclesie
1238 2561 1342 2615 nostre
1356 2556 1451 2629 preli-

184 2661 255 2720 bate
277 2661 439 2734 generalis,
462 2677 533 2719 cum
559 2663 668 2720 ceteris
684 2663 1013 2722 suiscoexecutoribus
1028 2678 1086 2737 pro
1103 2663 1203 2720 salute
1226 2663 1328 2720 anime
1354 2663 1451 2737 ipsius

183 2766 342 2842 quondam
376 2767 495 2826 domini
518 2768 710 2827 Constantini
730 2769 869 2842 episcopi
887 2770 1041 2827 rosnensis
1075 2774 1214 2827 nostram
1247 2768 1452 2841 personaliter

183 2874 310 2932 veniens
331 2875 363 2932 in
385 2876 587 2949 presenciam,
611 2874 766 2933 consessus
790 2879 835 2932 est
858 2876 985 2934 oraculo
1010 2876 1080 2933 vive
1110 2875 1196 2933 vocis
1229 2891 1283 2932 sue
1317 2875 1348 2933 in
1370 2875 1452 2934 hunc

184 2980 330 3039 modum:
348 2981 506 3054 quomodo
521 2983 588 3055 ipse
604 2981 733 3039 domum
756 2997 810 3039 sen
833 2983 925 3041 civile
945 2997 1036 3040 suurn
1061 2983 1244 3056 empticium
1267 2983 1299 3039 in
1311 2981 1452 3057 predicta

182 3086 262 3145 villa
284 3092 391 3145 nostra
412 3102 494 3145 nova
518 3089 597 3145 inter
621 3086 754 3145 fundum
770 3103 824 3147 seu
847 3088 939 3147 civile
950 3089 1145 3147 honorabilis
1164 3089 1304 3162 magistri
1320 3087 1447 3161 Georgii

183 3192 222 3251 de
244 3193 373 3266 Roycha
393 3194 469 3252 socii
492 3199 522 3251 et
537 3194 734 3252 concanonici
748 3195 854 3264 nostri,
871 3210 909 3251 ex
924 3209 994 3267 una,
1015 3210 1050 3253 ac
1073 3195 1203 3254 domum
1226 3193 1450 3269 prebendalem

184 3314 278 3373 quam
302 3315 384 3357 nunc
406 3298 557 3358 discretus
588 3300 772 3357 Valentinus
809 3301 963 3374 presbiter
984 3301 1022 3359 de
1055 3302 1177 3373 Besene,
1211 3302 1299 3359 chori
1322 3301 1450 3360 ecclesie

183 3410 287 3463 nostre
310 3404 449 3480 predicte
472 3404 697 3479 prebendarius
722 3423 760 3463 ex
775 3412 881 3464 nostra
897 3407 1069 3465 collacione
1085 3406 1265 3482 possideret,
1289 3408 1329 3464 ab
1353 3408 1450 3465 altera

184 3512 334 3585 partibus,
359 3512 540 3570 existentem
564 3517 594 3569 et
628 3513 780 3583 habitum,
816 3530 886 3570 cum
918 3515 1063 3571 omnibus
1098 3515 1161 3571 suis
1196 3514 1391 3587 pertinenciis
1414 3530 1450 3572 ac

183 3617 313 3676 edificiis
336 3616 512 3687 domorum,
535 3633 654 3676 necnon
676 3624 746 3676 orto
769 3618 850 3677 infra
871 3636 970 3692 usque
993 3619 1125 3678 fluvium
1148 3619 1336 3693 Cirkwenyk
1358 3635 1448 3677 voca·

183 3730 251 3782 tum
282 3740 316 3781 se
350 3723 596 3798 protendentem,
633 3724 753 3799 prelato
789 3725 916 3783 domino
950 3727 1042 3784 Petro
1077 3728 1235 3785 executori
1274 3728 1450 3785 testamenti

184 3831 342 3904 prenotati
373 3836 404 3887 et
427 3846 485 3905 per
508 3846 698 3904 consequens
722 3831 760 3888 ad
785 3832 883 3889 altare
905 3848 995 3889 suurn
1018 3833 1108 3891 beate
1139 3834 1235 3891 Marie
1266 3833 1449 3906 Magdalcne

184 3940 392 4010 prenotatum,
415 3952 474 4012 pro
497 3937 608 4010 viginti
631 3937 754 3996 florenis
778 3937 974 4010 vendidisset,
999 3939 1169 4012 tradidiset‚
1193 3945 1223 3998 et
1255 3941 1449 4013 assignasset,

185 4058 266 4100 nunc
289 4048 324 4101 ut
346 4042 510 4117 prefertur,
534 4059 591 4117 per
621 4045 725 4118 ipsum
758 4045 920 4103 dominum
951 4044 1125 4118 Georgium
1159 4045 1387 4120 predicatorem
1419 4055 1448 4105 et

184 4153 310 4207 cunctos
343 4164 415 4207 suos
452 4165 644 4209 successores
680 4153 846 4224 magistros
883 4152 990 4210 altaris
1024 4153 1114 4211 beate
1148 4154 1244 4210 Marie
1266 4154 1449 4225 liagdalene

182 4254 339 4329 prelibati,
362 4263 514 4331 perpetuo
537 4263 567 4315 ct
590 4258 837 4316 irrevocabiliter
868 4259 1048 4331 tenendum,
1074 4258 1306 4333 possidendum,
1330 4260 1448 4333 pariter

183 4366 211 4419 st
236 4360 423 4420 habendum.
449 4362 569 4420 Harum
593 4371 769 4421 nostrarum
794 4364 891 4437 sigilli
914 4365 1011 4422 nostri
1034 4365 1223 4438 appensione
1257 4365 1448 4437 signatarum

184 4468 294 4540 vigore
317 4473 347 4525 et
369 4469 545 4527 testimonio
569 4470 743 4528 litterarum
769 4470 930 4529 mediante.
947 4471 1063 4528 Datum
1080 4469 1155 4528 feria
1173 4470 1280 4543 quinta
1304 4471 1446 4546 proxima

184 4579 255 4650 post
279 4572 392 4632 festum
416 4574 624 4648 apparicionis
648 4576 731 4634 beati
755 4577 913 4635 Michaelis
929 4577 1115 4650 archangeli.
1132 4578 1222 4634 Anno
1238 4575 1356 4635 domini
1378 4576 1448 4633 mil·

182 4681 293 4739 lesimo
316 4679 622 4754 quadringentesimo
645 4682 884 4755 quadragesimo
907 4684 1018 4758 primo.

289 4797 423 4864 Originule
441 4799 468 4847 in
486 4800 641 4850 membrana.
661 4800 782 4864 Sigillum
801 4802 881 4854 deest.
901 4803 971 4851 Zona
989 4802 1086 4851 sericea
1104 4802 1174 4850 rubri
1193 4808 1218 4850 et
1233 4801 1340 4851 violacei
1353 4800 1447 4852 coloris

183 4889 287 4958 pendet.
305 4890 338 4939 In
355 4887 425 4940 uch.
445 4902 503 4940 ven.
523 4889 599 4954 capit
618 4891 719 4955 zagrnb.
738 4892 800 4943 Act.
819 4907 875 4957 cap.
894 4898 947 4941 ant.
966 4891 1027 4941 fasc.
1048 4890 1090 4944 76.
1111 4908 1148 4944 nr.
1171 4902 1210 4957 17.
