3278 5348
619 397 693 456 Doc.
712 396 789 474 34⁶·
815 430 852 440 -
879 399 937 455 An.
962 393 1052 475 1487.
1393 412 1454 475 455

186 622 218 673 et
241 614 421 673 Farcasium
445 619 534 688 parte
566 613 607 671 ab
635 612 734 671 altera
765 627 870 671 coram
894 614 958 671 iam
988 610 1071 671 dicto
1094 602 1457 686 zagrabiensis'ecclesie

187 721 326 795 capitulo
357 719 567 778 mediantibus
597 718 737 777 eiusdem
770 719 882 778 litteris
917 718 1007 791 facta,
1040 719 1128 777 nulla
1158 719 1296 777 eiusdem
1328 720 1457 794 capituli

187 829 334 885 obviante
357 826 599 884 contradictione
623 840 806 883 consensum
830 827 991 900 prebuisse
1007 833 1037 884 et
1052 841 1221 896 assensum,
1237 827 1341 900 ipsum
1357 826 1455 885 eciam

189 933 362 1008 capitulum
385 932 485 990 veluti
507 932 553 990 rei
575 946 721 989 consense
745 937 775 988 et
797 930 941 1004 admisse,
958 941 1086 1006 propter
1103 948 1197 1005 quam
1214 932 1456 991 taciturnitatem

188 1046 218 1099 et
231 1040 382 1113 temporis
394 1038 630 1097 diuturnitatem
643 1037 760 1096 eisdem
776 1039 953 1113 hospitibus
968 1040 1053 1097 iuxta
1070 1039 1308 1113 prescriptionis
1320 1038 1456 1097 sormam

186 1151 377 1221 perpetuate‚
401 1145 616 1203 suscitatorem
639 1145 670 1203 in
695 1144 776 1202 facto
799 1145 978 1219 calumpnie
1002 1146 1118 1219 pariter
1134 1160 1205 1203 cum
1220 1144 1368 1218 predictis
1385 1161 1455 1219 pre-

186 1253 251 1311 lato
274 1267 310 1309 ac
334 1252 504 1310 baronibus
521 1257 551 1309 et
566 1251 654 1323 regni
671 1251 831 1309 nobilibus
843 1252 1049 1310 commisisset
1068 1251 1135 1309 iore
1151 1251 1328 1309 convictum
1347 1255 1455 1337 contra

186 1360 324 1433 hospites
355 1358 393 1416 de
424 1357 521 1417 Grecz
554 1363 740 1430 prenotatos.
773 1357 878 1415 Altera
911 1363 1015 1415 autem
1047 1358 1195 1432 ipsarum,
1220 1356 1366 1416 videlicet
1388 1357 1453 1417 iam

187 1466 261 1524 dicti
276 1465 406 1538 capituli
422 1465 549 1522 ecclesie
571 1464 788 1536 zagrabiensis,
811 1464 915 1522 littera
938 1464 1082 1522 similiter
1104 1463 1320 1538 privilegialis,
1344 1463 1450 1536 sigillo

187 1572 326 1630 eiusdem
349 1572 381 1629 in
406 1570 549 1644 pendenti
574 1571 764 1628 communita
782 1585 862 1628 anno
882 1569 1000 1627 domini
1017 1569 1188 1628 millesimo
1204 1569 1415 1628 ducentesimo
1431 1560 1454 1648 ¹)

188 1653 388 1751 nonagesimo
405 1676 540 1734 secundo
557 1682 673 1748 exorta,
697 1677 776 1735 inter
798 1682 914 1734 ceteras
930 1675 1151 1749 disposiciones
1168 1691 1203 1733 ac
1219 1675 1281 1733 alia
1296 1676 1329 1733 in
1344 1674 1453 1733 eadem

187 1789 330 1842 contenta
354 1790 383 1841 et
407 1788 548 1843 enarrata
570 1784 697 1856 negocia
721 1799 777 1857 per
802 1782 956 1856 predictos
979 1782 1071 1853 cives,
1102 1780 1245 1857 judicem,
1274 1779 1391 1858 juratos
1422 1787 1453 1840 et

188 1891 349 1949 universos
372 1890 456 1949 cives
478 1889 613 1948 civitatis
635 1891 751 1948 montis
774 1889 935 1947 Grecensis
952 1887 1090 1962 predicte
1108 1904 1144 1947 ac
1156 1890 1259 1962 ipsum
1277 1888 1453 1965 capitulum

187 2013 244 2072 per
269 1998 424 2066 clausulas
447 2004 476 2054 et
498 1996 647 2055 articulos
670 1997 702 2054 in
733 1996 892 2055 tenoribus
921 1994 1058 2053 eiusdem
1091 1995 1281 2069 conscriptos
1311 1996 1390 2053 inter
1419 2010 1452 2052 se

187 2111 296 2161 mutuo
320 2104 416 2161 factas
440 2109 470 2161 et
493 2102 684 2176 specificatas
715 2104 793 2161 hanc
825 2102 999 2159 clausulam
1030 2101 1221 2160 continebat:
1253 2107 1361 2175 utpote
1392 2103 1452 2166 hoc

186 2209 344 2268 declarato
375 2215 405 2267 et
432 2225 493 2267 non
524 2210 733 2284 pretermisso,
765 2207 848 2282 quod
872 2222 928 2266 nos
951 2207 1069 2266 scilicet
1092 2208 1266 2280 capitulum
1289 2208 1322 2266 in
1344 2212 1450 2266 nostro

187 2316 303 2376 tributo
327 2333 380 2374 seu
404 2317 567 2375 tributaria
591 2316 750 2375 exactione
774 2315 867 2373 modo
891 2314 1089 2387 infrascripto
1106 2330 1177 2372 cum
1193 2313 1311 2373 eisdem
1327 2315 1449 2373 civibus

186 2423 363 2482 huiusmodi
395 2423 656 2496 composicionem
687 2427 717 2480 et
746 2421 976 2481 ordinacionem
1000 2422 1147 2480 duximus
1170 2422 1352 2493 faciendam,
1375 2427 1451 2481 uta

184 2527 403 2604 jobagionibus
427 2544 479 2586 seu
504 2529 630 2602 populis
655 2529 795 2603 ipsorum
819 2530 936 2587 civium
960 2530 992 2587 in
1015 2528 1220 2603 infrascriptis
1245 2528 1339 2601 villis,
1365 2528 1449 2588 vide-

184 2636 270 2694 licet:
293 2635 434 2707 Dedych,
458 2635 611 2706 Grachan‚
635 2634 808 2710 Kralowcz‚
833 2636 987 2709 Kobylye,
1021 2634 1180 2708 Zwyblye,
1212 2635 1321 2707 Narth,
1351 2635 1450 2694 Nowa

185 2757 260 2814 wez,
284 2742 466 2814 Paobresye‚
489 2740 729 2812 Chernomerch,
760 2743 916 2814 Hrasthya
940 2747 970 2799 et
993 2741 1177 2814 Petrowyna
1212 2742 1338 2813 vocatis,
1368 2757 1450 2801 nunc

184 2848 391 2906 residentibus
410 2853 441 2905 et
463 2849 495 2905 in
518 2847 658 2905 futurum
687 2847 890 2907 residenciam
926 2847 1118 2916 facientibus,
1140 2847 1264 2906 nullum
1294 2849 1449 2907 tributum

185 2971 240 3012 nec
263 2955 402 3028 aliquam
426 2954 622 3011 tributariam
646 2954 842 3012 exaccionem
858 2971 915 3028 per
938 2961 1059 3012 nostros
1074 2954 1264 3026 tributarios,
1280 2971 1361 3013 nunc
1377 2971 1449 3018 con-

183 3062 305 3119 stitutos
328 3061 411 3118 etin
435 3060 575 3117 futurum
610 3060 847 3134 constituendos,
871 3062 953 3135 exigi
983 3060 1132 3119 faciemus
1163 3077 1220 3120 nec
1250 3062 1348 3137 recipi
1378 3080 1448 3138 per-

185 3169 350 3226 mittemus.
381 3167 503 3239 Quibus
533 3166 678 3224 exhibitis
710 3172 739 3224 et
762 3168 954 3240 presentans,
986 3166 1070 3225 idem
1094 3168 1242 3241 magister
1265 3168 1447 3229 Benedictus

184 3274 222 3332 de
246 3275 380 3344 Borswa,
396 3279 580 3347 procurator
603 3272 729 3330 antefati
752 3273 873 3333 domini
895 3276 992 3332 nostri
1007 3275 1098 3347 regis,
1114 3275 1146 3333 in
1162 3289 1293 3348 persona
1309 3275 1448 3335 eiusdem

185 3383 374 3455 prescriptas
397 3380 516 3438 litteras
540 3386 569 3436 et
594 3380 740 3437 litteralia
764 3380 966 3438 instrumenta
989 3397 1046 3455 per
1069 3382 1259 3455 prelibatum
1275 3382 1447 3456 capitulum

184 3487 311 3544 ecclesie
341 3486 548 3559 zagrabiensis
580 3486 675 3543 modo
709 3487 861 3560 premisso
888 3488 1049 3545 exhiberet
1079 3493 1254 3562 assumptas
1284 3504 1341 3562 per
1363 3488 1448 3547 idem

183 3594 355 3667 capitulum
379 3592 519 3650 exhiberi
543 3593 714 3666 postulavit
737 3608 843 3651 coram
866 3594 964 3652 nobis.
988 3593 1058 3667 Quo
1082 3594 1188 3652 audito
1219 3593 1358 3669 prefatus
1386 3596 1448 3654 Va·

183 3701 317 3758 lentinus
342 3698 431 3771 Palsy
455 3698 493 3756 de
516 3699 598 3757 dicta
621 3699 828 3772 Zenthmyhal
851 3716 909 3774 pro
933 3699 1042 3758 eodem
1073 3701 1213 3774 capitulo
1242 3703 1370 3760 ecclesie
1399 3718 1448 3761 za·

182 3806 354 3878 grabiensis
387 3807 417 3862 in
445 3821 568 3863 causam
601 3815 731 3863 attracto
763 3823 834 3864 cum
866 3807 1089 3880 procuratoriis
1118 3808 1230 3866 litteris
1253 3809 1394 3868 eiusdem
1415 3809 1448 3869 in

182 3918 320 3971 nostram
345 3927 497 3984 exurgens
518 3913 711 3985 presenciam
736 3919 765 3971 et
783 3928 839 3987 pro
863 3915 1044 3988 prescriptis
1067 3930 1124 3987 per
1146 3916 1249 3990 ipsum
1274 3915 1448 3990 capitulum

183 4019 329 4076 exhibere
353 4019 521 4092 assumptis
537 4019 648 4089 litteris
664 4026 691 4076 et
710 4021 899 4078 litteralibus
915 4021 1126 4078 instrumentis
1142 4022 1293 4095 quasdam
1310 4023 1448 4096 quinque

182 4126 309 4196 litteras,
331 4141 424 4183 unam
449 4127 578 4198 pretacti
602 4127 731 4200 capituli
752 4127 880 4185 ecclesie
903 4128 1091 4185 chasmensis
1114 4127 1321 4200 fassionalem‚
1351 4130 1448 4188 aliam

182 4233 325 4290 similiter
348 4231 487 4290 eiusdem
511 4233 640 4305 capituli
663 4233 790 4291 ecclesie
813 4235 1001 4291 chasmensis
1025 4235 1135 4293 exinde
1158 4236 1363 4308 statutoriam,
1387 4241 1447 4294 ter·

182 4339 260 4396 ciam
287 4353 422 4412 namque
445 4340 631 4397 serenissimi
655 4340 806 4413 principis
830 4340 945 4398 domini
978 4339 1168 4413 Sigismundi
1196 4343 1395 4417 imperatoris
1417 4349 1447 4402 et

182 4446 263 4517 regis
284 4445 451 4518 superinde
474 4445 800 4518 confirmacionialem,
825 4454 969 4520 quartam
986 4462 1061 4505 vero
1084 4449 1161 4506 olim
1183 4449 1300 4508 domini
1324 4449 1447 4509 Alberti

183 4553 265 4623 regis
296 4552 538 4623 donationalem,
570 4553 710 4625 quintam
746 4569 859 4626 nempe
890 4559 920 4611 et
944 4554 1088 4612 ultimam
1113 4555 1227 4628 prefati
1250 4556 1379 4629 capituli
1399 4572 1447 4615 ec·

182 4658 275 4715 clesie
296 4659 483 4716 chasmensis
507 4658 617 4716 exinde
640 4661 836 4717 statutoriam
861 4661 891 4718 in
916 4661 1002 4718 annis
1026 4668 1055 4719 et
1079 4663 1218 4721 terminis
1240 4661 1321 4720 infra
1345 4663 1445 4722 decla·

231 4946 235 4953 ι
291 4879 312 4946 ¹)
332 4883 447 4930 Errouee
466 4898 512 4947 pro
532 4884 753 4936 »tercentesimo«.
779 4885 861 4934 Vide:
882 4885 941 4936 Vol.
961 4887 983 4936 1.
1003 4887 1067 4939 Doc.
1089 4888 1147 4952 362.
