3256 5346
264 425 328 486 49⁰
683 404 756 462 Doc.
773 399 852 481 369.
878 437 916 446 -
941 404 1113 481 An.1493.

263 645 447 707 nostrarum,
472 639 586 712 quibus
618 642 771 695 secretum
805 636 945 710 sigillum
968 643 1120 708 nostrum,
1147 653 1210 712 quo
1234 644 1269 697 ut
1292 656 1349 698 rex
1373 640 1536 714 Hungan'e

263 747 388 816 utimur,
413 752 459 803 est
474 760 655 819 appensum,
673 745 780 817 vigore
795 751 825 802 et
841 744 1018 802 testimonio
1033 743 1209 803 litterarum
1227 745 1391 805 mediante.
1419 748 1537 806 Datum

264 869 320 926 per
334 867 442 910 manus
457 850 620 910 reverendi
636 851 668 909 in
690 850 814 908 Christo
837 849 934 923 patris
950 849 1069 909 domiui
1084 850 1204 909 Thome
1231 852 1372 926 episcopi
1406 855 1539 913 ecclesie

262 957 424 1035 jauriensis
445 973 481 1015 ac
504 958 594 1015 electi
615 958 772 1030 agriensis,
796 957 910 1014 summi
933 962 963 1013 et
986 958 1143 1015 secretarii
1165 958 1345 1017 cancellarii
1378 964 1409 1017 et
1435 959 1539 1018 fidelis

261 1065 360 1125 nostri
381 1064 495 1122 dilecti.
512 1063 596 1120 Bude
622 1064 772 1135 vigesima
794 1063 927 1137 septima
947 1063 997 1121 die
1018 1061 1158 1138 januarii.
1181 1065 1273 1122 Anno
1297 1042 1540 1124 domini'mille·

264 1171 344 1227 simo
372 1169 676 1243 quadringentesimo
692 1169 892 1242 nonagesimo
915 1171 1018 1229 tercio.
1041 1170 1219 1243 Regnorum
1242 1177 1426 1231 nostrorum
1450 1173 1536 1231 Hun-

264 1276 351 1348 garie
374 1281 429 1333 etc.
453 1290 533 1332 anno
550 1276 652 1345 terci0,
669 1274 815 1332 Bohemie
840 1291 915 1333 vero
937 1276 1090 1348 vigesimo
1113 1276 1256 1334 secundo.

369 1430 502 1492 Originale
529 1431 556 1478 iu
581 1431 734 1478 membrana.
765 1432 791 1478 A
819 1446 883 1479 zona
902 1431 997 1479 sericea
1020 1431 1073 1479 albi
1092 1439 1117 1480 et
1143 1430 1251 1480 violacei
1271 1432 1368 1481 coloris
1398 1434 1527 1497 appendet

262 1518 387 1582 sigillum.
408 1520 440 1567 ln
459 1519 554 1570 archiv.
574 1519 620 1569 lib.
640 1535 692 1581 reg.
712 1520 781 1570 civit.
806 1519 988 1582 aagrablensis.

860 1751 948 1816 369.

366 1856 447 1903 Anno
469 1867 544 1917 1493,
564 1855 587 1906 6.
606 1855 723 1919 januarii.
748 1855 846 1906 Budae.

268 1945 473 2021 Commuru'tate
495 1965 620 2021 civitatis
649 1972 769 2038 rogante
809 1964 987 2034 Vladislaus,
1009 1967 1186 2039 Hungart'ae
1208 1973 1256 2025 etc.
1292 1983 1358 2035 rex,
1381 1966 1525 2023 libertates

518 2090 536 2126 a
559 2070 746 2128 decessoribus
767 2073 965 2130 communitati
983 2073 1077 2144 datas,
1101 2071 1269 2145 comprobat.

968 2218 1122 2269 commissio
1141 2220 1244 2284 propria
1263 2219 1363 2268 domini
1383 2220 1460 2283 regis.

366 2351 557 2411 Wladislaus
588 2352 637 2411 dei
672 2352 775 2425 gracia
798 2367 853 2409 rex
877 2351 1036 2423 Hungarie
1059 2356 1088 2407 et
1113 2349 1258 2407 Bohemie
1282 2354 1340 2407 etc.
1365 2349 1524 2407 Fidelibus

263 2458 378 2515 nostris
413 2460 565 2517 universis
597 2465 626 2517 et
650 2459 778 2531 singulis
812 2457 972 2515 nobilibus
1005 2461 1035 2514 et
1057 2456 1185 2514 alterius
1215 2455 1351 2514 cuiusvis
1382 2461 1480 2512 status
1502 2458 1530 2512 et

260 2563 447 2623 condicionis
471 2565 658 2636 hominibus,
681 2564 786 2621 ubivis
809 2579 865 2636 per
888 2578 982 2636 regua
1000 2568 1105 2620 nostra
1128 2561 1295 2634 Hungarie,
1318 2559 1529 2618 Sclauonieet

261 2668 388 2727 Croacie
412 2671 527 2728 tributa
551 2671 745 2738 habentibus,
769 2669 943 2727 tenentibus
975 2684 1029 2727 seu
1052 2667 1245 2739 exigentibus
1268 2672 1427 2740 presentes
1450 2667 1529 2723 visu·

258 2777 310 2846 rie,
326 2777 459 2834 salutem
480 2784 510 2834 et
532 2778 679 2850 graciam.
704 2776 784 2833 Cum
807 2775 916 2833 fideles
946 2775 1044 2832 nostri
1068 2773 1233 2848 prudentes
1257 2780 1288 2830 et
1312 2772 1527 2846 circumspecti

258 2880 361 2958 judex,
384 2880 485 2957 jurati,
510 2884 664 2955 ceterique
688 2882 771 2940 cives
793 2889 823 2939 et
839 2879 939 2939 incole
954 2880 1087 2938 civitatis
1099 2889 1202 2937 nostre
1227 2879 1342 2936 montis
1366 2877 1527 2937 Grecensis

258 2988 385 3061 antiqua
409 2989 563 3047 libertatis
588 2990 729 3062 ipsorum
765 2988 963 3061 prerogativa
993 2986 1169 3059 requirente
1192 2985 1233 3042 ab
1256 2964 1343 3041 omni
1367 2984 1528 3042 tributaria

256 3095 413 3152 solucione
436 3095 570 3152 ubilibet
586 3111 642 3168 per
665 3094 820 3151 ambitum
847 3092 1002 3151 dictorum
1032 3106 1199 3164 regnorum
1223 3095 1404 3148 nostrorum
1428 3105 1527 3148 exem·

258 3201 304 3275 pti
338 3202 399 3258 sint
433 3207 461 3258 et
496 3201 670 3274 supportati
715 3199 895 3270 habeantur,
930 3198 1125 3271 velimusque
1160 3195 1285 3253 eosdem
1320 3201 1351 3253 et
1386 3197 1526 3269 ipsorum

257 3308 430 3381 quemlibet
465 3308 580 3381 ubique
603 3322 659 3380 per
693 3307 760 3380 ipsa
794 3321 888 3378 regna
909 3311 1023 3376 nostra,
1054 3309 1219 3377 partesque
1241 3301 1358 3360 eisdem
1393 3308 1424 3360 et
1446 3317 1528 3359 sacre

258 3428 370 3471 corone
404 3414 566 3483 subiectas,
603 3428 696 3486 penes
734 3412 912 3470 huiusmodi
946 3413 1086 3485 ipsorum
1121 3410 1281 3467 libertates
1304 3409 1433 3466 omnino
1448 3413 1528 3466 tutos

259 3535 325 3577 esse
349 3521 528 3593 liberosque
549 3526 578 3576 et
601 3534 733 3590 securos,
757 3518 901 3577 fidelitati
924 3518 1019 3591 igitur
1042 3522 1142 3575 vestre
1183 3520 1213 3573 et
1237 3514 1366 3574 cuilibet
1390 3523 1529 3573 vestrum

258 3628 369 3683 harum
400 3626 477 3682 serie
508 3625 641 3683 firmiter
669 3624 875 3698 precipientes
906 3622 1099 3694 mandamus,
1122 3627 1273 3695 quatenus
1307 3620 1423 3678 amodo
1462 3636 1529 3694 pre·

257 3731 336 3789 latos
359 3730 503 3806 judicem,
528 3733 619 3801 cives,
643 3731 759 3788 incolas
783 3738 812 3787 et
838 3735 1023 3787 mercatores
1046 3728 1127 3787 dicte
1149 3727 1283 3786 civitatis
1312 3732 1419 3785 nostre
1444 3741 1529 3785 mon·

257 3839 295 3896 tis
326 3838 488 3895 Grecensis
519 3837 557 3892 ad
592 3837 783 3894 solucionem
816 3835 1027 3910 predictorum
1052 3835 1240 3892 tributorum
1264 3846 1317 3889 seu
1340 3832 1529 3890 teloniorum

256 3951 432 4001 vestrorum
456 3949 561 4000 contra
585 3943 719 4000 formam
747 3938 904 4016 premisse
928 3943 1068 4015 ipsorum
1091 3941 1243 3999 libertatis
1266 3945 1296 3998 et
1319 3940 1530 4014 exempcionls

256 4056 357 4107 artare
382 4057 411 4107 et
443 4051 640 4122 compellere,
664 4056 716 4105 aut
740 4064 791 4105 eos
816 4050 866 4105 vel
890 4050 1030 4121 ipsorum
1054 4047 1187 4105 alterum
1211 4052 1378 4120 propterea
1401 4046 1435 4103 in
1456 4062 1527 4120 per·

256 4157 346 4226 sonis,
372 4158 526 4228 rebusque
549 4165 601 4213 aut
625 4157 788 4228 quibusvis
805 4155 893 4212 bonis
917 4154 1099 4212 eorumdem
1124 4151 1285 4226 impedire,
1310 4152 1441 4210 turbare
1478 4153 1528 4210 vel

256 4261 477 4334 quoquomodo
502 4260 724 4333 dampnificare
739 4275 894 4334 nusquam
917 4267 948 4317 et
960 4273 1157 4332 nequaquam
1175 4259 1361 4331 presumatis
1386 4274 1443 4316 nec
1459 4259 1525 4317 sitis

256 4350 322 4424 au'si
357 4367 451 4424 modo
474 4368 612 4439 aliquali.
635 4366 790 4438 Quoniam
813 4367 953 4439 alioquin
983 4365 1197 4423 commisimus
1227 4363 1375 4422 fidelibus
1413 4367 1528 4423 nostris

258 4474 345 4530 banis
370 4474 420 4529 vel
444 4473 601 4530 vicebanis
625 4473 793 4530 eorundem
825 4488 992 4544 regnorum
1016 4480 1192 4530 nostrorum
1216 4469 1380 4528 Sclauonie
1398 4479 1429 4529 et
1451 4470 1527 4529 Cro·

255 4579 329 4647 acie,
353 4580 525 4650 ceterisque
561 4580 728 4637 comitibus
764 4580 815 4636 vel
851 4579 1087 4636 vicecomitibus
1122 4586 1151 4636 et
1184 4575 1341 4654 J'udicibus
1369 4578 1527 4636 nobilium

256 4701 527 4758 quorumcumque
559 4688 761 4745 comitatuum
793 4687 975 4744 eorumdem
999 4692 1029 4744 et
1051 4686 1184 4759 predicti
1206 4684 1294 4757 regni
1316 4685 1418 4742 nostri
1442 4685 1527 4742 Hun-

255 4791 348 4863 garie‚
372 4793 574 4864 parciumque
605 4794 665 4851 sibi
696 4794 914 4865 subiectarum,
937 4795 968 4851 in
991 4794 1105 4866 quibus
1128 4793 1245 4850 scilicet
1269 4791 1361 4848 huius
1385 4792 1526 4851 mandati

255 4897 353 4953 nostri
376 4913 432 4969 per
456 4900 637 4972 quempiam
661 4915 698 4956 ex
722 4901 812 4957 vobis
836 4900 1025 4957 contrarium
1049 4904 1249 4957 attentaretur
1274 4902 1304 4954 et
1329 4897 1526 4970 presentibus
