3278 5348
187 663 286 723 copus
309 647 451 723 prelatus
473 645 664 706 attendentes
694 646 960 722 supplicacionem
983 646 1163 706 huiusmodi
1194 646 1261 707 fore
1284 649 1398 708 iustarn
1420 662 1457 710 ac

188 755 280 814 bonis
302 760 334 813 et
356 752 600 813 racionabilibus
616 755 769 813 munitam
792 752 1011 825 fundamentis,
1035 755 1200 829 persertim
1222 755 1404 815 condicione
1425 763 1457 816 et

187 860 339 936 qualitate
360 860 502 920 moderni
518 861 670 934 temporis
685 858 835 935 implente
852 860 956 918 animo
972 858 1145 918 deliberato
1168 861 1456 936 supplicacionibus

184 964 373 1027 huiusmodi·
397 974 563 1042 paternum
592 966 758 1042 prebentes
787 965 938 1036 auditum,
961 967 1125 1025 annuimus
1161 973 1192 1025 et
1220 967 1360 1041 graciose
1382 982 1455 1027 con·

186 1072 326 1132 cedimus
348 1086 406 1147 per
435 1080 603 1149 presentes,
626 1082 779 1147 quatenus
801 1072 896 1132 iidem
928 1071 1039 1132 fratres
1061 1075 1159 1132 nostri
1182 1071 1221 1131 de
1242 1087 1313 1132 area
1336 1075 1455 1148 capitu·

185 1178 247 1236 lari
278 1185 308 1237 et
338 1176 377 1236 de
408 1179 546 1254 propriis
576 1179 670 1239 curiis
699 1179 840 1253 ipsorum
872 1157 1021 1253 predictis
1044 1186 1113 1238 ante
1136 1184 1167 1237 et
1188 1185 1283 1253 retro,
1307 1154 1401 1254 prout
1423 1182 1456 1239 et

185 1282 454 1358 quemadmodum
488 1287 519 1344 in
553 1291 709 1360 quantave
739 1291 829 1360 parte
863 1285 940 1360 ipsis
973 1264 1077 1343 visum
1112 1291 1142 1343 et
1166 1284 1317 1359 placitum
1341 1284 1454 1363 merit,

184 1405 249 1449 nnn
271 1392 413 1451 obstante
442 1388 683 1451 contradictione
705 1392 939 1473 cuiuscumque,
962 1390 1123 1464 seiungere
1145 1397 1176 1450 et
1198 1397 1400 1465 sequestrare,
1423 1393 1455 1450 et

184 1502 308 1571 partem
339 1497 443 1556 taliter
473 1498 644 1557 seiunctam
674 1504 705 1557 et
732 1505 959 1572 sequestratam
989 1498 1020 1556 in
1045 1498 1130 1556 vicos
1153 1504 1184 1556 et
1207 1498 1326 1573 plateas
1348 1495 1452 1556 distri·

186 1604 294 1677 buere,
316 1601 461 1662 ordinare
483 1608 514 1661 et
544 1600 702 1678 deputare,
726 1617 843 1661 necnon
872 1604 1014 1661 homines
1041 1602 1137 1661 laicos
1169 1604 1331 1676 utriusque
1353 1617 1453 1671 sexus,

186 1709 320 1791 ciericos
351 1723 476 1784 quoque
505 1714 536 1768 et
566 1709 757 1783 presbiteros
789 1707 827 1766 ad
858 1707 984 1767 easdem
1006 1713 1196 1781 moraturos,
1230 1707 1403 1781 domosque
1424 1709 1455 1766 et

185 1817 397 1876 habitaciones
418 1816 576 1874 locaturus
597 1824 629 1874 et
655 1822 811 1874 erecturos
846 1814 998 1874 advocare
1021 1820 1052 1873 et
1075 1815 1269 1873 introducere
1292 1829 1327 1872 ac
1350 1815 1454 1873 locare

187 1929 218 1984 et
240 1922 501 1983 inhabitatoribus
523 1919 703 1980 huiusmodi
732 1921 901 1994 libertates,
925 1921 1148 1995 prerogativas,
1172 1926 1286 1980 statuta
1308 1926 1339 1979 et
1362 1920 1447 1994 leges

175 2044 298 2089 ‘eorum
331 2029 503 2089 condicioni
534 2029 720 2088 necessarias
754 2028 828 2087 dare
851 2035 881 2087 et
912 2027 1079 2087 concedere
1110 2044 1168 2102 pro
1197 2044 1253 2087 sue
1281 2028 1451 2086 voluntatis

187 2136 318 2195 arbitrio
348 2137 473 2195 valeant
503 2142 597 2210 atque
620 2136 755 2210 possint;
786 2136 1008 2194 inhabitatores
1032 2134 1188 2210 predictos
1211 2135 1305 2209 pleno
1328 2132 1397 2212 jure
1420 2139 1451 2193 et

186 2243 244 2303 illo
268 2242 385 2302 directo
415 2241 554 2301 dominio
584 2240 702 2302 eisdem
733 2241 882 2301 fratribus
912 2238 1026 2300 nostris
1056 2241 1249 2314 subicientes,
1274 2254 1336 2316 quo
1359 2238 1453 2299 ceterl

187 2364 297 2408 eorum
327 2350 430 2408 coloni
460 2367 498 2408 ex
529 2348 777 2423 quibuscumque
806 2348 1028 2407 donaciouibus
1063 2362 1173 2422 regum
1207 2352 1260 2406 aut
1292 2346 1452 2422 predeces-

186 2471 294 2514 sorum
317 2464 495 2515 nostrorum
527 2456 603 2529 ipsis
627 2454 757 2513 subiecti
780 2453 846 2513 iore
877 2453 1087 2525 dinoscuntur,
1118 2469 1236 2525 manus,
1267 2459 1451 2528 potestatem

187 2569 219 2621 et
242 2563 411 2636 imperium
427 2569 567 2622 nostrum
588 2576 624 2620 ac
639 2576 851 2620 successorum
868 2567 1047 2619 nostrorum
1063 2562 1283 2636 episcoporum
1307 2565 1337 2619 et
1352 2559 1453 2619 eciem

189 2666 374 2727 officialium
406 2673 435 2727 et
466 2656 628 2728 hominum
660 2674 724 2726 tam
752 2672 931 2727 nostrorum
960 2681 1055 2741 quam
1086 2682 1296 2726 successorum
1331 2662 1453 2741 predic·

187 2781 291 2833 torum
315 2776 510 2849 presencium
533 2780 563 2833 et
587 2774 764 2833 futurorum
787 2775 828 2832 ab
851 2772 968 2832 eisdem
992 2774 1253 2833 inhabitatoribus
1277 2774 1400 2848 penitus
1423 2777 1453 2832 et

187 2881 317 2939 omnino
345 2879 521 2939 eximentes.
550 2876 704 2952 Ceterum,
736 2879 809 2954 quia
841 2881 917 2938 reali
948 2878 1114 2938 didicimus
1137 2880 1340 2953 experiencia,
1366 2874 1453 2953 quod

187 2989 335 3046 hactenus
368 2987 506 3045 canonici
525 2992 557 3044 et
579 2986 633 3044 aiii
664 2986 821 3059 dignitarii
846 2984 983 3044 eiusdem
1015 2987 1142 3044 ecclesie
1172 2992 1275 3044 nostre
1298 2984 1337 3044 de
1361 2984 1452 3043 bonis

188 3100 219 3152 et
243 3094 336 3152 rebus
360 3094 423 3151 suis
452 3108 524 3151 raro
547 3091 600 3150 vel
630 3105 791 3166 nunquam
823 3093 854 3150 in
884 3093 1025 3166 ipsorum
1049 3094 1159 3151 mortis
1182 3092 1313 3151 articulo
1335 3096 1365 3150 et
1388 3090 1450 3150 dis·

187 3200 344 3275 posicione
368 3200 597 3258 testamentaria
620 3198 748 3257 ecclesie
773 3197 918 3272 predicte,
942 3214 959 3256 a
983 3215 1044 3272 qua
1068 3205 1097 3257 et
1121 3199 1207 3257 cuius
1230 3198 1344 3258 intuitu
1367 3198 1450 3256 buna

187 3313 217 3364 et
240 3323 290 3364 res
313 3307 396 3381 ipsas
413 3306 595 3377 habuerunt,
614 3305 778 3379 quitquam
795 3307 948 3378 legassent
963 3311 992 3364 et
1013 3305 1219 3380 reliquissent,
1243 3305 1325 3363 unde
1341 3305 1453 3362 saitem

186 3412 333 3486 aliqualis
355 3410 541 3471 reformacio
557 3413 588 3470 in
603 3413 742 3470 vestibus
758 3418 788 3470 et
800 3413 989 3470 ornamentis
1011 3412 1224 3472 ecclesiasticis
1247 3412 1315 3470 fieri
1339 3417 1451 3486 posset,

187 3518 334 3594 quodque
364 3520 509 3593 pluribus
532 3533 569 3577 ex
603 3518 720 3576 eisdem
750 3517 899 3576 intestatis
934 3518 1160 3589 decedentibus,
1197 3519 1278 3574 bona
1311 3518 1452 3591 ipsorum

189 3625 323 3699 turpiter
346 3640 382 3684 ac
406 3624 579 3683 inordinate
602 3625 748 3683 distracta
780 3622 914 3699 fuerunt,
944 3626 1030 3697 adeo,
1062 3623 1145 3698 quod
1168 3624 1284 3680 nedum
1316 3638 1374 3697 pro
1405 3639 1452 3681 re·

188 3730 316 3804 frigerio
340 3731 442 3790 anime
464 3732 606 3806 ipsorum
629 3733 792 3805 quitquam
817 3746 855 3789 ex
886 3731 929 3789 eis
962 3730 1162 3788 distributum
1193 3728 1310 3803 fuisset,
1341 3744 1451 3787 verum

185 3840 284 3898 eciam
309 3839 419 3898 famuli
440 3844 471 3897 et
494 3841 669 3908 servitores,
692 3853 810 3896 necnon
842 3837 1009 3896 creditores
1033 3836 1216 3895 eorumdem
1240 3835 1374 3893 saliariis
1397 3850 1452 3893 seu

186 3946 320 4016 creditis,
345 3945 466 4018 debltis,
490 3944 637 4017 frustrati,
669 3945 796 4003 insoluti
829 3945 1063 4013 remansissent;
1087 3942 1156 4001 ideo
1180 3957 1236 4000 nos
1259 3942 1399 4000 volentes
1422 3947 1452 4000 et

185 4067 307 4110 summe
329 4051 538 4110 desiderantes
561 4052 642 4110 circa
666 4053 817 4124 premissa
850 4051 1019 4124 aliqualem
1045 4047 1173 4106 modum
1206 4048 1388 4121 possibilem
1412 4045 1451 4106 de

186 4166 288 4218 cetero
319 4160 494 4231 observare,
527 4174 583 4232 per
614 4174 705 4231 quem
737 4164 768 4216 et
798 4159 925 4216 ecclesie
956 4163 1059 4215 nostre
1090 4161 1260 4213 memorate
1294 4160 1322 4212 et
1354 4154 1451 4212 eciam

187 4266 393 4324 servitoribus
425 4280 460 4322 ac
491 4265 697 4323 creditoribus
726 4264 854 4339 prelatis
885 4265 995 4321 saltem
1021 4279 1077 4337 pro
1102 4263 1206 4335 aliqua
1231 4267 1319 4336 parte
1341 4276 1451 4319 consu·

186 4373 278 4443 latur,
302 4370 341 4429 ad
373 4371 638 4446 supplicationem
660 4371 871 4445 predictorum
896 4370 1027 4427 fratrum
1051 4376 1231 4427 nostrorum
1254 4374 1283 4425 et
1306 4383 1344 4425 ex
1368 4371 1452 4425 certa

184 4483 290 4538 nostra
324 4479 463 4549 sciencia,
499 4478 603 4536 animo
637 4476 819 4548 deliberato,
854 4476 969 4534 eisdem
1003 4476 1141 4548 graciose
1177 4473 1383 4545 concedimus,
1417 4479 1452 4532 ut

186 4585 300 4644 amodo
324 4585 469 4659 deinceps
492 4598 616 4658 semper
639 4591 669 4643 et
694 4586 725 4642 in
748 4590 932 4657 perpetuum
950 4582 1067 4640 domini
1090 4581 1127 4639 de
1145 4580 1283 4654 capitulo
1306 4586 1336 4638 et
1357 4580 1452 4639 ceteri

187 4692 325 4751 canonici
358 4704 417 4767 pro
449 4697 590 4766 tempore
620 4691 793 4757 existentes,
825 4688 878 4763 qui
912 4689 992 4747 circa
1015 4688 1115 4747 curias
1146 4693 1176 4745 et
1209 4685 1319 4744 domos
1342 4702 1452 4746 eorum

187 4798 342 4873 predictas
359 4798 398 4856 ad
415 4803 565 4866 nostram,
588 4803 623 4854 ut
646 4795 849 4870 prediximus,
872 4800 902 4852 et
918 4806 1130 4852 successorum
1152 4799 1331 4851 nostrorum
1353 4792 1452 4852 colla·

187 4905 308 4963 donem
326 4910 499 4981 spectantes
516 4910 545 4962 et
562 4905 757 4977 pertinentes,
775 4918 835 4976 que
850 4902 1009 4976 hucusque
1024 4917 1080 4975 per
1096 4898 1276 4960 earumdem
1300 4915 1359 4975 pro
1374 4906 1452 4960 tem·
