3278 5348
602 447 676 503 Dec.
701 456 767 523 154.
797 478 831 487 -
858 446 915 506 An.
941 457 1030 522 1450.

182 665 299 722 timum
328 669 565 737 procuratorem
599 662 755 720 dictorum
788 661 821 719 in
855 677 979 718 causam
1011 667 1214 720 attractorum
1238 661 1399 735 legittimis
1424 667 1454 717 et

182 769 331 842 congruis
353 768 463 826 diebus
486 768 627 843 ipsarum
657 772 839 826 octavarum
871 781 976 824 coram
1004 767 1096 825 nobis
1126 773 1314 841 expectatus,
1339 768 1455 826 dictam

182 891 273 933 suam
296 875 453 932 accionem
477 879 670 944 executurus,
694 879 780 930 actor
802 872 946 942 existens,
969 877 1109 929 nostram
1132 873 1165 929 in
1184 875 1376 946 presenciam
1392 889 1455 931 non

183 983 269 1040 venit
292 996 392 1054 neque
416 980 509 1050 misit,
528 979 582 1037 sed
599 995 631 1037 se
648 978 858 1036 mediantibus
874 979 985 1036 litteris
1001 978 1114 1035 nostris
1129 975 1329 1053 judicialibus
1345 979 1455 1038 exinde

183 1086 333 1146 confectis
357 1087 387 1144 in
409 1084 533 1162 judiciis
556 1085 701 1158 agravari
723 1085 882 1157 permisit;
905 1090 935 1142 et
958 1085 1000 1142 ob
1023 1085 1084 1142 hoc
1106 1084 1246 1158 prelatus
1279 1086 1455 1159 Hennyngh

183 1194 372 1268 premissam
407 1207 532 1250 causam
567 1207 657 1250 suam
691 1197 885 1262 executurus,
921 1190 960 1248 de
993 1190 1145 1264 dictisque
1167 1188 1290 1266 judiciis
1312 1193 1403 1250 nobis
1425 1197 1455 1250 et

183 1301 267 1375 parti
290 1299 422 1357 adverse
444 1297 659 1356 satisfacturus
682 1302 789 1355 contra
813 1302 1004 1355 memoratos
1026 1295 1173 1373 judicem,
1192 1296 1310 1372 juratos
1326 1303 1356 1356 et
1372 1300 1455 1356 cives

183 1406 359 1481 prescripto
383 1405 517 1463 civitatis
540 1405 655 1462 montis
679 1403 841 1462 Grecensis
865 1405 955 1461 nobis
979 1403 1155 1461 evocandus
1184 1403 1251 1461 fore
1282 1404 1456 1476 videbatur,

184 1528 243 1588 pro
266 1527 304 1570 eo
328 1516 465 1569 vestram
489 1511 664 1568 amiciciam
695 1510 892 1583 presentibus
927 1511 1062 1583 petimus
1096 1509 1269 1582 diligenter,
1305 1515 1456 1583 quatenus

184 1625 326 1678 vestrum
349 1618 478 1676 mittatis
501 1617 662 1675 hominem
684 1631 743 1691 pro
776 1617 952 1674 testimonio
988 1615 1189 1688 fidedignum,
1221 1631 1284 1688 quo
1314 1622 1457 1690 presente

185 1724 349 1798 Georgius,
384 1723 470 1782 filius
504 1723 603 1795 Pauli,
638 1722 677 1780 de
700 1721 813 1796 Mlalra,
836 1728 890 1780 aut
909 1723 1073 1805 Johannes,
1097 1722 1181 1780 filius
1204 1722 1297 1794 iwan,
1321 1723 1359 1781 de
1383 1723 1455 1780 Bre-

185 1832 317 1901 zouicza,
342 1830 393 1887 vel
416 1829 600 1904 Stephanus,
624 1829 709 1887 filius
732 1829 854 1887 Nicolai
877 1828 915 1886 de
939 1828 1056 1899 eadem,
1080 1829 1146 1886 sive
1162 1828 1353 1900 Valentinus,
1369 1828 1454 1887 filius

185 1937 296 1996 Briccii
319 1936 358 1994 de
382 1934 601 2006 Chrenkowcz‚
625 1951 679 1993 seu
703 1936 862 2006 Martinus,
895 1935 980 1993 filius
1015 1934 1098 1992 Petri
1128 1934 1166 1992 de
1200 1932 1351 2007 Sytharia,
1390 1935 1456 1992 sive

186 2044 353 2102 Ladislaus
388 2043 542 2100 litteratus
577 2042 616 2099 de
649 2043 813 2114 Drenowa‚
847 2058 924 2100 neve
948 2042 1134 2112 Demetrius,
1158 2041 1243 2098 filius
1266 2041 1392 2099 Martini
1417 2040 1456 2098 de

185 2150 304 2223 eadem,
329 2165 384 2207 ceu
407 2149 501 2219 iwan,
520 2148 605 2207 filius
628 2148 750 2207 Nicolai
773 2148 812 2207 de
834 2147 1030 2221 Glawnycza,
1054 2148 1124 2205 aliis
1147 2148 1335 2218 absentibus,
1358 2148 1455 2205 homo

186 2262 292 2315 noster
315 2254 356 2313 ad
379 2254 538 2329 prefatum
562 2255 738 2327 Hennyngh
759 2254 797 2312 de
814 2255 1014 2312 Zomzedwar
1036 2254 1183 2311 accedens
1199 2260 1306 2311 evocet
1322 2253 1455 2311 eundem

185 2367 293 2420 oontra
317 2365 508 2418 memoratos
532 2366 721 2435 exponentes
742 2362 858 2419 dictam
881 2363 1038 2419 accionem
1059 2377 1147 2418 suam
1179 2367 1390 2433 executurum,
1421 2376 1456 2418 ac

184 2466 223 2526 de
246 2467 340 2525 dictis
361 2464 485 2543 judiciis
507 2467 597 2525 nobis
621 2474 651 2524 et
674 2468 755 2541 parti
778 2467 909 2524 adverse
931 2466 1163 2524 satisfacturum
1180 2473 1319 2524 nostram
1335 2467 1368 2524 in
1385 2482 1456 2540 pre·

184 2574 321 2632 senciam
345 2573 377 2630 in
399 2572 505 2630 sedem
526 2573 759 2646 zagrahiensem
783 2573 823 2631 ad
853 2579 977 2631 octavas
1014 2571 1084 2630 festi
1119 2573 1366 2647 Epiphaniamm
1402 2573 1457 2630 do·

185 2680 262 2738 mini
286 2695 368 2737 nunc
391 2685 549 2738 uenturas.
572 2679 611 2737 Et
634 2686 705 2753 post
727 2681 783 2737 hec
804 2680 901 2754 ipsius
925 2679 1117 2736 evocacionis
1149 2679 1269 2749 seriem,
1300 2684 1334 2737 ut
1364 2677 1456 2736 fuerit

184 2786 362 2861 expediens,
376 2801 448 2843 cum
470 2786 596 2844 nomine
619 2787 739 2845 evocati
762 2786 803 2844 ad
826 2792 952 2844 octavas
976 2786 1109 2855 easdem,
1133 2786 1224 2844 nobis
1249 2800 1335 2844 more
1360 2787 1455 2844 solito

184 2893 373 2951 rescribatis.
396 2891 556 2950 Presentes
582 2892 688 2965 sigillo
711 2894 834 2951 comitis
855 2894 953 2951 nostri
982 2893 1191 2965 zagrabiensis
1222 2891 1353 2950 fecimus
1384 2907 1455 2951 con·

185 2999 311 3071 signari.
335 2998 452 3056 Datum
475 2998 627 3072 Zagrabie
651 2998 771 3057 decimo
794 3014 876 3057 nono
899 3000 949 3057 die
972 2999 1033 3057 diei
1065 3005 1247 3056 octavarum
1279 2998 1354 3057 dicti
1385 2999 1457 3056 sesti

186 3105 271 3163 beati
295 3105 455 3163 Michaelis
478 3105 665 3178 archangeli.
690 3107 779 3164 Anno
803 3107 921 3165 domini
957 3106 1125 3164 millesimo
1150 3105 1456 3178 quadringentesimo

186 3211 455 3285 quinquagesimo.

293 3349 317 3396 E
336 3353 496 3412 transumpto
515 3347 622 3413 capituli
642 3349 815 3413 zagrnbiensis
840 3349 872 3397 de
897 3364 964 3397 anno
995 3360 1068 3414 1450.
1097 3350 1129 3397 Iu
1158 3349 1253 3401 archiv.
1282 3349 1341 3399 incl.
1371 3351 1455 3401 Acad.

187 3436 283 3486 Scient.
303 3434 373 3486 Slav.
392 3437 482 3488 merid.

785 3631 863 3701 154.

295 3772 377 3821 Anno
399 3784 474 3837 1450,
496 3771 537 3826 26.
556 3773 676 3823 octobris.
697 3773 845 3837 Zagrabine.

188 3899 356 3958 Fridericus
384 3900 478 3958 banus
510 3902 620 3971 statuit,
651 3908 687 3960 ut
714 3902 868 3975 chingm
890 3903 1034 3978 suijuris
1057 3904 1200 3961 tributio
1223 3905 1331 3963 ciuibus
1353 3907 1456 3963 orontis

311 4005 465 4064 Grecensis
488 4008 624 4080 exigendi
643 4008 812 4078 testimonia,
834 4009 862 4065 si
881 4008 994 4078 habeat,
1019 4009 1062 4064 ad
1072 4009 1201 4084 judicem
1224 4010 1339 4084 offirat.

290 4149 355 4208 Nos
379 4151 554 4209 Fridericus
578 4152 627 4210 dei
651 4154 754 4225 gracia
778 4152 865 4223 Cilic,
890 4154 1094 4226 Ortenburge,
1120 4153 1311 4225 Zagorieque
1346 4169 1454 4212 comes

189 4264 244 4315 etc.
268 4271 387 4315 necnon
410 4259 497 4330 regni
521 4255 685 4316 Sclauonie
708 4259 815 4316 banus.
832 4261 980 4317 hiemorie
996 4259 1259 4330 commendamus,
1281 4260 1364 4332 quod
1380 4276 1453 4318 curn

188 4363 219 4421 in
243 4363 439 4436 presentibus
461 4365 578 4422 octavis
602 4362 672 4423 sesti
695 4366 777 4423 beati
810 4367 970 4424 Michaelis
994 4365 1181 4438 archangeli,
1214 4365 1352 4424 adinstar
1376 4367 1455 4425 alias

192 4476 384 4542 consuetum,
418 4469 521 4529 littere
555 4468 716 4545 judiciales
751 4473 1037 4545 pronunciarentur,
1063 4473 1142 4529 inter
1175 4472 1313 4545 aliasque
1337 4474 1456 4531 litteras

189 4580 331 4650 tempore
365 4575 446 4633 dicte
482 4577 757 4650 pronunciacionis,
793 4579 896 4637 littera
932 4577 1088 4655 judicialis
1121 4593 1180 4651 pro
1218 4585 1307 4652 parte
1339 4580 1455 4652 egregii

189 4680 365 4754 Hennyugh
385 4681 423 4739 de
455 4682 656 4743 Zomzedwar
678 4690 784 4743 contra
806 4681 950 4759 judicem,
972 4683 1090 4759 juratos
1125 4689 1156 4741 et
1189 4685 1350 4743 universos
1373 4686 1457 4744 cives

188 4786 326 4846 civitatis
349 4789 462 4847 montis
485 4788 648 4850 Grecensis
672 4791 702 4848 in
727 4791 809 4850 facto
833 4790 1050 4866 produccionis
1067 4791 1243 4850 litterarum
1259 4807 1312 4848 seu
1338 4792 1454 4851 littera·

188 4893 268 4953 lium
292 4894 570 4955 instrumentorum
594 4913 650 4971 per
670 4898 804 4956 eundern
827 4899 987 4972 egregium
1011 4898 1186 4972 Hennyngh
1211 4900 1241 4956 in
1271 4898 1353 4957 dicta
1384 4898 1456 4958 sede

1334 5000 1351 5038 t
