3278 5348
189 425 247 483 268
575 422 650 479 Dec.
675 417 747 477 206.
770 432 839 497 207.
864 454 906 464 -
930 421 986 478 An.
1012 393 1103 496 2458·

191 530 390 537 ———-———
397 529 439 535 —--
445 527 593 534 ...—---—
599 527 1018 533 ----..-—-.-—-.—.---

780 632 868 697 206.

291 760 372 807 Auno
394 760 467 824 1458.
489 771 530 820 27.
550 758 619 808 maii.
638 757 734 805 Budae.

185 867 328 937 Matln'as,
360 869 540 940 Hungariae
569 876 618 924 etc.
648 885 711 936 rex,
727 866 867 942 johanni
890 867 1000 924 Vitovcc
1022 868 1096 925 batto
1119 867 1248 936 mandat,
1271 873 1306 923 ut
1328 867 1446 923 civetate

328 959 539 1030 posscssionum
553 957 632 1029 fines
656 955 783 1013 barbatos
799 963 948 1028 peragret,
979 974 1124 1030 novosque
1149 957 1312 1013 constituat.

905 1094 1059 1144 Commissio
1084 1093 1188 1159 propria
1207 1094 1307 1143 domini
1325 1095 1400 1158 regis

292 1208 423 1265 Mathias
453 1207 503 1266 dei
532 1209 636 1280 gracia
660 1223 714 1264 rex
738 1206 905 1278 Hungarie,
929 1206 1099 1277 Dalmacie,
1122 1206 1251 1263 Croacie
1273 1212 1330 1263 etc.
1353 1205 1447 1263 Fideli

185 1318 291 1371 nostro
324 1314 489 1385 magnifico
519 1315 577 1398 Jan
610 1314 792 1385 Bythowecz
824 1312 862 1369 de
894 1312 1026 1382 Greben,
1056 1313 1144 1385 regni
1167 1313 1265 1369 nostri
1288 1311 1448 1370 Sclauonie

186 1420 275 1490 bano,
300 1420 433 1476 salutem
450 1426 479 1477 et
495 1420 642 1490 graciam.
667 1419 780 1476 Dicunt
797 1420 886 1475 nobis
910 1418 1019 1475 fideles
1034 1419 1130 1475 nostri
1154 1417 1339 1475 Valentinus
1361 1417 1449 1475 iudex

189 1540 225 1580 ac
248 1526 422 1582 Anthonius
454 1524 491 1581 de
515 1523 729 1596 Grabrounik,
755 1525 838 1581 cives
862 1525 994 1582 civitatis
1017 1530 1121 1583 nostre
1143 1524 1258 1582 montis
1281 1522 1448 1594 Grecensis,

186 1631 217 1687 in
238 1645 293 1686 sua
325 1646 360 1688 ac
390 1632 585 1704 reliquorum
617 1632 749 1701 civium,
780 1631 940 1703 hospitum
964 1636 994 1687 et
1017 1631 1191 1688 incolarum
1214 1629 1296 1687 dicte
1320 1630 1449 1688 civitatis

186 1744 289 1792 nostre
312 1738 459 1810 personis.
484 1736 567 1809 quod
591 1752 661 1794 cum
678 1737 737 1794 hiis
754 1737 910 1808 preteritis
927 1737 1121 1809 temporibus
1136 1737 1205 1811 ipsa
1221 1737 1333 1794 civitas
1349 1741 1449 1794 nostra

185 1843 369 1900 amanibus
401 1851 599 1901 externorum
631 1844 793 1900 hominum
826 1847 923 1911 tenta,
948 1857 1089 1915 possessa
1112 1848 1142 1899 et
1164 1857 1315 1916 oppressa
1340 1842 1449 1910 fuisset,

185 1957 266 2005 mete
289 1955 319 2006 et
343 1950 457 2006 limites
481 1951 546 2006 eius
567 1956 597 2006 et
620 1949 852 2023 possessionum
877 1963 1004 2005 suarum
1029 1949 1059 2004 in
1083 1948 1239 2006 territorio
1264 1948 1346 2006 dicte
1377 1949 1448 2005 civi·

185 2056 256 2112 tatis
279 2055 479 2112 existencium
511 2054 551 2111 ab
582 2056 710 2127 antiquo
741 2060 879 2112 extructe
909 2063 938 2111 et
962 2056 1053 2111 erecti
1078 2070 1134 2112 suo
1158 2055 1228 2112 loco
1252 2056 1397 2112 submote
1422 2062 1450 2110 et

185 2161 350 2219 disturbati
381 2169 496 2231 essent;
521 2162 732 2236 supplicantes
754 2161 844 2217 nobis
866 2159 980 2232 prefati
1004 2160 1185 2217 Valentinus
1217 2160 1310 2217 iudex
1336 2168 1366 2218 et
1390 2163 1449 2216 An·

186 2268 309 2324 thonius
342 2267 380 2323 de
410 2267 609 2326 Grabrounih
640 2269 703 2325 suis
734 2282 769 2324 ac
793 2267 946 2323 dictorum
970 2268 1086 2324 civium
1109 2267 1298 2338 nominibus,
1322 2276 1356 2324 ut
1377 2268 1449 2340 ipsis

184 2389 277 2445 super
301 2373 359 2430 hiis
379 2375 472 2431 rebus
496 2373 663 2448 providere
688 2373 897 2446 dignaremur.
920 2373 956 2429 Et
980 2373 1053 2445 quia
1071 2374 1184 2447 peticio
1201 2375 1344 2447 ipsorum
1360 2373 1448 2430 nobis

186 2479 312 2536 honesta
337 2486 366 2536 et
389 2479 530 2537 modesta
554 2481 620 2536 visa
643 2486 697 2550 est,
718 2480 788 2537 ideo
812 2478 954 2537 fidelitati
978 2487 1030 2535 tue
1050 2480 1282 2544 committimus,
1300 2487 1448 2552 quatenus

183 2585 315 2658 receptis
346 2586 549 2658 presentibus,
573 2586 747 2657 revisisque
778 2586 917 2657 vestigiis
950 2590 1105 2642 metarum
1137 2594 1166 2641 et
1196 2586 1336 2643 limitum
1372 2584 1448 2642 dicte

184 2691 316 2748 civitatis
340 2699 370 2747 et
392 2693 619 2764 possessionum
644 2707 779 2761 suarum,
813 2698 910 2747 metas
942 2692 1024 2763 ipsas
1055 2699 1085 2748 et
1116 2690 1231 2749 limites
1264 2692 1350 2749 iuxta
1381 2705 1449 2748 con·

186 2802 267 2853 tenta
291 2797 530 2869 privilegiorum
554 2804 582 2854 et
606 2797 765 2855 evidencia
787 2796 972 2854 documenta
996 2797 1076 2854 dicte
1100 2797 1243 2868 civitatis,
1267 2803 1301 2855 ut
1330 2797 1448 2867 dicitur,

186 2903 254 2958 loco
278 2917 333 2959 suo
363 2902 481 2960 deletos
512 2919 619 2961 rursus
643 2902 815 2960 reformare
838 2907 868 2959 et
890 2917 1040 2960 renovare
1064 2902 1177 2959 debeas
1201 2903 1322 2976 absque
1346 2909 1447 2960 tamen

186 3007 355 3079 preludicio
379 3010 454 3065 iuris
478 3011 579 3079 alieni,
604 3010 688 3067 aliud
713 3025 773 3067 non
798 3008 942 3066 facturus.
967 3009 1162 3066 Presentibus
1186 3010 1342 3082 perlectis,
1366 3009 1449 3066 exhi·

184 3114 268 3169 benti
298 3115 455 3170 restitutis.
490 3111 607 3173 ilatum
644 3116 727 3173 Bude
761 3116 893 3173 sabbato
924 3118 1069 3189 proximo
1100 3121 1169 3173 ante
1201 3114 1318 3172 festum
1349 3121 1448 3173 sancte

184 3219 350 3275 Trinitatis.
384 3221 472 3276 Anno
504 3221 622 3279 domini
653 3222 823 3280 millesimo
854 3222 1157 3295 quadringentesimo
1192 3223 1448 3296 quinquagesimo

183 3331 302 3379 octavo

290 3457 422 3519 Originale
440 3461 465 3508 in
485 3461 580 3519 charta,
609 3464 636 3511 in
656 3465 769 3527 margine
798 3464 911 3512 inferiori
941 3465 1093 3528 impressum
1121 3470 1159 3511 est
1179 3462 1294 3526 sigillum
1314 3464 1389 3528 regis.
1418 3464 1447 3511 In

183 3545 297 3592 archivio
313 3545 358 3595 tib.
379 3564 429 3608 reg.
450 3550 497 3600 civ.
518 3552 616 3612 cagrah.

774 3782 860 3849 207.

290 3903 370 3948 Anno
393 3908 465 3966 1458,
488 3916 527 3965 27.
548 3906 615 3954 maii.
639 3906 723 3951 ituriae

184 4010 326 4081 Mothites,
359 4013 537 4085 Hzetrgart'ae
568 4021 615 4069 etc.
645 4033 708 4079 rex,
740 4015 847 4069 civitas
878 4015 1111 4087 etrgrabicnsibus
1141 4034 1236 4072 onmes
1268 4018 1448 4074 conmmclias

183 4099 310 4171 potonis,
333 4120 405 4173 quas
429 4102 577 4169 trabilibus,
592 4121 681 4174 quum
704 4103 817 4160 Ulrt'cus
832 4120 921 4159 ccunes
944 4103 1089 4161 civitatem
1105 4105 1268 4176 occupabat,
1284 4108 1447 4164 rntrtlerunt.

908 4243 1062 4292 Commissio
1081 4243 1184 4307 propria
1203 4242 1302 4295 domini
1321 4245 1397 4308 regis.
1478 4288 1481 4293 .

289 4356 352 4412 Nos
386 4357 516 4415 Mathias
546 4355 595 4412 dei
626 4357 729 4427 gracia
759 4371 811 4410 rex
840 4355 1006 4428 Hungarie,
1030 4356 1200 4427 Dalmacie,
1232 4355 1363 4415 Croacie
1393 4362 1447 4413 etc.

183 4463 331 4519 Memorie
362 4462 617 4520 commendamus
649 4478 704 4535 per
736 4466 901 4534 presentes,
933 4462 1015 4535 quod
1042 4478 1097 4519 nos
1127 4463 1290 4520 universos
1313 4465 1397 4521 cives
1419 4467 1448 4520 et

181 4569 401 4626 inhabitatores
432 4569 565 4626 civitatis
596 4575 699 4625 nostre
731 4568 843 4625 montis
876 4567 1038 4625 Greeensis
1061 4583 1155 4642 super
1178 4569 1334 4627 universis
1357 4569 1444 4627 dum·

153 4744 156 4751 Ι
182 4682 265 4732 taxat
295 4667 358 4731 illis
389 4675 541 4749 dampnis,
574 4675 700 4745 iniuriis,
724 4675 850 4732 offensis
883 4682 912 4730 et
936 4676 1137 4746 nocumentis,
1162 4689 1222 4748 que
1242 4674 1340 4733 iidem
1364 4677 1446 4734 cives

181 4787 211 4838 et
234 4781 454 4839 inhabitatores
471 4783 604 4840 civitatis
620 4788 724 4838 nostre
739 4781 886 4856 predicte,
911 4786 1051 4855 tempore
1068 4781 1284 4855 occupacionis
1309 4782 1448 4840 eiusdem

181 4888 313 4949 civitatis
343 4894 447 4946 nostre
479 4891 591 4946 montis
623 4888 784 4947 Grecensis
815 4905 872 4962 per
896 4888 1027 4945 condam
1051 4888 1209 4946 illustrem
1233 4887 1375 4947 Vlricum
1399 4902 1447 4947 oo·
