3278 5348
631 323 704 380 Dor.
721 334 775 399 37.
797 355 840 365 -
863 322 919 381 An.
942 338 1031 401 1423.
1413 340 1452 402 45

199 539 367 610 grabiensis
392 531 461 616 pro)
484 539 645 611 sexaginta
666 538 790 596 ssorenis
806 540 837 596 in
855 538 995 597 Veneciis
1011 555 1043 598 se
1060 541 1234 598 debitorem
1255 540 1464 597 constituisset

200 644 414 717 principalem,
440 657 500 719 pro
531 643 721 717 quaquidem
753 643 943 702 florenorum
974 661 1098 703 summa
1128 647 1231 719 ipsum
1257 647 1410 703 redimere
1433 655 1464 703 et

198 747 396 824 indempnem
429 742 585 829 re(ddere)
618 758 783 822 recusaret,
818 752 997 825 supplicans
1032 752 1143 810 exinde
1174 768 1231 827 pro
1267 753 1463 810 assecucione

197 853 292 914 debiti
317 857 379 915 sibi
410 857 531 914 iusticie
562 857 830 930 complementum
862 872 933 915 cum
958 859 1082 916 instanti
1109 859 1292 916 ministrare.
1328 858 1364 916 Et
1388 859 1463 931 quia

193 960 294 1020 dictus
327 962 460 1020 Michael
494 962 684 1021 civitatensis
718 962 838 1037 prefate
873 965 1006 1021 civitatis
1038 965 1195 1036 extiterat,
1236 964 1305 1021 ideo
1336 978 1462 1021 causam

190 1066 295 1142 ipsam
320 1068 413 1126 iudici
437 1074 467 1126 et
488 1065 598 1144 juratis
621 1066 748 1126 iamfate
771 1069 979 1141 zagrabiensis
1003 1071 1146 1142 civitatis,
1172 1070 1239 1143 lege
1266 1071 1407 1143 ipsorum
1432 1074 1463 1126 et

184 1176 280 1248 regni
304 1175 524 1261 consvetudine
556 1175 648 1233 solita
671 1175 855 1248 requirente,
888 1175 1087 1244 audiendam,
1119 1175 1323 1233 decidendam
1348 1181 1377 1232 et
1401 1175 1461 1232 fine

185 1280 299 1340 debito
330 1281 558 1340 terminandam
588 1282 739 1339 attencius
770 1282 920 1339 commisi.
955 1281 1024 1354 Qua
1048 1283 1266 1339 commissione
1288 1281 1377 1352 facta,
1401 1283 1461 1355 ipsi

181 1385 285 1445 iudex
310 1393 340 1444 et
364 1388 455 1445 iurati
479 1388 509 1445 in
533 1403 625 1445 causa
648 1387 859 1462 procedentes,
888 1387 1046 1460 quandam
1069 1387 1270 1445 diffinitivam
1295 1403 1353 1462 pro
1378 1387 1460 1445 dicto

184 1492 338 1565 Georgi0,
362 1502 393 1551 et
415 1500 523 1552 contra
546 1494 650 1568 ipsum
673 1494 857 1551 Michaelem
881 1496 1068 1553 sentenciam
1098 1495 1244 1566 tulerunt,
1267 1510 1284 1551 a
1308 1509 1369 1567 qua
1393 1494 1460 1567 qui·

184 1599 263 1658 dem
288 1602 442 1658 sentencia
464 1616 520 1675 per
544 1598 701 1674 prelatum
725 1600 909 1657 Michaelem
931 1602 1017 1659 iuxta
1041 1600 1296 1658 consuetudinem
1321 1606 1458 1674 pretacte

184 1707 326 1764 civitatis
356 1706 396 1763 ad
426 1707 562 1764 seniores
597 1704 656 1763 fuit
687 1706 773 1763 illico
808 1706 1012 1780 appellatum.
1049 1706 1240 1780 Quiquidem
1278 1721 1457 1780 processum

188 1827 282 1870 cause
317 1813 497 1870 huiusmodi
532 1811 738 1883 discucienda,
773 1813 922 1870 rimantes
956 1815 1153 1884 sentenciam,
1190 1819 1223 1870 ut
1259 1813 1457 1886 premittitur,

186 1917 296 1988 latam,
319 1918 552 1976 confirmarunt.
577 1920 748 1976 Annotatus
772 1933 846 1976 vero
872 1920 1013 1990 Michael,
1037 1920 1175 1976 senciens
1199 1934 1231 1975 se
1255 1917 1366 1975 exinde
1388 1932 1457 1989 gra-

191 2031 309 2094 vatum,
333 2023 373 2082 ad
392 2025 490 2083 nostri
514 2025 715 2099 presenciam,
741 2031 773 2082 ut
798 2026 982 2098 magistrum
1007 2027 1268 2094 thavarnicorum,
1293 2025 1324 2081 in
1347 2024 1456 2097 appel-

192 2129 320 2189 lationis
344 2131 508 2204 diffugium
541 2131 680 2190 melioris
711 2131 890 2190 huiusmodi
921 2148 1012 2190 cause
1034 2147 1091 2206 pro
1115 2132 1304 2189 discussione
1327 2130 1457 2188 ulterius

192 2238 342 2310 prorupit.
366 2237 506 2295 Tandem
523 2239 640 2295 meritis
653 2253 743 2296 cause
760 2239 938 2296 huiusmodi
953 2239 1131 2313 ponderatis
1148 2237 1300 2295 eiusmodi
1316 2236 1452 2311 appella·

191 2343 285 2401 cionis
300 2343 524 2402 discussionem
539 2345 599 2402 sub
616 2345 764 2416 magistro
779 2350 882 2402 vestro
905 2347 1167 2415 thavamicorum,
1191 2338 1313 2401 racione
1338 2343 1453 2415 previa,

193 2449 405 2509 diffiniendam
429 2451 505 2510 duxi
528 2448 778 2510 commitendam.
802 2453 863 2526 Qui
886 2453 1013 2510 demum
1038 2453 1075 2509 de
1099 2453 1274 2525 proborum
1298 2457 1327 2506 et
1352 2449 1455 2522 provi-

192 2555 300 2614 dorum
325 2559 475 2629 virorum,
498 2565 533 2615 ut
553 2559 739 2632 accepimus,
753 2560 891 2630 consilio,
908 2559 1026 2616 dictum
1043 2557 1267 2631 appellacionis
1291 2555 1453 2627 negocium

192 2661 386 2721 discuciendo
409 2663 566 2734 diffinivit,
590 2680 626 2722 eo
649 2665 753 2737 modo,
769 2672 804 2722 ut
820 2666 973 2739 prenotati
990 2665 1073 2722 cives
1089 2664 1227 2736 capitulo
1250 2661 1449 2734 zagrabiensi,

194 2779 289 2827 vestre
313 2770 482 2827 maiestatis
506 2771 536 2828 iu
562 2786 701 2845 persona,
715 2788 772 2845 per
794 2772 916 2845 singula
933 2770 1104 2828 enarrando
1121 2770 1234 2827 clarius
1247 2768 1449 2835 deduxerint;

192 2891 247 2949 pro
269 2891 333 2949 quo
356 2877 452 2934 michi
475 2892 537 2935 non
567 2878 692 2936 videtur
724 2879 789 2936 fore
821 2895 944 2937 necesse
968 2879 1051 2951 ipsos
1075 2876 1191 2934 iudices
1215 2891 1251 2933 ac
1275 2876 1389 2932 iuratos
1413 2871 1451 2928 ad

192 2989 324 3040 vestram
347 2982 563 3040 celsitudinem
594 2985 635 3042 ob
659 2985 718 3041 hoc
742 2990 876 3055 vocatos,
900 2990 1002 3041 vestre
1026 2984 1195 3039 maiestatis
1218 2981 1355 3053 graciam
1380 2978 1451 3034 visi-

192 3092 260 3161 tare,
283 3105 356 3147 cum
382 3092 448 3164 ipse
473 3090 626 3162 Georgius
661 3105 722 3147 non
745 3092 785 3148 sit
806 3091 942 3147 Venetus
965 3107 1020 3147 nec
1044 3090 1103 3162 ipsi
1126 3088 1219 3146 iudex
1243 3093 1272 3143 et
1296 3085 1388 3143 iurati
1411 3082 1450 3139 ad

191 3193 327 3268 ipsorum
350 3196 542 3254 Venetorum
566 3197 756 3265 instanciam,
781 3203 814 3254 ut
837 3203 1037 3270 prenarratus
1066 3196 1197 3252 llichael
1221 3192 1373 3266 exposuit,
1397 3188 1449 3246 sed

190 3300 225 3358 ad
259 3317 364 3360 meam
398 3302 597 3360 solummodo
633 3303 884 3360 commissionem
920 3318 1009 3359 causa
1035 3303 1065 3358 in
1089 3299 1270 3357 huiusmodi
1294 3311 1450 3370 processe·

190 3415 265 3467 runt.
300 3408 404 3482 Quare
438 3408 563 3467 domine
598 3409 841 3482 generosissime,
871 3415 971 3465 vestre
1003 3407 1158 3464 serenitati
1193 3405 1267 3462 duxi
1302 3403 1448 3460 obnixius

190 3515 436 3589 supplicandum,
466 3521 617 3588 quatenus
648 3516 716 3589 ipsa
738 3514 894 3588 sepefatos
929 3514 1063 3570 iudicem
1088 3519 1117 3570 et
1140 3514 1257 3570 iuratos
1280 3512 1320 3567 ab
1345 3510 1449 3566 huius·

190 3620 270 3679 modi
291 3622 520 3696 comparicione
543 3622 688 3694 dignetur
711 3622 772 3679 mei
808 3621 918 3678 intuitu
946 3620 1123 3691 generosius
1161 3627 1355 3691 supportare,
1381 3616 1448 3688 ipsa

190 3741 309 3800 quoque
332 3728 363 3785 in
387 3734 417 3785 et
440 3743 535 3802 super
551 3728 711 3803 premissis
728 3732 920 3799 pertranseat
938 3727 1136 3797 incommota,
1162 3726 1234 3796 quia
1251 3725 1326 3797 ipsa,
1343 3731 1448 3780 nostra

189 3831 362 3890 huiusmodi
386 3834 473 3891 iuxta
496 3835 619 3908 scripta,
644 3849 760 3891 necnon
793 3833 855 3890 mei
875 3832 914 3889 ad
938 3832 1212 3905 complacenciam,
1244 3837 1379 3887 vestram
1404 3831 1449 3886 vi·

189 3939 276 3997 sitare
299 3941 446 4011 graciam,
469 3941 527 3998 hac
552 3941 619 3998 vice
635 3940 839 4009 distulerunt,
863 3938 916 3995 sed
938 3939 964 3995 si
988 3938 1140 3995 celsitudo
1164 3943 1267 3994 vestra
1291 3952 1343 3993 eos
1368 3935 1449 3992 tacto

188 4045 225 4102 ab
246 4046 425 4104 huiusmodi
448 4047 546 4104 nollet
569 4048 684 4105 habere
720 4052 928 4120 supportatus,
965 4046 1024 4118 ipsi
1047 4046 1185 4117 graciam
1216 4048 1350 4100 vestram
1376 4043 1448 4098 visi·

187 4156 248 4209 tare
269 4159 341 4210 suut
364 4154 473 4227 parati,
496 4153 598 4211 eidem
621 4154 652 4210 in
675 4154 820 4209 omnibus
857 4168 981 4225 semper
1016 4152 1180 4209 humilime
1216 4149 1447 4223 complacenda.

186 4255 298 4317 Datum
322 4259 491 4334 Krappine,
526 4258 602 4317 feria
626 4260 720 4317 tercia
755 4265 825 4316 ante
850 4258 1024 4315 Kathcrine.
1066 4260 1154 4315 Anno
1179 4256 1348 4314 millesimo
1373 4269 1446 4324 qua·

186 4361 425 4438 dringentesimo
448 4365 600 4438 vigesimo
621 4365 723 4423 tercio

285 4554 309 4602 E
329 4560 489 4617 transumpto
516 4553 623 4618 capituli
649 4554 749 4616 zagrab.
778 4555 810 4601 de
829 4569 896 4602 anno
919 4565 992 4615 1424,
1016 4565 1054 4614 14.
1072 4551 1191 4615 januarii.
1224 4551 1254 4596 In
1281 4547 1375 4594 archiv.
1397 4545 1442 4594 lib.

185 4653 235 4705 reg.
255 4641 325 4692 civit.
345 4641 446 4704 zagrnb.
