3278 5348
185 437 243 498 ¹3²
486 420 560 479 Doc.
583 429 651 494 105.
676 414 746 476 106.
772 450 811 461 —
836 417 894 477 An.
918 411 1135 494 1436-1437.

181 636 352 695 serenitatis
368 637 525 709 Hungarie
547 635 737 709 ubicumque
760 634 953 693 celebrandis
969 632 1114 693 constitui
1130 631 1330 706 contingerit,
1346 646 1447 690 coram

181 748 285 800 vestra
317 743 474 817 personali
507 742 666 816 presencia
699 757 772 800 cum
800 741 945 800 omnibus
975 755 1085 799 eorum
1114 737 1296 814 juribussi
1326 753 1388 812 que
1408 736 1447 797 ad

179 847 362 907 huiusmodi
394 854 491 906 terras
525 847 686 919 errabiles,
720 853 818 921 prata,
853 846 968 919 senilia,
1002 845 1099 904 silvas
1133 851 1163 902 et
1193 845 1306 904 rubeta
1330 845 1443 903 habent

182 954 336 1013 contectas
367 960 397 1011 et
427 959 568 1012 emanata
599 952 732 1011 debeant
762 957 792 1011 et
822 958 982 1011 teneantur
1015 965 1204 1025 comparere,
1235 948 1390 1025 judicium
1419 954 1448 1009 et

180 1058 334 1136 justiciam
359 1059 447 1118 tactis
470 1061 500 1117 in
524 1060 683 1134 premissis
705 1074 723 1116 a
745 1064 849 1117 vestra
872 1059 1031 1117 maiestate
1054 1064 1225 1131 recepturo,
1259 1056 1447 1129 eosdemque

181 1168 263 1225 cives
286 1164 464 1224 aedictum
487 1166 660 1240 capitulum
683 1167 724 1223 ab
746 1166 886 1240 ipsarum
908 1170 1073 1235 terrarum,
1096 1168 1268 1237 pratorum,
1293 1160 1445 1233 senilium,

182 1272 334 1330 silvarum
358 1278 388 1329 et
411 1273 593 1330 rubetorum
618 1272 739 1331 cultura
763 1278 794 1329 et
817 1271 967 1330 fruicione
987 1285 1087 1343 usque
1109 1268 1149 1326 ad
1172 1269 1363 1326 decisionem
1387 1268 1449 1327 litis

182 1394 239 1452 per
261 1384 397 1436 vestram
421 1379 617 1436 serenitatem
640 1386 744 1450 partes
767 1379 846 1435 inter
868 1376 993 1435 easdem
1013 1375 1122 1447 fiendo,
1140 1374 1240 1432 denuo
1263 1379 1349 1433 etex
1367 1389 1448 1433 novo

181 1485 240 1542 sub
276 1484 367 1542 certis
398 1485 485 1558 penis
508 1500 546 1541 ex
570 1484 685 1558 previis
710 1484 885 1541 racionibus
909 1482 1039 1540 inhibui.
1064 1481 1181 1538 Datum
1207 1479 1359 1552 Zagrabie
1382 1496 1450 1554 pre·

181 1589 264 1648 dicta
298 1589 432 1647 secundo
463 1590 513 1647 dei
544 1589 614 1647 festi
637 1589 785 1647 Omnium
815 1597 1000 1646 sanctorum.
1024 1587 1115 1644 Anno
1137 1585 1257 1644 domini
1279 1586 1451 1645 millesimo

182 1695 485 1769 quadringentesimo
509 1697 665 1754 tricesimo
687 1701 774 1754 sexto
796 1695 984 1769 supradicto.

288 1884 423 1949 Originale
441 1886 468 1934 in
486 1885 582 1936 charta.
620 1887 653 1934 In
671 1884 786 1948 margine
805 1883 922 1934 inferiori
940 1883 1093 1948 impressum
1111 1889 1150 1932 est
1169 1880 1292 1947 sigillum.
1330 1883 1364 1931 In
1382 1881 1450 1933 arcia

183 1989 240 2026 ven.
261 1975 324 2039 Cap.
344 1974 445 2038 zagrab.
465 1975 527 2026 Act.
547 1989 602 2038 cap.
621 1980 673 2024 ant.
693 1974 754 2024 fasc.
775 1973 798 2025 6.
818 1988 856 2023 nr.
877 1972 918 2021 26.

776 2252 853 2320 105.

288 2344 369 2393 Anno
391 2342 465 2405 1436.

288 2471 347 2528 Per
370 2470 565 2527 Vilhelmum
588 2471 792 2528 castellanum
815 2471 907 2529 castri
930 2470 1050 2528 Medwe
1073 2469 1179 2528 illatae
1203 2469 1371 2530 violentiae
1395 2488 1451 2546 per

181 2575 299 2652 judices
321 2577 484 2634 comitatus
508 2576 732 2649 investigantur
753 2578 785 2634 in
808 2592 888 2634 anno
913 2574 1004 2652 1436.

288 2747 406 2810 Regesta
424 2747 568 2798 document.
588 2747 633 2798 lib.
653 2764 706 2810 reg.
726 2749 795 2799 civit.
814 2748 914 2812 zagrab.

777 3030 833 3095 85.

288 3189 368 3237 Anno
391 3202 465 3253 1437,
485 3189 508 3242 6.
526 3189 601 3254 Julii.
622 3189 769 3253 Zagrabiae.

189 3331 294 3390 Coram
317 3333 496 3403 Alexandro,
519 3335 634 3410 medico,
658 3342 688 3393 et
709 3335 807 3391 Paulo
842 3334 992 3402 Astzlnok‚
1023 3340 1115 3391 tutore
1146 3335 1253 3393 ciuium
1282 3338 1449 3412 sagrabien·

181 3438 264 3507 sitem,
287 3438 394 3494 Petras
417 3440 605 3496 tricesimator
625 3442 849 3497 communitatem
872 3441 998 3497 civitates
1015 3441 1154 3513 postulat,
1170 3448 1332 3516 utpeccata
1349 3452 1450 3502 contra

302 3544 380 3617 jura
403 3544 600 3619 libertatesque
622 3547 712 3619 ipsem
733 3547 858 3603 civitatis
879 3546 1034 3616 commissa,
1056 3546 1114 3603 sibi
1133 3536 1327 3620 igmscantiaer.

288 3704 352 3776 Ego
376 3707 524 3777 magister
547 3708 737 3765 Allexander
762 3708 870 3766 doctor
894 3710 927 3766 in
951 3709 1070 3782 phisica
1097 3724 1151 3766 seu
1171 3709 1203 3767 in
1226 3717 1293 3767 arte
1320 3710 1450 3770 medici·

183 3811 246 3868 nali
283 3811 415 3868 liberali.
446 3810 593 3883 Significo
623 3822 726 3871 tenore
754 3816 967 3910 presencium·
982 3816 1096 3887 quibus
1130 3813 1256 3889 expedit
1286 3817 1449 3889 universis,

183 3916 265 3989 quod
293 3916 400 3972 Petrus
424 3918 630 3977 tricesimator
648 3936 700 3976 seu
718 3929 842 3978 exactor
858 3922 1012 3979 tricesime
1029 3922 1237 3994 zagrabiensis
1259 3920 1339 3980 feria
1354 3924 1450 3982 tercia

183 4021 212 4078 in
238 4020 315 4078 festo
340 4022 455 4080 scilicet
471 4024 659 4082 visitacionis
676 4026 810 4097 gloriose
834 4043 959 4101 semper
975 4028 1104 4100 virginis
1120 4028 1216 4086 Marie
1231 4043 1330 4086 unum
1346 4028 1449 4087 civem

183 4128 316 4186 civitatis
341 4129 454 4187 montis
478 4130 640 4189 Grecensis
664 4133 702 4189 de
726 4133 812 4190 iuxta
828 4132 1023 4205 Zagrabiam,
1038 4133 1163 4191 nomine
1179 4132 1352 4206 Georgium
1367 4136 1449 4194 auri·

182 4229 316 4303 fabrum,
340 4249 415 4292 ausu
440 4239 604 4296 temerario
637 4246 667 4295 et
690 4240 819 4313 propria
840 4254 895 4295 sua
919 4239 950 4296 vi
974 4246 1081 4297 contra
1104 4240 1281 4297 libertatem
1312 4239 1448 4299 civitatis

182 4338 301 4412 prefate
332 4340 363 4396 in
394 4340 487 4399 domo
518 4345 689 4401 exaccionis
722 4345 819 4418 ipsius
849 4345 1004 4402 tricesime
1034 4345 1266 4404 convencionali
1296 4345 1328 4403 in
1365 4345 1448 4406 dicta

183 4445 307 4502 civitate
330 4445 446 4512 habita,
472 4446 603 4506 detinuit
626 4456 656 4507 et
679 4451 883 4524 incaptivavit
906 4451 937 4508 in
961 4450 1168 4523 preiudicium
1197 4448 1276 4526 juris
1305 4458 1336 4509 et
1366 4451 1449 4512 dicte

181 4550 336 4608 libertatis
360 4552 457 4625 ipsius
481 4555 622 4613 civitatis.
646 4556 683 4613 Et
706 4572 778 4614 cum
800 4557 869 4630 ipso
893 4556 975 4614 lacto
998 4555 1101 4632 judex,
1132 4555 1227 4633 jurati
1256 4563 1287 4614 et
1308 4559 1449 4618 universi

182 4655 264 4712 cives
289 4670 324 4712 ac
356 4663 419 4714 tota
443 4661 648 4719 communitas
671 4662 804 4720 civitatis
827 4663 965 4738 predicte
988 4679 1083 4737 penes
1105 4665 1174 4739 ipsa
1193 4661 1262 4740 jura
1287 4669 1318 4723 et
1347 4663 1447 4724 dictas

181 4760 341 4819 libertates
365 4764 499 4824 civitatis
524 4767 642 4840 prefate
666 4769 774 4827 eadem
794 4767 863 4845 jura
886 4777 916 4828 et
939 4772 1023 4845 ipsas
1046 4771 1206 4831 libertates
1228 4784 1338 4830 eorum
1367 4773 1450 4832 tueri

181 4874 211 4924 et
234 4867 394 4928 defensare
416 4880 597 4948 satagentes,
614 4876 718 4949 ipsum
735 4878 993 4936 tricesimatorem
1014 4895 1069 4936 seu
1093 4881 1270 4936 exactorem
1291 4876 1450 4963 tricesime
