3278 5348
193 408 252 482 362
498 401 571 462 Doc.
594 412 665 476 293.
688 411 763 476 294,
786 430 825 440 -
847 395 904 454 An.
928 403 1143 474 1474-1475.

193 637 269 696 quas
292 620 438 696 pendenti
461 617 567 690 sigillo
589 620 695 674 nostro
716 614 920 686 consignatas,
944 610 1057 687 prefati
1078 610 1186 688 judici,
1209 610 1383 689 juratisque
1418 612 1454 670 ci·

191 729 284 786 ribus
307 734 336 784 et
360 724 575 784 communitati
598 722 679 781 dicte
702 721 837 779 civitatis
860 720 974 778 montis
998 719 1161 778 Grecensis
1185 718 1340 778 duximus
1355 733 1454 777 conce·

192 833 316 892 dendas
340 834 456 891 Datum
477 833 507 889 in
532 830 610 889 festo
623 830 787 887 beatorum
805 826 1005 884 Innocentum
1028 827 1203 884 martirum,
1225 827 1319 885 Anno
1342 825 1452 884 domini

191 942 362 999 millesimo
385 937 692 1012 quadringentesimo
715 935 945 1007 septuagesimo
969 933 1073 992 tercio.

296 1075 430 1140 Originnle
459 1076 486 1124 in
513 1074 668 1124 membrana.
698 1074 769 1121 Zona
797 1071 893 1121 sericea
922 1070 1031 1120 violacei
1056 1078 1082 1119 et
1106 1071 1198 1122 viridis
1216 1069 1314 1122 coloris
1332 1069 1452 1137 appendet

189 1167 288 1230 absque
307 1164 402 1229 sigillo.
422 1166 454 1212 In
472 1163 568 1214 archiv,
589 1162 649 1215 inci.
669 1161 753 1213 Aond.
773 1160 868 1211 Solent
893 1159 991 1211 Slavor.
1011 1160 1102 1211 merid.

778 1391 865 1458 aba.

295 1537 375 1585 Anno
397 1548 472 1600 1474,
495 1547 533 1586 ιο.
554 1536 678 1600 Augusti.
698 1533 845 1585 Holomuc‘u

189 1664 333 1733 Matthias,
356 1664 534 1737 Hungariae
548 1669 596 1719 etc.
609 1680 672 1731 rex,
688 1661 883 1719 communitate
899 1660 1023 1717 civitatis
1038 1661 1142 1718 montis
1162 1659 1317 1719 Grecensis
1331 1660 1451 1731 mandat,

576 1776 610 1826 ut
629 1769 690 1826 eius
711 1767 898 1826 bonbardam
920 1774 1073 1826 conservet.

799 1907 840 1956 De
864 1906 1044 1956 commissione
1063 1906 1168 1972 propria
1187 1906 1288 1957 domini
1306 1908 1381 1972 regis.

293 2020 425 2078 Mathias
449 2020 499 2079 dei
522 2021 625 2093 gracia
648 2036 703 2077 rex
726 2021 894 2092 Hungarie,
911 2020 1057 2077 Bohemie
1079 2025 1136 2077 etc.
1159 2018 1322 2078 Fidelibus
1344 2019 1448 2078 nostris

187 2127 394 2202 prudentibus
418 2134 448 2185 et
471 2128 703 2201 circumspectis
727 2126 821 2184 iudici
845 2131 875 2184 et
899 2126 1015 2196 iuratis,
1038 2125 1211 2199 ceterisque
1232 2126 1356 2185 civibus
1382 2126 1448 2185 ciri·

187 2235 259 2291 tatis
282 2238 386 2291 nostre
404 2234 516 2291 montis
533 2232 704 2303 Grecensis,
720 2233 852 2290 salutern
871 2239 900 2290 et
923 2232 1068 2305 graciam.
1091 2231 1308 2292 Intelleximus
1324 2233 1449 2307 qualiter

186 2340 329 2398 nonnulli
360 2340 469 2410 forent,
502 2340 555 2413 qui
587 2340 676 2396 illam
709 2338 904 2399 bondardam
935 2344 1081 2410 nostram,
1106 2337 1205 2396 choka
1236 2346 1448 2413 nuncupatam

186 2462 280 2520 quam
311 2447 524 2520 superioribus
556 2446 754 2518 temporibus
786 2444 968 2518 magnificus
999 2443 1119 2502 Blasius
1149 2445 1281 2517 Magyar
1304 2447 1394 2504 vobis
1415 2443 1449 2502 ad

186 2552 432 2611 conservandum
448 2552 625 2624 assignavit,
641 2551 681 2609 ad
696 2559 795 2610 castra
813 2566 922 2610 eorum
937 2550 1092 2609 abducere
1109 2551 1236 2619 vellent,
1261 2558 1448 2627 quapropter

185 2658 329 2716 tidelitati
359 2664 460 2717 vestre
492 2658 624 2716 firmiter
655 2657 847 2728 mandamus,
871 2663 1021 2731 quatenus
1052 2657 1168 2715 nemini
1199 2658 1326 2716 interim
1356 2659 1448 2732 ipsam

187 2765 384 2822 bonbardam
408 2765 482 2822 dare
513 2763 659 2836 debeatis,
682 2779 843 2838 quousque
867 2763 1001 2838 speciale
1024 2762 1208 2822 mandatum
1233 2772 1376 2824 nostrum
1402 2779 1445 2823 su·

188 2870 316 2941 perinde
340 2887 399 2929 non
423 2871 577 2941 videbitis
594 2873 742 2928 volumus
765 2873 858 2946 enim,
873 2877 906 2928 ut
930 2870 983 2929 ubi
1006 2870 1137 2929 eandem
1160 2872 1273 2945 reponi
1297 2873 1445 2943 iussimus,

185 2973 260 3032 dum
284 2992 405 3035 neeesse
422 2977 514 3036 inerit
531 2978 628 3035 eciam
643 2978 781 3036 invenire
804 2978 974 3036 valeamus.
991 2976 1086 3035 Secus
1110 2991 1172 3036 non
1196 2976 1320 3038 facturi
1337 2979 1446 3037 Datum

184 3079 214 3136 in
239 3082 388 3139 Olumucz
411 3084 442 3141 in
466 3083 544 3141 sesto
569 3084 650 3142 beati
667 3084 826 3141 Laurencii
850 3085 992 3143 martiris.
1016 3087 1106 3142 Anno
1134 3083 1255 3143 domini
1280 3086 1442 3146 millesimo

184 3185 486 3259 quadringentesimo
519 3191 603 3247 LXX
627 3196 746 3263 quarto.
777 3191 956 3264 Regnorum
987 3197 1164 3249 nostrorum
1188 3207 1271 3251 anno
1294 3194 1445 3268 Hungarie

183 3295 237 3347 etc.
263 3292 384 3350 decimo
407 3298 548 3368 septimo,
574 3297 720 3355 Bohemie
744 3312 819 3355 vero
842 3303 937 3356 sextu.

288 3428 422 3491 Originale
441 3434 467 3482 in
486 3435 581 3485 charta.
602 3437 633 3484 Iu
653 3437 766 3500 margine
785 3438 901 3488 inferiori
917 3437 1031 3503 sigillum
1050 3437 1129 3490 anuli.
1150 3440 1182 3487 In
1200 3438 1317 3490 archivio
1336 3439 1380 3490 lib.
1399 3455 1444 3503 reg.

182 3517 231 3571 civ.
251 3519 351 3579 zagrab.

778 3704 866 3772 294.

286 3856 366 3905 Anno
389 3869 462 3922 1475,
484 3871 522 3909 ιι,
543 3862 634 3909 martii.
655 3864 802 3926 Zagrabiae.

179 3984 267 4042 Eleas
297 3986 331 4043 de
363 3985 518 4065 Saplonca,
551 3991 680 4050 nii-arius
709 3995 879 4072 biennalis,
904 3995 1039 4069 plebanis
1061 3995 1299 4068 nagrabiensibus
1321 3995 1441 4065 mndat,

179 4100 213 4150 ut
240 4095 313 4152 cives
341 4095 478 4168 quosdam
510 4095 551 4152 ad
579 4098 733 4169 legationes
763 4102 991 4159 testamentarius
1022 4103 1139 4175 collegia
1162 4102 1440 4176 praebendariorum

646 4205 802 4263 nntriendos
825 4209 1000 4279 contpellant.

283 4344 366 4403 Elias
395 4344 434 4402 de
457 4343 636 4418 Sopioncza‚
653 4354 755 4407 custos
779 4351 969 4410 chasmensis
999 4359 1028 4410 et
1052 4353 1374 4434 canonicusuecclesie
1394 4367 1440 4413 aa·

177 4452 348 4523 grabiensis
379 4467 414 4509 ac
447 4454 634 4511 venerabilis
665 4458 805 4528 magistri
836 4458 952 4531 Georgi
983 4459 1192 4518 archidiaconi
1224 4458 1263 4518 de
1292 4459 1394 4519 Bexen
1414 4463 1443 4518 et

177 4558 320 4616 similiter
351 4560 489 4617 canonici
512 4575 547 4617 ac
575 4561 681 4619 vicarii
705 4564 736 4620 in
770 4565 986 4638 spiritualibus
1010 4565 1149 4624 eiusdem
1172 4566 1301 4626 ecclesie
1324 4568 1442 4626 locum·

178 4671 291 4724 tenens.
323 4665 357 4722 In
388 4666 512 4725 Christo
541 4667 631 4726 nobis
665 4670 781 4728 sincere
813 4671 943 4744 dilectis,
967 4672 1207 4732 honorabilibus
1238 4680 1269 4732 et
1300 4673 1440 4734 discretis

175 4771 259 4841 viris,
284 4770 433 4831 dominis:
458 4775 580 4831 Matheo
605 4775 643 4834 de
667 4782 772 4835 monte
796 4777 1104 4853 G1·ecensi,Geurgio
1128 4781 1220 4839 beate
1243 4781 1440 4854 Margarethe

175 4878 303 4953 virginis
335 4879 373 4939 de
404 4883 555 4941 suburbio
586 4882 734 4955 eiusdem,
765 4889 795 4943 et
828 4885 862 4943 N.
887 4887 969 4943 beati
999 4886 1149 4971 Johannis
1180 4887 1218 4948 de
1241 4887 1332 4947 Nova
1361 4889 1438 4949 villa
