3278 5348
617 440 690 497 Dec.
708 454 783 517 343.
808 473 850 483 —
873 440 930 500 An.
956 439 1048 519 1487.

195 544 442 551 ——-.———-

783 687 873 752 343.

301 828 380 875 Auno
403 829 477 891 1487,
497 840 521 890 7.
542 828 639 892 aprilis.
662 830 771 879 Romae.

198 935 244 992 Ab
264 936 428 993 Innocentio
453 937 536 998 Vlll.
553 944 647 1012 papo,
664 938 790 1010 capitulo
811 939 927 1010 zogrob.
935 946 1102 1011 praetante,
1117 947 1289 999 statutorum
1312 945 1456 1018 comgcn·

505 1043 614 1119 dorum,
639 1040 898 1118 mutandornmqne
911 1046 1043 1119 facultas
1065 1046 1160 1107 datur.

298 1186 495 1244 Innocencius
518 1187 683 1261 episcopus
706 1203 814 1245 servus
846 1203 1008 1247 servorum
1032 1189 1090 1247 dei.
1122 1189 1251 1249 Dilectis
1274 1191 1349 1251 filiis
1372 1197 1457 1271 capi-

192 1290 260 1350 tulo
283 1294 484 1366 zagrabiensi,
506 1295 638 1351 salutem
663 1300 692 1351 et
715 1295 919 1368 apostolicam
944 1295 1197 1355 benedictionem.
1229 1297 1290 1356 Piis
1313 1299 1456 1360 fidelium

191 1399 273 1456 votis
293 1415 331 1456 ex
355 1400 469 1473 quibus
492 1399 666 1457 animarum
691 1400 823 1457 salutem
839 1405 869 1457 et
885 1401 1146 1459 conscienciarum
1171 1402 1305 1475 quietem
1330 1407 1457 1479 prodire
1538 1441 1545 1456 ·

192 1505 400 1578 conspicimus
424 1506 556 1563 libenter
580 1506 744 1564 annuimus
769 1514 862 1579 atque
893 1506 1053 1565 favoribus
1086 1509 1306 1582 prosequimur
1338 1526 1454 1587 oppor-

193 1611 284 1669 tunis.
307 1610 388 1670 Sane
411 1626 469 1685 pro
494 1617 582 1686 parte
605 1617 709 1670 vestra
732 1613 823 1670 nobis
846 1629 945 1686 nuper
969 1614 1108 1671 exhibita
1132 1616 1244 1688 peticio
1268 1618 1452 1693 continebat,

192 1716 324 1789 quodsi
347 1722 459 1776 statuta
483 1718 611 1777 ecclesie
632 1724 734 1776 vestre
757 1720 964 1791 zagrabiensis
987 1719 1119 1778 decursu
1143 1722 1204 1779 iam
1228 1723 1315 1782 annis
1332 1730 1456 1784 centum

191 1823 416 1897 quinquaginta
440 1824 490 1883 vel
514 1825 595 1883 circa
619 1825 701 1883 edita
724 1831 755 1883 et
779 1826 957 1900 compilata,
982 1831 1094 1887 extunc
1112 1828 1313 1902 postmodum
1327 1831 1455 1891 minime

191 1929 355 1988 immutata
379 1946 415 1988 ac
440 1936 626 2005 temporum,
651 1946 864 2004 personarum,
889 1947 1056 2005 rerumque
1072 1933 1312 2007 condicionibus,
1330 1939 1455 1997 mutatis

191 2036 455 2110 oportunitatibus
478 2037 559 2096 dicte
582 2036 710 2095 ecclesie
734 2053 790 2110 pro
822 2052 933 2110 magna
963 2043 1051 2111 parte
1083 2039 1210 2098 minime
1237 2040 1454 2118 deserviencia,

191 2156 326 2215 quorum
350 2143 455 2216 aliqua
478 2143 507 2215 ii,
532 2144 640 2216 quiin
663 2143 772 2202 eadem
796 2143 924 2202 ecclesia
947 2144 1086 2202 obtinent
1110 2160 1169 2217 pro
1191 2153 1332 2222 tempore
1355 2148 1454 2222 digni·

190 2254 276 2319 tates,
300 2250 495 2307 canonicatus
518 2256 548 2307 et
571 2249 745 2323 prebendas
768 2251 936 2307 observare
959 2250 1124 2309 commode
1146 2259 1311 2325 nequeunt,
1335 2257 1451 2315 exami-

190 2360 346 2426 narentur,
370 2357 598 2429 corrigerentur
621 2357 700 2414 etsi
723 2371 803 2429 opus
824 2355 903 2413 foret
927 2372 964 2413 ex
989 2361 1052 2414 toto
1076 2365 1268 2417 cassarentur
1291 2368 1321 2417 et
1344 2362 1450 2420 abole·

189 2468 298 2520 rentur
320 2467 350 2520 et
373 2463 435 2520 alia
458 2462 667 2521 convenienda
690 2462 861 2532 ederentur,
885 2478 922 2519 ex
947 2462 1018 2520 inde
1042 2463 1179 2535 prefecto
1211 2464 1292 2523 dicta
1322 2468 1453 2526 ecclesia

189 2568 223 2625 in
244 2568 461 2642 spiritualibus
483 2574 514 2626 et
537 2569 764 2642 temporalibus
788 2569 956 2641 susciperet
980 2569 1205 2627 incrementum
1236 2578 1266 2628 et
1290 2574 1358 2645 paci
1382 2590 1453 2632 con·

188 2675 398 2745 scientiarum,
421 2674 594 2747 dignitates,
618 2675 814 2733 canonicatus
837 2679 867 2732 et
898 2674 1072 2748 prebendas
1103 2676 1280 2735 huiusmodi
1312 2679 1453 2738 obtinen-

189 2780 282 2853 cium,
317 2782 371 2855 qui
406 2781 445 2839 de
479 2781 543 2839 illis
574 2780 778 2840 observandis
808 2781 839 2840 in
864 2796 972 2839 eorum
996 2782 1175 2855 recepcione
1197 2784 1400 2858 prestiterunt
1422 2792 1452 2845 et

188 2893 328 2962 prestant
362 2902 420 2962 pro
451 2891 593 2962 tempore
623 2888 787 2962 corporale
815 2888 1035 2962 iuramentum,
1062 2889 1136 2961 quia
1165 2891 1315 2948 nonnulla
1347 2907 1385 2949 ex
1408 2893 1452 2951 eis

188 3009 313 3053 servare
335 2995 491 3066 omittunt,
514 3001 622 3069 utpote
646 2995 774 3053 ecclesie
798 2996 900 3053 minus
922 2995 1011 3053 utilia
1034 3000 1064 3053 et
1088 3001 1265 3070 temporum
1278 2997 1452 3057 condicioni

188 3102 342 3160 contraria
375 3108 405 3159 et
439 3101 656 3172 adversancia,
687 3106 840 3176 oportune
872 3101 1091 3159 consuleretur.
1128 3099 1232 3174 Quare
1268 3118 1326 3176 pro
1361 3111 1451 3178 parte

186 3214 290 3265 vestra
313 3209 402 3265 nobis
425 3206 484 3265 fuit
506 3207 666 3265 humiliter
689 3207 909 3281 supplicatum,
942 3212 976 3265 ut
999 3222 1055 3264 vos
1078 3222 1096 3264 a
1118 3204 1293 3282 juramento
1316 3225 1372 3283 per
1397 3225 1452 3269 vos

184 3314 315 3388 prestito
338 3330 431 3387 super
452 3315 606 3373 dictorum
630 3320 816 3373 statutorum
832 3316 1046 3373 observatione
1067 3314 1231 3373 absolvere
1252 3321 1281 3374 et
1305 3332 1376 3375 cum
1401 3333 1451 3376 re·

184 3420 318 3478 nerabili
354 3418 449 3478 fratre
481 3427 585 3480 nostro
616 3422 763 3495 episcopo
794 3421 986 3494 zagrabiensi
1010 3422 1113 3479 omnia
1137 3426 1168 3478 et
1191 3421 1314 3495 singula
1336 3429 1450 3482 statuta

185 3526 364 3585 huiusmodi
386 3528 480 3586 etiam
504 3529 677 3586 iuramento
707 3535 736 3585 et
767 3528 938 3602 apostolica
961 3527 1142 3585 auctoritate
1166 3527 1350 3587 confirmata
1373 3545 1444 3588 erra·

186 3633 312 3705 minare,
335 3635 498 3706 corrigere,
522 3641 652 3705 mutare,
673 3633 844 3693 reformare
868 3641 897 3692 et
921 3634 1070 3692 innovare
1094 3649 1129 3691 ac
1163 3634 1299 3693 totaliter
1330 3650 1450 3694 cassare

185 3744 214 3796 et
237 3739 299 3796 alia
322 3739 470 3813 personis,
495 3740 571 3797 locis
595 3745 624 3797 et
647 3740 843 3815 temporibus
866 3739 1033 3798 accomoda
1058 3739 1148 3796 edere
1172 3738 1271 3798 libere
1304 3747 1333 3799 et
1364 3742 1449 3800 licite

184 3846 324 3920 valeatis,
346 3847 503 3905 licentiam
527 3852 557 3904 et
588 3846 767 3905 facultatem
792 3848 882 3904 vobis
905 3846 1081 3918 concedere,
1105 3855 1134 3903 et
1158 3863 1218 3920 que
1241 3847 1285 3905 sic
1307 3847 1383 3920 fieri,
1403 3847 1450 3906 in·

184 3952 295 4011 novari
318 3958 347 4010 et
371 3951 536 4011 reformari
565 3955 763 4026 contingeret,
799 3954 960 4012 observari
984 3952 1140 4023 mandare,
1164 3953 1303 4027 aliasque
1326 3954 1357 4011 in
1380 3970 1450 4029 pre·

184 4059 287 4117 missis
311 4060 402 4118 vobis
425 4067 455 4119 et
478 4060 559 4119 dicte
581 4063 708 4120 ecclesie
731 4067 883 4135 oportune
907 4060 1074 4135 providere
1103 4059 1141 4117 de
1164 4060 1352 4133 benignitate
1375 4073 1450 4135 apo·

182 4166 292 4224 stolica
316 4165 522 4239 dignaremur.
548 4167 610 4226 Nos
626 4169 739 4241 itaque,
757 4169 812 4241 qui
827 4168 1028 4226 ecclesiarum
1045 4167 1266 4240 quarumlibet,
1284 4167 1449 4240 presertim

184 4271 412 4331 cathedralium
434 4280 464 4331 et
488 4289 690 4348 personarum
721 4273 902 4332 earumdem
934 4273 1086 4331 laudabili
1116 4272 1260 4345 regimini
1291 4278 1322 4331 et
1352 4272 1449 4331 refor-

183 4379 312 4437 mationi
329 4379 462 4437 libenter
475 4381 675 4448 consulimus,
688 4380 866 4439 huiusmodi
880 4380 1160 4455 supplicationibus
1184 4379 1330 4452 inclinati,
1348 4380 1447 4452 vobis,

181 4491 216 4543 ut
238 4500 310 4543 cum
333 4485 416 4544 dicto
439 4488 586 4561 episcopo
602 4488 706 4545 omnia
730 4493 760 4545 et
781 4487 904 4560 singula
928 4492 1041 4544 statuta
1064 4486 1252 4558 huiusmodi,
1282 4487 1376 4544 etiam
1400 4483 1449 4562 ju·

181 4596 322 4650 ramento
357 4598 387 4650 et
421 4594 592 4666 apostolica
628 4594 811 4651 auctoritate
843 4592 1034 4664 confirmata,
1066 4592 1251 4664 examinare,
1283 4591 1446 4665 corrigere,

183 4703 314 4770 mutare,
344 4698 517 4758 reformare
548 4706 579 4758 et
607 4700 755 4759 innovare
785 4715 821 4758 ac
851 4700 986 4758 totaliter
1017 4713 1136 4757 cassare
1159 4703 1189 4755 et
1212 4698 1275 4756 alia
1298 4698 1447 4773 personis,

182 4803 259 4863 locis
283 4812 313 4863 et
335 4806 530 4879 temporibus
554 4806 702 4880 predictis
725 4806 894 4866 accomoda
917 4806 1008 4864 edere
1041 4806 1140 4863 libere
1163 4812 1193 4862 et
1216 4804 1299 4862 licite
1323 4803 1447 4878 possitis

183 4925 220 4968 ac
243 4910 383 4986 valeatis,
418 4913 575 4972 licentiam
610 4922 640 4972 et
675 4912 855 4973 facultatem
891 4912 1104 4983 concedimus„
1121 4926 1218 4985 eaque
1242 4911 1286 4969 sic
1309 4926 1366 4985 per
1390 4924 1445 4968 vos
