3278 5348
610 408 685 468 Doc.
704 401 782 483 366.
805 440 849 449 —
872 407 929 464 An.
953 419 1043 483 1492.
1238 397 1240 400 ’
1392 411 1453 484 487

186 623 320 706 condam
342 624 457 682 nobilis
482 624 603 680 Marcus
631 622 670 681 de
703 623 830 690 Chawa‚
866 621 941 680 dum
972 622 1074 679 adhuc
1100 622 1131 679 in
1162 623 1305 682 humanis
1335 622 1453 695 fuisset,

186 731 264 788 duas
288 730 380 788 villas
415 745 494 801 suas,
529 728 674 787 videlicet
715 729 878 800 Korythno
910 730 940 787 in
977 728 1158 787 dombrensi
1188 744 1224 785 ac
1255 728 1396 802 Nowalry
1419 731 1450 788 in

185 839 288 895 insula
313 836 456 908 lwanycb
488 828 712 914 (comitatibus)
745 835 866 893 habitas
898 842 928 892 et
951 835 1124 905 existentes,
1148 849 1205 907 pro
1236 835 1335 894 salute
1351 836 1453 895 anime

186 959 249 1014 sue,
273 958 464 1015 suorumque
488 942 732 1015 progenitorum,
757 940 905 1000 fratribus
929 940 1176 999 Predicatoribus
1200 939 1351 1017 dictorum
1383 957 1454 1000 con·

186 1056 338 1106 ventuum
365 1062 423 1122 pro
446 1048 659 1105 celebracione
684 1048 847 1105 missarum
872 1053 1094 1120 perpetuarum
1119 1046 1231 1104 futuris
1260 1049 1454 1122 temporibus

188 1171 244 1228 per
267 1155 351 1229 ipsos
375 1154 549 1212 fiendarum
573 1154 604 1211 in
628 1159 811 1227 perpetuam
835 1154 1038 1211 elemosinam
1062 1160 1092 1210 et
1116 1153 1339 1226 patrimonium
1357 1155 1453 1212 cruci·

185 1261 242 1318 fixi
265 1260 408 1318 donasset
431 1268 460 1318 et
485 1264 711 1333 perpetuasset;
750 1265 853 1316 tamen
884 1257 1072 1316 reverendus
1103 1257 1248 1316 dominus
1278 1259 1453 1330 Oswaldus,

188 1369 353 1441 episcopus
377 1366 593 1439 zagrabiensis,
616 1364 713 1423 dictas
745 1366 952 1439 possessiones
982 1373 1088 1423 contra
1118 1363 1187 1440 jura
1216 1370 1246 1423 et
1275 1366 1452 1424 voluntates

189 1472 344 1530 dictorum
368 1471 500 1529 fratrum
524 1471 566 1528 ab
588 1473 675 1528 annis
698 1470 833 1529 sedecim
857 1471 1003 1528 anteactis
1026 1471 1077 1529 vel
1101 1472 1178 1529 citra
1201 1471 1262 1530 sibi
1284 1471 1345 1545 ipsi
1361 1486 1450 1529 occu·

188 1580 257 1653 pari
280 1579 410 1649 fecisset,
433 1585 661 1651 occupatasque
684 1579 780 1636 teneri
804 1578 924 1637 fecisset
946 1579 1044 1636 eciam
1075 1577 1114 1636 de
1137 1579 1272 1652 presenti
1294 1578 1325 1635 in
1349 1577 1452 1651 preiu·

186 1686 303 1744 dicium
327 1692 356 1743 et
380 1685 529 1743 damnum
552 1683 733 1742 eorumdem
758 1684 850 1741 valde
874 1699 1040 1756 magnum;
1066 1699 1137 1742 cum
1162 1690 1264 1742 tamen
1288 1682 1372 1741 idem
1395 1683 1451 1741 do·

187 1793 290 1849 minus
322 1791 485 1866 episcopus
520 1806 592 1848 cum
623 1790 784 1847 nobilibus
819 1791 867 1848 sui
890 1791 1086 1864 episcopatus
1109 1789 1206 1849 dictas
1231 1790 1447 1864 possessiones,

186 1897 394 1956 mediantibus
425 1898 536 1955 litteris
566 1898 628 1955 suis
651 1894 891 1972 adjudicatoriis,
922 1896 1039 1955 eisdem
1073 1895 1222 1954 fratribus
1245 1895 1452 1955 adiudicasset

187 2011 217 2061 et
251 2010 473 2077 perpetuasset.
506 2003 595 2061 Unde
627 2002 708 2060 facta
739 2003 917 2061 huiusmodi
941 2004 1165 2076 protestacione
1189 2002 1331 2078 prefatus
1355 2002 1452 2062 frater

184 2110 340 2193 Johannes
357 2109 491 2167 doctoris
504 2106 567 2183 (sict
586 2111 616 2166 in
640 2124 694 2166 sua
715 2124 750 2166 ac
766 2114 976 2167 conventuum
993 2109 1204 2183 predictorum
1217 2110 1396 2168 nominibus
1420 2114 1451 2168 et

186 2217 325 2289 personis
350 2221 558 2273 memoratum
571 2214 733 2273 dominum
749 2215 930 2273 Oswaldum
944 2217 1134 2289 episcopum,
1148 2231 1281 2288 suosque
1310 2216 1452 2273 homines

186 2327 217 2381 et
240 2321 391 2379 officiales
405 2323 501 2394 ipsius
513 2322 646 2392 nomine,
670 2329 722 2378 aut
736 2322 815 2378 alios
832 2322 989 2394 quoslibet
1001 2322 1041 2378 ab
1054 2321 1232 2379 huiusmodi
1250 2321 1352 2378 minus
1371 2320 1452 2397 justa

188 2429 395 2502 occupacione
417 2435 446 2485 et
470 2427 648 2485 detencione
671 2428 825 2485 dictarum
850 2430 1079 2501 possessionum
1103 2444 1135 2485 se
1166 2443 1260 2501 quam
1290 2428 1321 2485 in
1353 2426 1453 2486 domi·

185 2536 272 2594 nium
295 2534 463 2592 earundem
486 2535 715 2592 intromissione
738 2542 790 2591 aut
813 2534 1052 2606 statuifaccione,
1076 2533 1293 2591 usufructuum
1330 2541 1360 2592 et
1376 2549 1453 2608 qua-

187 2642 338 2699 rumlibet
361 2640 530 2697 utilitatum
555 2640 724 2697 earundem
756 2642 957 2713 percepcione
988 2655 1040 2698 seu
1082 2638 1355 2713 percipifaccionc;
1385 2641 1454 2699 loca

187 2763 262 2806 vero
297 2748 481 2820 capitularia
516 2752 546 2804 et
578 2747 794 2804 conventualia
829 2749 869 2803 ab
901 2746 1118 2804 extradacione
1141 2754 1171 2803 et
1194 2745 1453 2805 emanarifacione

186 2853 362 2911 litterarum
385 2851 679 2910 introductoriarum
705 2860 734 2908 et
758 2854 990 2910 statutoriarum
1015 2852 1252 2924 quomodolibet
1283 2852 1372 2910 factis
1403 2852 1454 2911 vel

186 2959 297 3017 fiendis
332 2959 493 3033 prohibuit
525 2957 766 3015 contradicendo
801 2964 830 3016 et
865 2958 1052 3016 contradixit
1075 2957 1244 3015 inhibendo
1268 2958 1397 3031 publice
1421 2968 1451 3017 et

186 3064 347 3123 manifeste
371 3079 477 3121 coram
508 3064 609 3121 nobis.
642 3064 759 3121 Datum
790 3065 840 3122 die
872 3063 1026 3122 dominica
1059 3065 1201 3137 proxima
1232 3071 1304 3137 post
1337 3064 1451 3123 festum

187 3172 399 3244 concepcionis
423 3172 512 3228 beate
536 3172 631 3228 Marie
667 3172 802 3243 virginis.
837 3175 924 3229 Anno
956 3171 1075 3229 domini
1107 3171 1275 3228 millesimo
1306 3171 1452 3244 quadrin-

185 3279 355 3351 gentesimo
378 3277 578 3345 nonagesimo
603 3277 748 3334 secundo.

292 3412 425 3476 Originale
443 3413 470 3460 in
488 3413 583 3463 charta.
605 3414 631 3460 Α
651 3420 723 3475 tergo
742 3413 879 3474 vestigium
898 3412 1016 3475 impressi
1036 3411 1125 3474 sigilli.
1150 3413 1181 3459 In
1200 3411 1315 3461 archivio
1334 3412 1380 3463 lib.
1401 3429 1454 3475 reg,

185 3503 232 3553 civ.
254 3502 353 3565 zagrab.

775 3696 863 3760 366.

292 3804 372 3850 Anno
396 3813 469 3863 1492.
489 3801 636 3864 Zagrabine.

192 3932 310 4000 Gallus,
334 3931 449 3987 institor
471 3937 498 3987 ct
518 3931 588 3986 civis
610 3930 726 4001 zagrab.
753 3930 914 3998 Iohannem
945 3930 1101 3987 Corvinum
1125 3930 1220 3987 ducem
1245 3938 1322 4000 orat,
1337 3938 1371 3988 ut
1383 3932 1452 3988 ciui·

185 4039 253 4095 tatis
277 4037 418 4110 deputatis
439 4035 561 4104 ntandei,
585 4041 620 4092 ul
639 4035 673 4091 de
695 4053 794 4102 causo,
823 4054 909 4109 quom
941 4053 1002 4091 cum
1032 4035 1202 4108 quibusdam
1234 4036 1344 4094 civibus
1375 4038 1448 4110 agt't,

674 4143 840 4198 seutentiam
856 4143 969 4215 scrutil.

290 4286 501 4344 Illustrissime
532 4286 677 4358 princeps
711 4294 739 4342 et
768 4285 900 4355 domine,
932 4285 1055 4343 domine
1079 4286 1314 4358 graciosissime.
1339 4286 1451 4345 Gallus

183 4393 305 4451 institor
329 4393 405 4450 civis
428 4392 519 4448 huius
543 4392 676 4448 civitatis
690 4398 791 4448 vestre
815 4392 927 4449 montis
951 4392 1112 4451 Grecensis
1130 4393 1237 4465 quales
1260 4399 1291 4449 et
1315 4397 1448 4465 quantas

183 4499 351 4570 molestias,
374 4498 602 4567 tribulaciones,
626 4497 770 4554 infamias
794 4503 824 4555 et
856 4498 1047 4554 calamitates
1071 4514 1089 4554 a
1113 4497 1301 4571 quibusdam
1324 4497 1450 4556 duobus

182 4606 361 4663 concivibus
394 4605 464 4673 suis,
500 4603 644 4660 videlicet
669 4603 845 4661 Valenchelr
877 4611 906 4661 et
931 4605 1049 4661 Lucam
1076 4600 1250 4677 Rybarych,
1286 4604 1386 4662 adhuc
1416 4605 1446 4663 in

184 4711 247 4769 vita
281 4710 379 4768 felicis
409 4709 637 4768 recordacionis
666 4711 818 4768 carissimi
849 4712 996 4783 genitoris
1020 4718 1122 4770 vestre
1149 4711 1359 4770 illustrissime
1390 4710 1446 4769 do·

184 4817 364 4875 minacionis
388 4816 532 4875 videlicet
554 4816 741 4874 serenissimi
765 4817 883 4874 domini
907 4820 1012 4888 nostri,
1037 4818 1170 4876 condam
1194 4818 1313 4876 domini
1332 4817 1446 4876 Mathie

183 4923 341 4998 Hungurie
363 4923 444 4997 regis
466 4931 521 4982 etc.
544 4924 722 4997 susceperit,
746 4923 876 4996 longum
892 4931 971 4982 esset
986 4939 1091 4982 coram
1116 4925 1151 4982 V.
1175 4923 1196 4982 l.
1220 4925 1256 4982 D.
1279 4924 1449 5000 explicare,
