3278 5348
608 397 682 456 Doc.
710 394 778 474 346.
802 431 845 440 —
870 395 925 453 An.
950 390 1042 472 1487.
1388 409 1450 479 459

179 616 427 690 archydiaconus
438 621 469 673 et
482 615 648 687 Dyonisius
661 614 760 672 tocius
781 612 910 686 capituli
936 610 1083 685 prelibati
1106 616 1321 684 procuratores
1345 624 1450 668 coram

182 725 251 798 ipso
273 723 399 780 domino
416 722 584 780 Laurencio
600 721 808 791 asseruissent,
825 734 897 792 erga
915 733 1025 775 manus
1041 719 1099 774 sub
1116 717 1318 790 dominioque
1335 717 1452 775 civium

181 829 315 890 civitatis
339 827 476 903 predicte
500 826 628 900 pacifice
651 826 796 897 extitisse,
821 840 876 898 per
899 824 1044 897 idemque
1077 822 1249 898 capitulum
1281 829 1345 880 tam
1375 826 1452 880 tem·

183 951 260 1010 pore
292 934 443 1008 premisse
474 934 653 993 statucionis
679 947 787 991 eorum
819 946 914 1005 quarn
945 931 1043 989 eciam
1067 929 1234 987 concordie
1258 934 1287 986 et
1311 928 1452 986 fassionis

183 1057 309 1114 semper
332 1057 390 1113 pro
416 1047 502 1113 parte
526 1039 680 1098 dictorum
704 1038 832 1112 civium,
849 1043 884 1095 ut
901 1037 1100 1110 premittitur,
1118 1036 1345 1093 celebratarum
1364 1035 1452 1092 nulla

183 1146 385 1206 contradictio
415 1145 495 1203 iacta
527 1145 621 1227 fuisse
654 1161 708 1218 per
737 1146 841 1217 ipsum
874 1143 1036 1200 dominum
1061 1142 1268 1199 Laurencium
1292 1145 1453 1214 repertum

183 1253 328 1324 extiterit,
352 1251 498 1324 idemque
519 1250 663 1308 dominus
690 1250 877 1307 Laurencius
901 1255 964 1306 tam
989 1264 1027 1307 ex
1058 1264 1104 1319 eo,
1136 1263 1230 1321 quarn
1261 1247 1360 1305 eciam
1383 1261 1452 1320 pre·

183 1360 286 1418 missis
311 1373 367 1430 per
390 1358 493 1431 ipsum
524 1358 555 1414 in
589 1356 679 1414 dictis
711 1357 774 1414 suis
798 1357 909 1413 litteris
934 1355 1101 1412 declaratis
1125 1354 1307 1424 rationibus,
1329 1367 1451 1426 posses·

184 1468 287 1523 siones
310 1463 435 1522 easdem
459 1461 626 1534 Kobylyak
650 1469 680 1518 et
704 1461 865 1534 Zwyblian
891 1462 966 1535 ipsis
996 1462 1117 1519 civibus
1152 1459 1288 1533 predicte
1319 1457 1452 1516 civitatis

182 1571 297 1630 montis
321 1569 482 1627 Grecensis
506 1570 623 1641 pariter
645 1583 716 1625 eum
739 1567 887 1641 predictis
910 1567 1044 1625 dominis
1069 1567 1206 1641 prelatis,
1234 1565 1405 1624 baronibus
1421 1569 1451 1620 et

182 1679 270 1750 regni
292 1677 452 1735 nobilibus
475 1675 638 1732 autoritate
662 1689 716 1730 sua
740 1674 899 1731 iudiciaria
923 1674 1077 1732 mediante
1093 1672 1316 1731 adiudicaverit
1332 1677 1362 1728 et
1378 1669 1452 1730 reli·

184 1784 285 1858 querit
316 1789 467 1857 perpetuo
498 1780 708 1854 possidendas,
741 1781 865 1852 insuper
896 1781 998 1853 ipsum
1036 1779 1208 1852 capitulum
1230 1783 1373 1858 pretensa
1404 1790 1453 1834 ra·

183 1892 271 1948 cione
293 1890 357 1946 suis
380 1887 491 1958 litteris
515 1887 727 1960 preexhibitis,
751 1887 1007 1959 presentibusque
1034 1886 1063 1943 in
1097 1893 1179 1944 certa
1211 1889 1298 1958 parte
1329 1897 1452 1941 sensua-

182 1997 255 2062 liter
280 1994 453 2065 declaratis,
475 1992 659 2067 specificatis
682 2000 712 2050 et
736 1992 896 2062 denotatis,
920 1998 1067 2065 tanquam
1099 1992 1199 2064 sopite
1230 1991 1295 2049 litis
1326 1988 1452 2047 suscita·

184 2109 284 2160 torem
310 2102 341 2160 in
366 2101 517 2174 premisso
541 2099 623 2156 iacto
654 2099 831 2172 calumpnie
854 2103 960 2156 contra
983 2099 1066 2156 cives
1090 2098 1245 2171 predictos
1269 2094 1451 2155 innodatum

186 2207 281 2266 fuisse
304 2206 503 2275 commiserit,
524 2212 554 2263 et
578 2213 743 2278 postquam
768 2204 850 2261 idem
873 2205 1054 2277 capitulum,
1072 2213 1104 2260 ut
1121 2209 1293 2277 pretactum
1311 2210 1364 2272 est,
1381 2216 1451 2259 cum

185 2313 314 2389 prefatis
330 2313 452 2371 civibus
468 2312 601 2369 civitatis
618 2312 731 2368 montis
748 2310 909 2368 Grecensis
926 2318 1023 2368 certas
1041 2309 1262 2384 disposiciones
1278 2307 1451 2367 secundum

182 2426 324 2478 contenta
344 2419 592 2492 prescriptorum
609 2418 782 2476 litterarum
801 2433 927 2475 suarum
944 2417 1084 2475 iaciendo
1101 2418 1181 2475 inter
1195 2416 1272 2473 alias
1287 2413 1446 2472 clausulas

182 2532 214 2585 et
245 2525 392 2584 articulos
420 2524 600 2582 huiusmodi
631 2524 871 2598 disposicionum
897 2509 1035 2597 ipsarum
1059 2525 1198 2599 parcium
1224 2523 1255 2580 in
1279 2521 1452 2596 prescripta

183 2633 324 2691 clausula
341 2647 392 2688 seu
411 2631 543 2689 articulo
560 2636 730 2704 prenotato,
747 2633 888 2706 superius
905 2632 1099 2705 presentibus
1116 2631 1252 2688 seriatim
1268 2627 1452 2699 conscripto,

184 2738 364 2814 jobagiones
387 2743 418 2794 et
441 2738 576 2811 populos
600 2737 754 2795 dictorum
777 2738 893 2794 civium
917 2739 948 2794 in
971 2737 1057 2795 villis
1074 2736 1296 2810 prenominatis
1320 2734 1451 2807 Cherye,

185 2846 357 2914 Kralowcz,
381 2842 559 2916 Kobylyak,
583 2844 755 2916 Zwyblyan
779 2851 809 2901 et
833 2843 931 2900 Narth
954 2842 1122 2900 residentes
1153 2858 1171 2899 a
1194 2842 1351 2899 solucione
1382 2854 1452 2914 pre·

181 2951 292 3024 scripti
314 2966 422 3008 eorum
446 2950 554 3007 tributi
585 2950 757 3020 eximendo,
790 2966 845 3024 per
868 2951 989 3023 hocque
1020 2949 1225 3023 possessiones
1257 2949 1319 3006 iam
1352 2946 1450 3004 dictas

184 3058 324 3131 ipsorum
346 3056 462 3113 civium
488 3055 589 3127 fuisse,
618 3059 682 3114 suis
715 3058 826 3114 litteris
851 3057 1060 3114 mediantibus
1091 3056 1219 3129 proprio
1252 3069 1360 3112 eorum
1392 3053 1452 3111 sub

171 3163 290 3236 sigillo
312 3164 461 3220 emanatis
484 3164 782 3236 pronunciaverunt;
807 3163 865 3220 hiis
888 3164 986 3220 eciam
1011 3163 1170 3235 premissis
1202 3161 1381 3218 racionibus
1416 3164 1448 3217 et

185 3268 223 3326 de
246 3269 345 3327 causis
368 3269 458 3325 nobis
480 3276 510 3325 et
533 3268 667 3326 dominis
684 3270 820 3341 prelatis
837 3269 1017 3338 baronibus,
1034 3268 1198 3340 magistris,
1216 3266 1451 3343 prothonotario

185 3383 215 3433 et
238 3376 324 3447 regni
348 3375 507 3433 nobilibus
531 3375 613 3432 sedis
636 3373 794 3449 judiciarie
817 3375 925 3451 juratis
956 3375 1162 3433 assessoribus
1187 3375 1356 3447 prescripte
1380 3389 1452 3447 pos·

186 3482 335 3540 sessiones
359 3480 773 3554 Kobylyaket‘Zwyblyan
798 3489 937 3556 tempore
968 3483 1033 3551 illo,
1072 3496 1134 3554 quo
1164 3480 1231 3554 ipse
1260 3480 1361 3538 littere
1392 3494 1451 3553 pro

186 3596 274 3662 parte
305 3587 379 3645 dicti
404 3587 522 3645 domini
546 3589 626 3660 regis
657 3589 793 3646 exhibite
821 3597 851 3646 et
884 3591 946 3646 ianr
977 3588 1131 3645 declarate
1163 3586 1374 3656 ostendebant,
1410 3585 1449 3643 ad

184 3694 356 3767 predictam
379 3709 466 3750 suam
491 3696 648 3754 civitatem
672 3696 809 3767 regalem
834 3696 947 3752 montis
970 3694 1132 3752 Grecensis
1169 3693 1352 3767 pertinuisse
1376 3693 1451 3751 satis

165 3800 266 3858 -clare
289 3800 467 3873 apparebat.
498 3801 615 3858 Tamen
647 3802 719 3874 quia
743 3807 853 3874 expost
876 3803 906 3859 in
930 3801 1012 3858 dicto
1035 3816 1115 3858 anno
1144 3801 1247 3873 gracie
1277 3799 1450 3857 millesimo

184 3905 487 3978 quadringentesimo
510 3906 665 3963 tricesimo
690 3914 808 3979 quarto,
834 3917 1024 3965 memoratus
1047 3907 1242 3981 Rodolphus,
1274 3905 1358 3964 filius
1389 3904 1450 3963 Ro·

184 4011 304 4084 dolphy
338 4012 376 4069 de
411 4012 539 4083 Medwe,
576 4014 653 4070 alias
689 4013 726 4070 de
751 4015 862 4083 Alben,
887 4015 970 4086 ipsas
997 4014 1206 4086 possessiones
1230 4011 1398 4085 Kobylyak
1420 4016 1451 4070 et

184 4116 356 4190 Zwyblyan
380 4135 452 4175 eum
475 4119 622 4192 predictis
645 4120 715 4177 aliis
739 4120 986 4193 possessionibus
1006 4119 1069 4176 suis
1093 4125 1122 4176 et
1146 4120 1263 4176 tributo
1287 4123 1449 4192 prenotato

183 4224 345 4297 prelibatis
368 4224 502 4282 dominis
519 4227 671 4284 canonicis
687 4225 726 4282 de
742 4227 879 4300 capitulo
896 4227 1024 4284 ecclesie
1046 4225 1253 4298 zagrabiensis
1270 4241 1326 4298 per
1341 4239 1445 4298 conse-

184 4344 341 4402 quensque
356 4330 447 4388 altari
471 4331 630 4389 benedicte
653 4332 751 4390 crucis
773 4334 805 4390 in
820 4331 929 4391 eadem
953 4332 1089 4403 fundam,
1114 4333 1287 4404 rectorique
1310 4330 1448 4391 eiusdem

185 4450 242 4508 pro
265 4441 405 4509 tempore
427 4437 600 4508 constituto,
625 4454 682 4513 pro
706 4437 843 4496 remedio
867 4440 976 4496 salutis
999 4455 1053 4496 sue
1074 4447 1103 4497 et
1128 4439 1286 4508 dictorum
1318 4436 1450 4495 fratrum

184 4555 311 4599 suorum
326 4548 472 4615 tanquam
487 4545 630 4618 proprias
648 4545 854 4618 possessiones
870 4546 975 4617 vigore
992 4547 1257 4620 preexhibitarum
1273 4545 1450 4602 litterarum

183 4649 349 4713 memorati
372 4651 500 4722 capituli
523 4652 649 4715 ecclesie
672 4651 860 4709 chasmensis
883 4651 1097 4709 fassionalium
1121 4653 1151 4709 in
1176 4657 1362 4726 perpetuum
1397 4649 1448 4708 de·

184 4753 265 4813 disse
288 4764 318 4813 et
341 4755 478 4827 donasse¹
504 4757 651 4830 idemque
674 4757 848 4831 capitulum
872 4758 996 4816 easdem
1028 4760 1244 4832 possessiones
1268 4755 1449 4829 earumdem

183 4861 262 4945 serie
295 4864 539 4936 prescriptorum
560 4864 745 4931 ⁵litterarum
776 4863 1174 4950 statutoriarum,›sepeiati
1207 4864 1337 4941 capituli
1359 4863 1447 4925 chas-
