3256 5346
619 380 691 438 Doc.
715 389 763 455 27.
786 412 828 421 -
852 378 909 436 An.
933 391 1022 457 1419.

793 588 849 656 27.

298 715 380 764 Anno
402 726 476 776 1419,
498 726 520 763 1.
539 712 659 761 octobris.
680 712 827 775 Zagrabiae.

192 824 351 899 Dionysius
371 823 465 880 banus
487 822 684 879 cotnnrunitote
701 828 838 894 precante
853 823 923 895 fore
946 828 980 879 ut
1007 822 1068 877 eius
1092 821 1234 877 libertates
1257 820 1400 892 (tetendit,
1427 839 1456 877 sc

190 913 303 987 obligat,
327 912 454 985 idemque
477 910 604 967 onrnibus
626 910 779 980 comitibus,
795 909 997 967 vicecomitibus
1013 911 1126 982 suisque
1145 905 1308 966 bonitatibus
1323 910 1451 966 rtrrzrrrlot.

295 1037 360 1095 Nos
383 1036 552 1109 Dyonisius
582 1035 620 1092 de
648 1034 806 1106 Marchali‚
839 1037 926 1108 regni
957 1033 1121 1093 Solanonie
1151 1036 1258 1104 banus,
1290 1049 1455 1107 comesque

182 1144 403 1217 symigyensis.
428 1142 577 1199 Memorie
600 1140 856 1200 commendamus
879 1149 983 1198 tenore
1014 1141 1208 1213 presencium
1241 1141 1455 1213 significantes,

181 1251 305 1324 quibus
339 1248 465 1323 expedit
500 1249 659 1318 universis
695 1247 779 1321 quod
817 1242 888 1325 (viri
913 1240 1050 1323 providi)
1074 1246 1176 1316 iudex,
1205 1247 1295 1303 iurati
1319 1253 1349 1302 et
1372 1246 1456 1303 cives

178 1355 325 1414 civitatis
347 1355 461 1426 regalis
485 1355 598 1411 montis
621 1352 783 1411 Grecensis
808 1353 847 1410 de
870 1354 956 1410 iuxta
978 1352 1139 1425 Zagrabya
1162 1353 1192 1410 in
1216 1367 1327 1409 eorum
1343 1357 1373 1409 et
1389 1352 1456 1410 uni·

181 1475 357 1520 versorum
379 1461 505 1530 civium,
529 1458 702 1518 incolarum
726 1465 756 1516 et
779 1458 1022 1517 inhabitatorum
1046 1451 1209 1536 (eiusdem)
1245 1458 1378 1515 civitatis
1401 1473 1455 1515 no-

177 1568 328 1627 minibus
351 1572 382 1624 et
405 1567 545 1641 personis
569 1571 707 1624 nostram
737 1565 879 1624 adeundo
911 1566 1103 1639 presenciam
1133 1565 1340 1622 exhibuerunt
1367 1565 1456 1623 nobis

179 1673 409 1735 efficacissima
443 1672 589 1731 litteralia
613 1673 815 1730 instrumenta
838 1672 984 1729 divorum
1007 1686 1117 1743 regum
1152 1672 1332 1750 (ilungarie,
1363 1687 1457 1745 super

177 1772 403 1857 liber)tatibus
436 1778 555 1836 eisdem
585 1778 706 1836 civibus
740 1794 797 1852 per
830 1779 915 1851 ipsos
944 1794 1032 1851 reges
1067 1777 1213 1847 coniecta,
1250 1784 1391 1834 emanata
1426 1783 1456 1835 et

182 1901 344 1957 concessa,
367 1890 505 1959 petentes
528 1899 591 1956 nos,
615 1890 648 1941 ut
672 1884 798 1942 eosdem
822 1886 913 1955 cives,
937 1885 1054 1943 incolas
1077 1891 1107 1941 et
1140 1885 1392 1942 inhabitatores.
1418 1928 1425 1943 .
1450 1932 1455 1943 .

185 1993 273 2053 dicte
297 1993 431 2051 civitatis
453 1993 485 2050 in
509 2007 616 2050 eorum
640 1992 762 2050 iuribus
786 1998 816 2049 et
839 1992 1038 2050 libertatibus
1061 1993 1146 2049 iuxta
1176 1991 1317 2065 predicta
1348 2005 1455 2047 eorum

191 2099 342 2158 litteralia
366 2099 577 2168 instrumenta,
609 2097 680 2169 frui,
715 2098 866 2170 gratulari
900 2106 930 2156 et
964 2098 1182 2171 gauderi...
1208 2098 1328 2170 quietos
1364 2096 1457 2153 relin-

190 2220 359 2279 queremus
382 2210 412 2262 et
434 2204 697 2278 permitteremus.
721 2203 785 2261 Nos
801 2204 895 2276 igitur
912 2203 1121 2278 predictorum
1146 2205 1261 2261 civium
1286 2204 1405 2262 iuribus
1427 2210 1458 2261 et

191 2311 392 2370 libertatibus
415 2311 489 2369 visis
512 2303 670 2388 (perlectis
694 2314 724 2368 et
746 2304 932 2387 intelleictis,
956 2317 1145 2368 memoratos
1176 2311 1267 2381 cives,
1291 2310 1408 2367 incolas
1428 2316 1458 2368 et

194 2416 418 2476 inhabitatores
433 2416 572 2491 predicte
590 2415 724 2474 civitatis
747 2417 860 2474 montis
877 2416 1039 2475 Grecensis
1055 2418 1085 2474 in
1101 2417 1247 2474 omnibus
1263 2422 1293 2474 et
1316 2409 1459 2495 (singulis

195 2523 315 2581 iuribus
337 2539 374 2581 ac
397 2515 683 2600 con)svetudinibus
706 2538 830 2596 semper
854 2530 884 2581 et
906 2524 947 2581 ab
970 2524 1098 2597 antiquo
1120 2524 1267 2581 hactenus
1302 2524 1393 2581 tentis
1428 2529 1458 2581 et

195 2631 384 2689 conservatis
405 2629 590 2703 reliquimus
613 2635 643 2686 et
666 2630 896 2687 commissimus
919 2623 1125 2709 pre(sencium
1149 2645 1206 2702 per
1226 2636 1365 2687 tenorem
1389 2673 1397 2688 .
1421 2676 1427 2690 .
1452 2676 1457 2689 .

198 2778 204 2792 .
228 2781 234 2796 .
258 2782 264 2795 .
288 2729 421 2813 iuri)bus
444 2735 606 2809 legittimis
629 2740 660 2793 et
681 2736 769 2793 iustis
792 2737 1067 2794 consuetudinibus
1101 2751 1283 2794 conservare
1314 2736 1458 2809 promisi·

197 2858 265 2901 mus
285 2849 315 2901 et
339 2843 575 2916 assumpsimus,
598 2857 706 2915 ymmo
722 2843 918 2916 presencium
942 2859 974 2900 se
997 2838 1142 2922 (firmiter
1163 2835 1352 2919 obligamus)
1378 2844 1459 2916 paci-

197 2947 253 3007 fice
275 2955 307 3007 et
329 2949 433 3022 quiete
456 2947 525 3018 frui,
550 2948 604 3017 uti,
624 2949 776 3020 gratulari
791 2955 821 3006 et
836 2949 982 3022 gaudere.
1006 2949 1159 3022 Quocirca
1175 2949 1266 3006 vobis
1282 2949 1457 3019 comitibus,

197 3055 429 3115 vicecomitibus
453 3055 504 3112 vel
527 3047 624 3133 (vices
646 3070 755 3113 eorum
780 3049 970 3133 gerentibu)s
1005 3056 1139 3113 nuncin
1171 3055 1369 3113 comitatibus
1400 3055 1458 3112 cri·

198 3161 298 3234 syensi
329 3167 359 3219 et
392 3161 586 3234 zagrabiensi
620 3161 793 3219 constitutis
824 3168 854 3219 et
876 3164 907 3220 in
931 3162 1072 3220 futurum
1095 3163 1194 3220 eciam
1224 3160 1457 3231 constituendis,

198 3269 374 3341 cunctisque
408 3267 478 3325 aliis
512 3268 624 3325 nostris
654 3268 840 3340 hominibus,
876 3265 940 3347 (vel
963 3269 1003 3327 ad
1026 3262 1095 3346 nos)
1126 3267 1362 3342 pertinentibus,
1387 3283 1457 3341 pre·

197 3374 334 3432 sentibus
357 3374 480 3445 visuris,
504 3373 637 3432 firmiter
668 3374 868 3449 precipiendo
898 3377 1092 3448 mandamus,
1123 3384 1273 3449 quatenus
1305 3374 1458 3448 sepefatos

200 3480 289 3552 cives,
313 3480 431 3538 incolas
454 3487 485 3538 et
506 3481 729 3547 inhabitatores
760 3476 936 3562 an(tedicte)
965 3483 1097 3541 civitatis
1131 3491 1236 3540 contra
1271 3481 1457 3554 prescriptae

199 3600 308 3644 eorum
331 3586 492 3645 libertates
515 3592 545 3645 et
568 3588 635 3645 iura
656 3589 685 3646 in
710 3591 857 3663 pretactis
886 3606 994 3648 eorum
1027 3591 1216 3649 litteralibus
1247 3589 1458 3647 instrumentis

200 3693 389 3768 conscriptas
412 3699 444 3752 et
465 3699 643 3769 expressata
673 3696 704 3753 in
734 3695 822 3753 nullo
845 3689 1030 3775 (imp)edire‚
1061 3697 1253 3768 perturbare,
1283 3695 1458 3766 molestare,

199 3798 423 3874 dampnificare
446 3806 476 3859 et
499 3802 670 3874 inquietare
694 3804 946 3876 presumpmatis,
970 3819 1025 3859 nec
1057 3804 1123 3860 sitis
1157 3803 1223 3859 ausi
1246 3803 1369 3860 racione
1403 3802 1458 3859 ali·

199 3905 285 3979 quali
308 3907 516 3965 communiter
538 3913 592 3965 aut
614 3907 880 3981 divisim-ymmo
904 3909 1050 3966 volumus
1072 3909 1179 3983 pocius
1205 3909 1289 3982 ipsos
1305 3915 1335 3966 et
1351 3925 1459 3967 eorum

199 4011 371 4085 quemlibet
395 4018 501 4070 contra
515 4014 641 4085 quosvis
661 4014 842 4087 illegitimos
859 4016 1047 4090 inpetitores‚
1065 4013 1279 4072 malefactores
1295 4020 1325 4071 et
1341 4016 1459 4087 inquie-

198 4124 312 4177 tatores
334 4133 460 4193 semper
483 4125 513 4176 et
535 4119 652 4193 ubique
676 4121 706 4177 in
730 4137 837 4179 eorum
862 4123 982 4179 iuribus
1005 4128 1036 4179 et
1059 4121 1149 4178 bonis
1172 4136 1208 4177 ac
1232 4135 1363 4193 persona
1386 4136 1458 4194 pro·

199 4229 301 4297 tegere
325 4229 355 4282 et
379 4223 541 4283 defensare
549 4243 557 4296 ;
580 4230 610 4283 et
633 4226 720 4284 aliud
743 4229 774 4285 in
805 4228 994 4302 premissis.
1019 4273 1024 4286 .
1049 4228 1225 4285 nullatenus
1256 4226 1357 4285 facere
1389 4243 1459 4299 pre·

197 4331 394 4405 sumpmatis.
418 4331 578 4390 Presentes
601 4347 677 4391 vero
700 4340 772 4408 post
787 4349 895 4392 earum
919 4335 1070 4392 lecturam
1086 4351 1210 4409 semper
1226 4351 1282 4408 per
1298 4349 1354 4391 vos
1369 4332 1459 4390 reddi

196 4436 342 4496 iubemus
364 4438 731 4498 exhibentibus.·Datum
755 4439 914 4513 Zagrabye
946 4441 996 4499 die
1028 4440 1183 4498 dominico
1214 4441 1358 4515 proximo
1388 4443 1459 4512 post

197 4541 310 4601 testum
345 4544 428 4602 beati
462 4543 623 4602 Michaelis
655 4546 840 4619 archangeli.
865 4548 954 4603 Anno
978 4546 1096 4604 domini
1119 4546 1289 4605 millesimo
1313 4543 1459 4618 quadrin-

196 4650 367 4721 gentesimo
389 4647 510 4707 decimo
533 4665 624 4708 nono.

300 4767 435 4832 Originale
461 4769 489 4818 in
513 4768 669 4833 membrana,
697 4777 735 4819 sat
762 4770 882 4820 lacerum.
908 4772 939 4819 In
958 4773 1072 4833 margine
1100 4770 1214 4820 interiori
1241 4769 1393 4834 impressum
1420 4774 1459 4818 est

196 4872 302 4925 pamm
319 4856 442 4923 sigillum.
466 4858 499 4907 In
517 4856 613 4910 archiv.
631 4857 678 4907 lib.
697 4875 751 4923 reg.
769 4860 817 4912 civ.
836 4861 936 4925 zagrab.
