3278 5348
613 415 685 471 Duc.
710 423 755 487 15.
778 446 822 455 —
845 412 901 468 An.
925 405 1020 487 1408,

810 518 858 523 ...-
919 517 948 521 —
1002 513 1361 521 ——.—-——-—-—
1365 512 1423 520 ---
1428 509 1442 517 ae

796 690 845 757 15.

287 908 368 955 Anno
390 907 464 968 1408,
485 906 526 956 28.
548 905 708 970 septembris.
728 905 870 955 Samobori.

185 1053 327 1112 Barbara
350 1052 527 1124 Hurrgurr'uc
550 1058 596 1107 cic.
632 1047 747 1123 regina,
777 1047 975 1105 currrmmu'lati
1002 1046 1128 1103 ciuitatis
1157 1044 1260 1101 ructatas
1298 1042 1447 1101 Grecensis

181 1168 289 1232 tenipus
323 1158 365 1213 ud
395 1157 560 1215 soluendum
596 1158 728 1213 zu'uorruu
755 1156 937 1229 frugumque
960 1159 1077 1226 portem
1111 1151 1277 1208 sedecimam
1305 1156 1451 1223 prorogat

409 1282 496 1336 usquc
520 1263 561 1318 ud
581 1264 657 1334 ragis
680 1261 833 1318 adveutum
857 1261 971 1332 eiusque
994 1258 1226 1317 cunstiurtruuem.

886 1416 994 1480 Propria
1013 1413 1159 1463 commissio
1177 1412 1281 1461 domine
1300 1412 1398 1474 regine.

288 1553 424 1609 Barbara
447 1549 497 1606 dei
520 1549 623 1621 gracia
646 1548 751 1619 regina
775 1547 943 1619 ilungarie,
967 1546 1137 1618 Dalmacie,
1169 1544 1298 1603 Croacie
1322 1550 1379 1603 etc.
1402 1544 1449 1601 Fi·

186 1659 249 1716 deli
272 1675 328 1715 suo
351 1655 529 1714 honorabili
552 1655 621 1712 viro
656 1652 800 1710 Ladislao
835 1651 1063 1724 archidyacono
1094 1650 1286 1710 kathedralis
1321 1650 1449 1709 ecclesie

183 1764 391 1836 zagrabiensis
428 1777 464 1819 ac
498 1761 693 1834 procuratori
727 1761 811 1817 curie
835 1760 1032 1833 episcopatus
1056 1759 1094 1816 de
1118 1758 1235 1827 eadem,
1260 1758 1396 1815 salutem
1420 1762 1450 1814 et

183 1871 329 1942 graciam.
353 1869 474 1925 Dicitur
498 1868 587 1924 nobis
610 1867 641 1924 in
673 1867 814 1938 personis
844 1865 987 1923 fidelium
1018 1871 1196 1923 nostrorum
1228 1864 1448 1921 universorum

184 1975 300 2031 civium
332 1981 362 2031 et
393 1975 552 2048 hospitum
582 1973 715 2030 civitatis
744 1977 848 2030 nostre
880 1973 996 2030 montis
1028 1971 1191 2030 Grecensis
1223 1969 1262 2027 de
1295 1969 1448 2042 Zagrabia

185 2081 273 2152 gravi
309 2096 380 2136 cum
416 2080 552 2152 querela,
585 2078 742 2152 quomodo
778 2094 833 2135 vos
862 2078 1052 2137 sedecimam
1087 2082 1209 2152 partem
1241 2076 1389 2134 vinorum
1422 2079 1452 2130 et

185 2186 311 2258 frugum
335 2187 408 2242 anni
432 2187 582 2258 presentis
606 2192 676 2258 post
699 2185 911 2259 recepcionem
936 2184 1130 2242 decimarum
1153 2183 1192 2241 de
1214 2184 1295 2240 vinis
1323 2189 1354 2239 et
1388 2179 1453 2238 fru-

185 2293 276 2363 gibus
301 2293 330 2348 in
356 2293 510 2348 territorio
534 2291 716 2348 corumdem
740 2292 856 2349 civium
880 2292 1028 2364 episcopo
1051 2290 1243 2363 zagrabiensi
1267 2287 1454 2362 provenien·

186 2398 269 2454 tibus
292 2399 332 2453 ab
356 2397 473 2454 eisdem
498 2398 636 2469 recipere
660 2398 836 2455 niteremini
861 2405 890 2455 et
907 2399 1030 2469 exigere
1047 2396 1171 2454 velletis
1188 2402 1294 2453 contra
1310 2395 1453 2468 ipsorum

186 2503 262 2567 iura,
287 2503 507 2572 libertatesque
531 2508 560 2557 et
584 2503 829 2572 consvetudines,
853 2519 924 2559 curn
949 2511 1053 2560 tamen
1084 2501 1263 2559 huiusmodi
1297 2499 1454 2557 sedecima

186 2623 258 2681 pars
283 2609 346 2664 vini
370 2614 399 2663 ct
424 2605 549 2678 frugum
574 2608 603 2664 in
629 2610 783 2665 territorio
808 2602 963 2666 dictorum
987 2611 1104 2667 civium
1128 2624 1253 2681 semper
1270 2605 1453 2663 memoratis

187 2715 307 2773 civibus
342 2714 549 2786 pertinuisset,
586 2714 743 2785 iidemque
774 2715 815 2771 ab
839 2717 966 2786 antiquo
990 2730 1048 2789 pro
1072 2731 1104 2771 se
1128 2715 1203 2787 ipsis
1226 2713 1402 2784 exegissent
1425 2717 1456 2768 et

187 2822 274 2891 exegi
299 2819 449 2876 fecissent.
474 2820 510 2875 lit
528 2820 598 2891 quia
623 2836 677 2875 nos
701 2821 731 2878 id
757 2821 1002 2879 deliberavimus
1022 2828 1188 2894 nostreque
1206 2820 1332 2877 omnino
1349 2819 1455 2876 existit

189 2927 367 2996 voluntatis,
393 2931 425 2980 ut
450 2925 590 2998 predicta
613 2928 767 2982 sedecima
792 2943 864 3000 pars
889 2929 952 2985 vini
976 2934 1006 2984 et
1031 2928 1156 3000 frugum
1181 2927 1313 2995 interim,
1338 2940 1454 2997 quous·

188 3048 247 3103 que
271 3032 483 3089 serenissimus
508 3033 652 3106 princeps
677 3032 820 3089 dominus
844 3041 873 3090 et
898 3035 1027 3091 maritus
1051 3041 1154 3091 noster
1179 3033 1365 3101 carissimus,
1399 3029 1455 3086 do-

188 3139 288 3193 minus
311 3137 527 3209 sigismundus
551 3138 660 3196 eadem
684 3140 788 3210 gracia
811 3156 865 3196 rex
890 3140 1047 3211 Hungarie
1069 3148 1132 3208 etc,
1150 3138 1187 3195 de
1206 3137 1366 3211 premissis
1383 3151 1456 3209 per·

188 3244 335 3300 sonaliter
359 3244 578 3300 deliberaverit
603 3250 633 3301 ct
657 3245 853 3318 disposuerit,
878 3262 933 3318 per
957 3246 1055 3303 dictos
1079 3247 1162 3303 cives
1183 3247 1305 3301 nostros
1329 3248 1358 3299 et
1382 3242 1456 3299 hos·

189 3349 268 3422 pites
292 3364 363 3420 erga
388 3350 568 3420 religiosum
594 3353 696 3408 virum
722 3351 883 3408 dominum
909 3354 1055 3409 abbatem
1086 3353 1214 3410 ecclesie
1244 3351 1333 3407 beate
1358 3348 1456 3405 Marie

188 3454 317 3525 virginis
341 3454 379 3510 de
396 3455 546 3526 Zagrahia
563 3457 709 3529 predicta,
727 3458 810 3531 apud
829 3459 973 3515 videlicet
991 3475 1100 3515 manus
1113 3473 1301 3526 communes,
1314 3454 1456 3528 plenarie

189 3567 378 3633 reponantur
413 3567 443 3617 et
473 3563 613 3618 effective
649 3565 848 3621 collocentur.
883 3565 1038 3622 Fidelitati
1063 3566 1157 3637 igitur
1191 3570 1294 3621 vestre
1321 3561 1455 3620 tirmiter

190 3666 379 3739 precipimus
403 3673 432 3722 et
456 3667 640 3724 mandamus
665 3671 790 3726 omnino
814 3671 963 3741 volentes,
988 3678 1138 3742 quatenus
1160 3669 1317 3743 predictos
1332 3672 1456 3724 nostros

190 3773 272 3829 cives
314 3772 353 3827 ad
389 3773 577 3829 solucionem
618 3774 828 3846 predictarum
865 3776 1052 3834 sedecimam
1088 3784 1210 3850 partem
1245 3775 1392 3831 vinorum
1427 3780 1457 3831 et

191 3877 317 3948 frugum
341 3878 530 3952 compellere
555 3887 583 3935 et
607 3881 776 3953 astringere
801 3882 888 3938 nullo
912 3883 1007 3939 modo
1031 3883 1177 3953 debeatis,
1202 3899 1256 3940 nec
1279 3880 1456 3939 niteremini

190 3982 228 4040 ad
246 3989 364 4039 vestras
388 3985 524 4057 recipere
548 3988 791 4058 preStmlpmatis
815 4002 933 4058 manus,
950 3989 1004 4045 sed
1021 3991 1087 4063 ipsa
1104 3991 1184 4060 vina,
1201 3995 1234 4046 ut
1251 3987 1455 4062 prediximus,

190 4104 247 4161 per
271 4088 368 4145 dictos
392 4091 473 4146 cives
497 4098 617 4147 nostros
642 4093 731 4148 vobis
767 4093 818 4149 vel
852 4094 976 4151 homine
1006 4102 1109 4152 vestro
1141 4110 1214 4167 erga
1244 4102 1456 4151 memoratum

191 4193 352 4252 dominum
376 4196 522 4251 abbatem
547 4197 693 4254 videlicet
724 4198 807 4272 apud
844 4215 953 4256 manus
977 4217 1157 4257 communes
1192 4200 1332 4273 plenarie
1367 4213 1456 4273 repo·

190 4307 303 4358 nantur
326 4307 355 4357 et
380 4302 571 4372 integraliter
595 4305 803 4375 collocentur;
828 4306 913 4362 aliud
939 4308 1033 4378 igitur
1056 4323 1114 4380 pro
1139 4312 1244 4364 nostra
1266 4306 1371 4378 gracia
1395 4319 1456 4363 non

191 4405 310 4462 facturi.
345 4406 503 4463 Presentcs
535 4410 632 4465 eciam
669 4418 739 4484 post
773 4411 923 4468 lecturam
958 4413 1048 4470 reddi
1080 4414 1224 4470 iubemus
1258 4412 1457 4486 presentanti.

190 4511 307 4567 Datum
331 4512 362 4568 in
383 4511 524 4569 Zanabor
547 4515 578 4570 in
601 4516 710 4588 vigilia
734 4516 803 4574 festi
835 4519 917 4576 beati
951 4520 1109 4577 Michaelis
1144 4519 1330 4591 archangeli.
1366 4519 1456 4575 Anno

192 4615 311 4674 domini
334 4618 503 4675 millesimo
527 4619 834 4692 quadringentesimo
856 4629 974 4683 octavo.

299 4771 431 4835 Originale
450 4773 477 4821 in
496 4774 590 4824 charta.
611 4777 642 4822 In
662 4777 776 4839 margine
794 4777 911 4827 inferiori
931 4780 1083 4844 impressum
1103 4788 1141 4829 est
1169 4780 1292 4844 sigillum.
1311 4781 1345 4830 lu
1362 4779 1458 4831 archiv.

191 4857 238 4910 lib,
257 4875 308 4923 reg.
329 4861 398 4911 civit.
416 4862 516 4925 zagrab.
