3278 5348
606 424 680 483 Doc.
697 437 774 501 394.
797 457 839 467 -
862 424 919 481 An.
941 436 1034 503 1499.
1394 439 1456 502 519

194 531 235 537 --
262 530 471 537 --.-.--
1116 532 1456 542 ..---——.—-—-—

191 648 293 699 tarum
315 639 403 717 juxta
434 639 619 712 Zagrabiam
641 639 713 712 lego
736 638 801 698 flor.
826 641 1059 715 quinquaginta.
1084 641 1226 700 Preterea
1250 642 1289 700 ad
1312 643 1456 703 laborem

191 752 221 806 et
241 746 318 805 alias
340 747 535 806 necessitates
558 746 687 804 ecclesie
709 751 740 804 et
763 745 890 805 claustri
907 747 997 805 beate
1022 747 1117 804 Marie
1130 747 1313 820 Magdalene
1338 748 1457 809 ordinis

192 852 423 915 predicatorum
444 852 587 923 Chasme,
611 852 682 922 lego
705 844 774 910 flor.
798 852 952 911 ducentos.
977 852 1026 910 Ad
1050 854 1267 912 necessitatem
1287 854 1452 930 hospitalis

190 960 352 1019 beatorum
365 959 477 1018 Cosme
489 959 673 1019 etDamiani
682 958 799 1017 ibidem
810 958 878 1018 flor.
891 960 1015 1032 triginta
1029 959 1114 1018 duos.
1127 960 1176 1018 Ad
1188 961 1351 1020 ecclesiam
1364 962 1453 1022 beate

191 1065 288 1124 Marie
323 1066 451 1140 virginis
483 1065 515 1123 in
550 1080 663 1139 campo
698 1079 796 1139 prope
826 1064 996 1124 Chasmam
1018 1081 1077 1140 pro
1108 1066 1214 1141 aliquo
1237 1068 1321 1126 bono
1344 1073 1454 1128 ornatu

192 1171 364 1230 ordinando
398 1179 429 1230 et
463 1186 578 1247 mappa
616 1170 655 1229 ad
676 1187 763 1229 aram
796 1170 862 1232 llor.
893 1172 1003 1244 viginti
1026 1173 1174 1246 quinque.
1205 1173 1254 1231 Ad
1278 1173 1403 1233 labores
1426 1180 1456 1233 et

191 1278 268 1337 alias
303 1279 497 1337 necessitates
529 1279 657 1336 ecclesie
681 1289 712 1336 et
746 1277 876 1337 claustri
900 1278 1130 1338 Heremitarum
1154 1281 1244 1338 beate
1274 1281 1371 1338 Marie
1394 1281 1456 1339 vir·

192 1384 272 1458 ginis
295 1385 381 1443 iuxta
404 1392 540 1443 castrum
563 1383 692 1457 Garygh
714 1383 779 1442 flor.
796 1384 1028 1458 quinquaginta.
1054 1384 1102 1443 Ad
1125 1385 1290 1443 ecclesiam
1312 1384 1450 1459 Glogon·

191 1505 312 1549 oensem
337 1492 426 1549 beate
460 1490 557 1549 Maria
580 1490 709 1564 virginis
739 1489 805 1548 flor.
828 1491 1061 1563 quinquaginta.
1086 1490 1134 1548 Ad
1159 1491 1305 1550 ccclesias
1327 1492 1358 1550 in
1381 1506 1453 1565 pro·

190 1596 289 1655 vincia
324 1598 512 1656 chasmensi:
546 1598 644 1655 sancti
675 1595 825 1670 Stephani
861 1597 891 1654 in
926 1595 1140 1669 Rakychnicza
1174 1597 1241 1656 flor.
1276 1595 1450 1669 duodecim,

189 1704 336 1762 Omnium
370 1710 547 1762 sanctorum
581 1704 613 1762 in
647 1702 745 1761 Narth
779 1701 844 1761 tior.
868 1702 1055 1776 quindecim,
1090 1709 1193 1762 sancte
1226 1703 1386 1761 Elisabeth
1422 1704 1453 1763 in

189 1809 343 1875 Zerdahel
371 1809 436 1868 flor.
468 1807 655 1882 quindecim,
678 1808 775 1866 sancti
797 1808 947 1890 Johannis
976 1809 1112 1883 baptiste
1142 1809 1175 1868 in
1205 1809 1303 1868 veteri
1320 1808 1455 1869 Chasma

189 1915 253 1975 ilor.
287 1916 399 1989 viginti
430 1916 574 1989 quinque,
606 1914 702 1972 sancti
725 1913 852 1987 Georgii
886 1929 984 1989 prope
1008 1915 1164 1988 Heymocz
1187 1916 1252 1974 flor.
1276 1915 1454 1990 duodecim,

189 2023 286 2081 sancti
308 2023 390 2080 Petri
414 2023 444 2080 in
462 2022 585 2080 Petrecz
606 2021 671 2079 flor.
696 2019 812 2092 decem,
829 2027 934 2079 sancte
957 2021 1125 2080 Katherine
1146 2022 1179 2080 in
1200 2021 1366 2095 Grachyna
1388 2020 1453 2080 ilor.

188 2128 361 2199 duodecim,
384 2133 487 2186 sancte
510 2128 610 2186 crucis
631 2128 662 2185 in
685 2132 846 2185 cantoratu
867 2127 933 2185 llor.
961 2127 1136 2200 duodecim,
1159 2128 1258 2187 sancti
1282 2127 1404 2186 Nicolai
1419 2127 1452 2186 in

187 2235 351 2307 Podgorya
384 2233 449 2294 flor.
482 2233 597 2304 decem,
632 2233 729 2291 sancti
766 2232 888 2292 Andree
924 2232 1057 2292 Chasme
1081 2249 1177 2308 supra
1199 2234 1352 2308 piscinam
1384 2232 1452 2292 flor.

188 2341 304 2411 decem,
340 2340 437 2398 sancti
471 2338 620 2422 Johannis
650 2339 682 2396 in
718 2340 869 2397 suburbio
904 2338 969 2398 flor.
997 2355 1051 2398 sex
1074 2346 1104 2398 et
1129 2340 1257 2399 ecclesie
1281 2339 1454 2414 parochiali

188 2449 248 2506 sub
274 2447 404 2506 ecclesia
440 2445 536 2504 sancti
559 2445 686 2519 spiritus
720 2445 785 2504 flor.
821 2445 938 2505 decem.
971 2445 1049 2504 Item
1084 2447 1124 2506 ad
1159 2447 1319 2507 ecclesiam
1350 2450 1454 2505 sancte

188 2555 383 2628 Margarethe
413 2554 444 2611 in
477 2551 595 2626 oppido
626 2552 823 2623 Dombreusi,
847 2551 886 2609 ad
911 2553 1081 2610 necessaria
1113 2555 1228 2628 quibus
1254 2553 1353 2627 magis
1375 2551 1454 2610 indi·

187 2661 281 2733 gebit,
305 2661 376 2733 lego
399 2659 463 2717 ilor.
496 2659 606 2731 viginti
632 2659 777 2732 quinque.
795 2658 842 2716 Ad
868 2665 1008 2717 sanctum
1033 2661 1200 2718 Martinum
1224 2659 1341 2719 ibidem
1366 2657 1452 2717 simi·

188 2768 261 2825 liter
289 2767 347 2825 ssor
388 2765 499 2839 viginti
530 2765 666 2838 quinque
697 2769 727 2822 et
750 2764 791 2822 ad
815 2765 958 2822 laborem
982 2767 1110 2824 ecclesie
1133 2766 1240 2825 filialis
1265 2767 1295 2825 in
1320 2764 1452 2840 Capella

187 2873 252 2931 ssor.
288 2873 472 2946 quindecim.
497 2871 546 2929 Ad
570 2872 843 2929 ecclesiamsancti
866 2871 996 2944 Georgii
1018 2872 1048 2930 in
1073 2872 1295 2932 Bonthosowcz
1317 2871 1383 2930 flor.
1406 2870 1453 2930 vi·

186 2980 272 3052 giuti,
298 2980 441 3038 similiter
464 2979 561 3036 sancti
585 2977 712 3049 Georgii
735 2978 766 3035 in
788 2978 899 3037 Lemes
921 2978 985 3037 lior.
1009 2978 1154 3049 sedecim,
1179 2978 1266 3038 etad
1288 2977 1453 3038 ecclesiam

185 3087 282 3144 sancti
317 3085 438 3144 Nicolai
472 3085 502 3142 in
533 3084 640 3142 eadem
678 3084 837 3158 provincia
871 3084 1060 3143 Dombrensi
1082 3086 1166 3144 iuxta
1198 3087 1284 3144 riam
1314 3084 1452 3143 Crisium

185 3192 287 3250 eundo
317 3192 383 3250 ssor.
420 3191 564 3249 sedecim.
589 3192 666 3249 Item
699 3190 738 3248 ad
774 3191 917 3249 laborem
940 3197 970 3249 et
995 3191 1072 3249 alias
1103 3193 1298 3251 necessitates
1321 3189 1451 3249 ecclesie

186 3298 376 3373 parochialis
407 3298 497 3355 beate
532 3297 627 3355 Marie
661 3297 791 3369 virginis
826 3297 856 3354 in
887 3298 1023 3356 Iwanich
1046 3297 1117 3371 lego
1140 3298 1205 3357 flor.
1227 3298 1339 3371 viginti
1362 3297 1451 3370 quin·

186 3422 254 3480 que.
286 3405 365 3463 Item
397 3421 436 3462 ex
467 3420 529 3478 quo
552 3405 702 3462 moniales
724 3405 755 3461 in
779 3403 915 3461 claustro
940 3406 1028 3462 beate
1052 3405 1148 3463 Marie
1179 3404 1309 3477 virginis
1332 3402 1451 3462 ibidem

184 3512 215 3570 in
249 3511 392 3581 Iwanich,
424 3527 484 3584 que
507 3509 631 3569 fuerunt
666 3509 783 3568 ordinis
810 3510 1029 3581 cisterciensis,
1053 3511 1084 3568 in
1120 3516 1240 3569 tantum
1264 3509 1448 3581 defecerant,

187 3617 271 3690 quod
296 3624 401 3691 preter
423 3632 518 3675 unam
550 3617 741 3691 decrepitam
767 3622 796 3674 et
821 3617 916 3675 aliam
939 3616 1093 3692 juniorem
1117 3617 1205 3675 nulla
1227 3624 1301 3688 erat,
1326 3631 1386 3690 que
1410 3615 1449 3673 ad

186 3724 315 3781 servicia
350 3729 380 3780 et
410 3723 514 3782 officia
548 3724 634 3781 illius
669 3723 797 3781 ecclesie
831 3738 893 3781 non
924 3723 1109 3793 sufficiebat,
1148 3724 1255 3782 habita
1277 3730 1324 3781 est
1345 3728 1449 3780 autem

185 3845 297 3903 magna
332 3829 497 3902 diligencia
528 3845 586 3904 pro
619 3830 765 3904 pluribus
798 3830 936 3888 eiusdem
971 3830 1087 3888 ordinis
1110 3829 1299 3888 adducendis
1333 3828 1450 3901 ubique

181 3938 280 3995 eciam
304 3938 335 3995 in
359 3937 467 3995 vicinis
497 3937 686 4009 regionibus,
716 3952 754 3994 ex
776 3952 837 4011 quo
869 3938 900 3994 in
924 3938 1030 4011 aliquo
1054 3938 1190 3996 claustro
1213 3937 1300 4010 regni
1323 3935 1449 4008 Hunga·

181 4044 227 4101 rie
249 4058 311 4102 non
335 4050 413 4114 sunt,
437 4043 489 4101 sed
514 4044 603 4102 nullo
638 4060 675 4101 ex
700 4044 769 4102 loco
800 4042 911 4101 adduci
936 4049 1116 4117 potuerunt;
1145 4058 1206 4117 quo
1231 4043 1299 4101 viso
1322 4055 1448 4100 necesse

183 4151 243 4210 tuit
273 4150 440 4225 superinde
472 4151 633 4209 consulere
664 4150 767 4209 sedem
800 4151 1015 4224 apostolicam,
1039 4155 1073 4208 ut
1096 4148 1271 4208 sacerdotes
1294 4146 1449 4206 seculares

184 4263 310 4329 possent
334 4256 365 4314 in
387 4257 522 4314 claustro
546 4257 615 4330 ipso
639 4256 743 4315 divina
760 4255 863 4314 officia
880 4271 1036 4329 peragere,
1062 4255 1144 4330 quod
1169 4256 1237 4330 ipsa
1259 4270 1318 4329 per
1342 4251 1447 4311 bullas
1560 4323 1565 4335 ‚

181 4361 359 4429 concedens,
394 4368 503 4436 expost
534 4363 699 4437 presbiteri
726 4363 881 4420 seculares
905 4378 1028 4438 semper
1063 4364 1106 4421 ibi
1141 4362 1445 4420 administraverunt

182 4466 390 4545 possessiones
406 4476 518 4539 autem,
536 4485 597 4542 que
613 4468 736 4526 fuerunt
770 4482 808 4526 ex
832 4469 1079 4542 possessionibus
1103 4467 1232 4527 ecclesie
1255 4463 1447 4525 kathedralis

180 4571 220 4630 de
243 4588 349 4630 mensa
372 4574 489 4632 scilicet
506 4574 677 4649 episcopali
701 4574 750 4632 illi
773 4574 909 4633 claustro
933 4575 1098 4650 applicate,
1123 4575 1210 4632 licite
1233 4581 1337 4632 tenere
1360 4571 1449 4646 potui

182 4685 212 4736 et
235 4680 358 4737 solvere
374 4678 431 4738 ieci
455 4681 645 4755 presbiteris,
680 4680 734 4754 qui
757 4679 802 4738 ibi
826 4681 1057 4752 ministrarunt;
1081 4682 1106 4740 si
1139 4689 1243 4739 tamen
1277 4678 1448 4738 successori

181 4785 323 4860 placeret
346 4802 384 4844 ex
408 4786 586 4860 devocione,
609 4787 660 4846 vel
685 4788 778 4847 alicui
801 4787 899 4860 alteri,
924 4789 978 4861 qui
1000 4802 1059 4861 pro
1082 4787 1182 4845 salute
1206 4802 1261 4845 sua
1280 4785 1379 4845 vellet
1401 4785 1447 4844 la·

181 4891 305 4964 borare,
329 4891 414 4967 quod
438 4893 477 4952 de
500 4893 558 4951 illo
580 4893 690 4953 ordine
713 4894 775 4953 alie
797 4908 928 4968 persone
959 4894 1086 4952 honeste
1108 4892 1353 4967 introducentur,
1377 4907 1446 4951 sum
