3278 5348
511 464 513 468 Α
614 405 689 466 Doc-
707 401 785 483 346·
810 436 852 449 -
876 405 931 462 Aa
956 400 1047 482 1487·
1390 420 1451 482 4⁵3

184 621 377 696 palatinatus
408 621 587 692 sublimato,
620 621 760 681 eiusdem
791 629 997 695 expostquam
1029 620 1138 679 eodem
1167 621 1311 680 similiter
1328 621 1374 710 ¹ab
1396 620 1455 680 hac

184 728 258 786 luce
290 727 486 798 decendente,
517 728 671 801 nobisque
701 728 733 786 in
756 727 856 785 causis
886 728 917 785 in
942 728 1100 801 presencia
1124 742 1178 785 sua
1201 726 1364 801 palatinali
1386 741 1455 786 ver·

183 835 322 894 tentibus
345 850 401 909 per
425 833 582 908 prelatum
606 832 769 893 dominum
790 839 933 892 nostrum
957 848 1062 907 regem
1086 848 1143 906 pro
1166 830 1269 908 judice
1292 831 1455 907 deputatis,

184 941 339 1015 premissa
363 940 608 999 instrumentalis
630 940 787 999 exhibicio
809 940 980 998 ultimatim
1003 939 1042 996 ad
1069 944 1227 1013 presentes
1242 944 1368 997 octavas
1384 939 1454 999 testi

182 1046 269 1105 beati
295 1047 455 1105 Michaelis
478 1046 656 1118 archangeli
678 1051 818 1104 nostram
841 1047 872 1104 in
896 1046 1089 1120 presenciam
1113 1045 1242 1104 dilative
1272 1045 1454 1112 devenisset,

183 1151 302 1211 eisdem
327 1152 461 1227 denique
484 1153 602 1212 octavis
624 1153 841 1210 occurentibus
864 1154 1013 1224 magister
1046 1151 1227 1210 Benedictus
1258 1151 1297 1210 de
1328 1151 1454 1211 Borswa

183 1257 322 1316 director
345 1273 509 1317 causarum
532 1258 685 1332 regalium
710 1272 769 1332 pro
792 1256 914 1332 pretato
938 1258 1065 1316 domino
1088 1264 1194 1316 nostro
1207 1272 1279 1332 rege
1295 1273 1368 1316 cum
1383 1273 1455 1332 pro·

183 1365 349 1424 curatoriis
372 1365 484 1424 litteris
515 1364 662 1434 eiusdem,
687 1365 718 1423 in
748 1369 885 1423 nostram
917 1379 1070 1437 exurgens
1105 1364 1306 1437 presenciam,
1343 1365 1453 1424 volens

183 1471 374 1546 prescriptas
404 1471 613 1546 possessiones
642 1471 813 1543 Kralowcz,
845 1470 1026 1544 Zwyblyan,
1058 1469 1235 1542 Kobylyak,
1272 1469 1393 1543 Cherye
1423 1477 1455 1530 et

183 1576 283 1635 Narth
308 1583 443 1650 uocatas,
466 1577 587 1651 prelato
610 1577 737 1635 domino
761 1578 837 1649 regi,
860 1552 1143 1650 consequenterque
1166 1576 1309 1634 antelatis
1331 1577 1454 1635 civibus

183 1683 320 1743 civitatis
343 1684 457 1742 montis
481 1683 642 1742 Grecensis
665 1683 704 1741 de
727 1680 795 1758 jure
811 1684 1000 1757 pertinentes
1016 1682 1083 1741 fore
1099 1682 1267 1753 declarare,
1302 1682 1455 1756 quasdem

184 1788 264 1848 duas
286 1790 414 1861 litteras,
437 1805 531 1848 unam
555 1789 712 1862 magnifici
737 1788 869 1848 condam
892 1789 1011 1848 domini
1028 1789 1194 1861 Laurentii,
1219 1788 1297 1847 alias
1312 1790 1454 1863 magistri

183 1894 437 1954 thavemicorum
457 1897 534 1955 olim
558 1897 746 1955 serenissimi
769 1897 918 1970 principis
941 1895 1059 1954 domini
1083 1895 1234 1954 Ludovrci
1257 1895 1356 1954 incliti
1371 1897 1454 1969 regis

183 2001 357 2075 Hungarie,
383 2009 413 2060 et
436 2002 530 2060 aliam
555 2002 653 2075 ipsius
675 2001 802 2075 capituli
835 2001 964 2060 ecclesie
987 2003 1202 2074 zagrabiensis,
1225 2002 1335 2059 ambas
1358 2002 1455 2076 privi-

185 2108 342 2180 legialiter
364 2108 472 2179 editas,
485 2115 626 2167 nostrum
652 2106 849 2184 judiciarium
867 2107 1015 2181 produxit
1031 2109 1062 2167 in
1079 2112 1288 2181 conspectum.
1312 2106 1454 2182 Quarum

187 2215 302 2289 prima,
325 2214 472 2274 videlicet
493 2215 592 2290 ipsius
604 2214 723 2274 domini
745 2214 902 2273 Laurentii
926 2215 1065 2287 magistri
1081 2215 1333 2273 thavemieorum
1350 2215 1453 2273 littera

186 2321 394 2396 privilegialis
417 2336 498 2380 anno
521 2320 640 2379 domini
663 2320 833 2380 millesimo
856 2321 1071 2379 trecentesimo
1104 2319 1345 2394 quadragesimo
1366 2325 1454 2379 sexto

186 2427 334 2497 coniecta,
358 2427 464 2500 sigillo
500 2426 637 2484 eiusdem
670 2427 837 2485 auttentico
869 2427 900 2484 in
932 2426 1077 2500 pendenti
1108 2427 1227 2485 vallata
1250 2427 1330 2486 inter
1352 2431 1453 2485 cetera

183 2534 399 2608 exprimebat:
434 2533 518 2607 quod
550 2547 621 2590 cum
653 2533 730 2590 olim
759 2533 950 2606 prelibatum
981 2533 1155 2607 capitulum
1186 2533 1316 2591 ecclesie
1347 2547 1453 2607 tagra·

182 2640 299 2700 biensis
333 2639 469 2716 judicem
503 2655 555 2697 seu
591 2640 733 2698 villicum
764 2654 799 2696 ac
833 2638 951 2714 juratos
974 2640 1056 2697 cives
1080 2645 1110 2696 et
1132 2639 1270 2714 hospites
1294 2639 1333 2696 de
1356 2637 1454 2698 Grecz

184 2747 346 2806 universos
372 2752 436 2804 tam
460 2746 624 2820 profacto
648 2747 897 2819 possessionario,
922 2761 1016 2819 quam
1048 2751 1077 2803 et
1109 2746 1178 2805 aliis
1208 2746 1344 2818 negociis
1374 2746 1453 2805 inter

185 2868 240 2913 eos
262 2855 424 2925 suscitatis,
448 2853 636 2926 litigionario
659 2868 805 2927 processu
828 2853 1004 2922 observato,
1028 2851 1067 2908 ad
1084 2857 1205 2910 certum
1218 2852 1388 2911 terminum
1405 2849 1451 2927 ju·

183 2960 317 3018 ridicum
341 2968 413 3020 tunc
443 2961 527 3033 regie
557 2959 726 3019 maiestatis
756 2960 787 3017 in
819 2960 1011 3032 presenciam
1042 2957 1242 3018 attrahendos
1265 2959 1297 3017 in
1317 2972 1453 3030 causam,

185 3068 316 3141 ipsaque
340 3083 432 3126 causa
455 3072 562 3125 contra
585 3071 615 3124 et
638 3065 787 3122 adversus
810 3065 894 3138 ipsos
918 3065 1001 3122 cives
1031 3069 1060 3122 et
1092 3064 1230 3138 hospites
1261 3069 1325 3122 tam
1358 3079 1452 3138 super

184 3174 254 3246 ipso
277 3173 361 3232 facto
384 3173 633 3247 possessionario,
646 3186 741 3244 quam
763 3172 861 3229 eciam
886 3169 1047 3244 premissis
1069 3171 1139 3230 aliis
1162 3170 1298 3243 negociis
1320 3176 1405 3230 mota
1420 3176 1452 3229 et

183 3281 339 3351 suscitata,
363 3281 404 3338 ab
428 3281 494 3354 ipsa
519 3278 615 3350 regali
640 3279 798 3350 presencia
829 3277 987 3348 translata,
1018 3277 1143 3335 tandem
1175 3276 1372 3336 diversorum
1392 3275 1450 3353 ¹ju-

184 3386 289 3444 dicum
314 3386 543 3444 ordinariorum
568 3385 655 3457 regni
677 3385 708 3442 in
732 3384 898 3458 presenciis
921 3385 1044 3456 agitata,
1075 3384 1231 3457 variisque
1255 3384 1448 3457 prorogatio·

182 3493 275 3551 nibus
298 3493 378 3551 inter
400 3494 483 3567 ipsas
507 3498 611 3567 partes
634 3491 672 3549 de
697 3492 829 3549 termino
853 3492 1070 3550 interminum
1089 3491 1451 3565 protellataultimatim

183 3598 297 3673 prefati
321 3599 440 3657 domini
464 3598 625 3657 Laurencii
640 3598 781 3670 magistri
794 3599 1045 3656 thavemicorum
1062 3599 1093 3656 in
1110 3597 1301 3671 presenciam
1317 3595 1450 3655 deventa

182 3705 340 3776 extitisset
364 3705 439 3779 ipsis
463 3705 596 3778 denique
620 3705 761 3778 partibus
785 3704 911 3762 tandem
934 3706 966 3762 in
989 3710 1073 3763 certo
1096 3705 1240 3774 termino,
1254 3704 1366 3763 litteris
1382 3705 1446 3765 suis

185 3812 217 3869 in
242 3810 358 3870 eisdem
383 3812 569 3886 specificato,
582 3812 612 3869 in
636 3810 737 3883 figura
752 3809 857 3886 judicii
880 3812 978 3884 ipsius
998 3810 1117 3869 domini
1133 3811 1290 3871 Laurentii
1305 3827 1343 3871 ex
1359 3816 1447 3885 parte

184 3919 315 3992 capituli
338 3919 457 3991 agentis
481 3917 628 3989 magister
650 3917 827 3974 Demetrius
858 3915 1092 3975 archidiaconus
1123 3925 1153 3975 et
1186 3918 1335 3991 magister
1363 3918 1448 3991 Dyo·

180 4025 278 4084 nisius
312 4025 450 4083 canonici
485 4024 583 4096 ipsius
617 4023 744 4082 ecclesie
778 4023 994 4096 zagrabiensis,
1032 4027 1097 4082 tam
1128 4039 1186 4099 pro
1209 4039 1242 4083 se
1266 4039 1361 4099 quam
1385 4038 1445 4099 pro

181 4131 294 4190 eodem
329 4137 394 4190 toto
428 4131 566 4204 capitulo
602 4145 673 4188 eum
709 4131 929 4204 procuratoriis
964 4130 1076 4189 litteris
1107 4130 1254 4203 eiusdem,
1279 4146 1337 4205 pro
1358 4135 1447 4205 parte

181 4245 286 4295 autem
309 4237 463 4296 dictorum
487 4237 604 4294 civium
627 4242 657 4295 et
679 4237 838 4310 hospitum
861 4235 1025 4309 Mykolech
1046 4236 1177 4295 condam
1200 4235 1295 4313 judex
1317 4241 1347 4295 et
1369 4237 1446 4321 Jaxe

185 4343 352 4414 aurifaber,
375 4350 448 4401 tunc
471 4344 554 4401 ciues
576 4341 669 4419 jurati
690 4343 728 4403 de
741 4342 838 4402 Grecz
854 4342 1001 4415 predicta,
1028 4344 1121 4402 modo
1144 4344 1240 4403 simili
1255 4358 1362 4403 coram
1376 4345 1447 4419 ipso

182 4450 309 4510 domino
333 4451 497 4508 Laurentio
521 4449 739 4524 comparendo,
771 4457 834 4507 tam
866 4465 959 4524 super
990 4451 1142 4524 premisso
1173 4450 1255 4509 facto
1281 4452 1447 4524 possessio·

181 4557 279 4627 nario,
304 4571 397 4630 quam
421 4563 451 4614 et
474 4557 544 4615 aliis
568 4556 729 4631 premissis
752 4556 886 4628 negociis
909 4561 980 4615 tunc
1012 4557 1189 4630 propositis,
1219 4557 1392 4631 litterisque
1415 4558 1447 4617 in

181 4663 298 4723 eisdem
325 4662 519 4738 specificatis,
543 4669 703 4721 causantes
726 4669 755 4720 et
775 4662 939 4735 litigantes,
963 4663 1056 4721 iidem
1080 4663 1163 4722 cives
1183 4668 1214 4722 et
1228 4662 1366 4737 hospites
1388 4678 1447 4738 pro

181 4786 214 4828 se
237 4774 267 4828 et
291 4784 350 4844 pro
373 4774 436 4827 tota
460 4771 681 4828 communitate
705 4768 828 4828 diversa
851 4775 880 4828 et
905 4770 1054 4845 perplura
1077 4769 1243 4844 privilegia
1257 4771 1399 4844 ipsorum
1414 4771 1446 4829 in

180 4881 346 4952 conspeetu
369 4876 467 4951 ipsius
491 4877 609 4936 domini
632 4876 793 4935 Laurencii
816 4883 921 4935 contra
944 4876 1062 4935 dictum
1077 4876 1251 4951 capitulum
1266 4891 1325 4952 pro
1341 4874 1445 4936 deien-
