3278 5348
671 406 875 493 Argumenta.
1281 408 1421 467 CCXXV

195 713 235 764 92.
263 704 339 750 Auno
371 713 445 764 1435,
479 701 518 752 16.
547 703 707 753 Decembris.
735 704 768 751 In
787 703 920 754 Prodavic.
941 700 1076 750 llatha'eus
1093 702 1206 752 Tulovac
1226 704 1316 759 banus,

158 779 160 783 ¹
259 789 378 839 omnibus
398 789 549 838 hominibus
568 791 774 854 possessionatis,
800 790 845 853 qui
864 790 960 838 tributa
979 797 1074 846 tenent.
1094 791 1206 854 mandat,
1225 806 1257 839 ne
1276 791 1314 840 Si·

1340 629 1423 681 Pagina

258 878 388 942 gismundi
415 879 482 941 regis
505 879 579 941 jussu
604 895 619 927 a
646 879 746 928 civibus
774 878 984 941 ragrabiensibus
1008 878 1089 927 ullum
1114 877 1239 929 tributum
1263 881 1316 928 exi·
1361 901 1365 907 ·

257 975 319 1029 gant
336 991 613 1006 ················
612 1014 617 1024 ,
625 993 1257 1007 ····································
1271 997 1273 1002 ·
1287 995 1310 1007 ··

192 1066 231 1118 93.
261 1058 336 1104 Anno
360 1055 435 1117 1436,
461 1056 487 1105 8.
512 1055 643 1108 februarii.
672 1058 704 1104 In
729 1056 845 1109 Dralelc.
874 1056 1009 1104 Matbaeus
1036 1055 1149 1104 Talovac
1173 1057 1263 1113 banus,
1288 1065 1316 1105 ut

259 1144 437 1193 communitati
467 1144 580 1192 civitatis
608 1144 730 1193 victualia
758 1161 803 1209 per
831 1146 933 1193 fratrem
959 1159 1033 1191 suum
1061 1145 1231 1207 hominesque
1256 1161 1316 1194 suos

259 1239 421 1298 comsumpta
449 1233 576 1290 restituat,
604 1233 780 1282 residuitatem
809 1234 970 1297 pecuniariae
995 1239 1069 1281 taxae
1097 1234 1168 1296 regio
1195 1235 1316 1282 mandato

258 1321 403 1385 impositae,
423 1319 520 1385 relaxat
540 1322 717 1370 communitati
734 1346 1311 1361 ·································

190 1439 229 1488 04.
258 1429 334 1475 Auno
357 1426 433 1490 1436,
453 1438 490 1474 12.
512 1426 641 1477 februarii.
662 1427 810 1490 Zagrabiae.
830 1427 970 1476 Exactores
989 1435 1063 1476 taxae
1082 1429 1228 1491 praedictae
1247 1429 1277 1492 (i.
1293 1445 1314 1480 e.

262 1527 294 1578 54
312 1514 381 1578 flors)
401 1516 579 1564 communitati
599 1516 710 1564 civitatis
729 1516 823 1564 montis
842 1517 979 1565 Greceusis
1004 1517 1155 1578 exigendam
1181 1524 1206 1565 et
1228 1517 1315 1566 debita

258 1602 416 1659 victualium,
436 1618 502 1666 quae
522 1604 615 1652 Petrus
634 1603 747 1652 Talovac
775 1619 832 1652 cum
857 1619 902 1652 sua
927 1605 1025 1654 familia
1050 1606 1077 1653 in
1102 1605 1191 1653 eadem
1211 1606 1314 1654 civitate

259 1691 369 1747 iecisset,
389 1691 566 1739 communitati
586 1691 768 1740 exsolvendam
793 1706 849 1740 sese
873 1693 1031 1741 commisisse
1056 1693 1083 1741 in
1109 1693 1214 1757 publico
1240 1692 1316 1757 profi·

258 1787 344 1827 tentur
356 1804 1311 1819 ······················································

191 1898 231 1949 95.
259 1886 340 1935 Auno
362 1886 436 1948 1436.
457 1885 571 1950 Injuriae
595 1903 611 1935 a
629 1886 744 1951 capitulo
768 1887 869 1950 zagrab.
894 1887 993 1936 civibus
1020 1887 1194 1936 Grecensibus
1219 1887 1315 1945 illatae,

258 1975 415 2023 reseruntur·
427 2001 442 2012 ν
445 1999 1311 2016 ················································

294 2064 375 2112 Anno
398 2064 471 2127 1436,
493 2075 515 2127 3.
533 2063 606 2128 Julii.
627 2066 654 2112 A
676 2064 842 2127 Sigismundo
861 2064 1073 2125 Hungariaeetc.
1087 2080 1154 2126 rege,
1170 2065 1315 2114 Eberhardi

261 2151 350 2200 Alben
375 2153 491 2217 episcopi
520 2153 619 2216 zagrab.
648 2153 761 2215 legatum
790 2169 848 2201 arae
876 2169 894 2202 s.
921 2154 1004 2201 crucis
1031 2154 1057 2201 in
1086 2152 1147 2202 eccl.
1175 2154 1315 2202 cathedrali

259 2243 371 2290 sancitur
387 2267 1308 2280 ···················································

195 2331 236 2389 96.
265 2333 339 2379 Anno
361 2329 436 2392 1436,
456 2342 480 2393 7.
500 2331 624 2394 Augusti,
650 2331 705 2380 Sub
723 2337 807 2379 castro
832 2331 890 2394 Zyri
926 2330 1061 2378 Mathaeus
1086 2329 1199 2378 Talovac
1224 2330 1314 2387 banus,

260 2419 364 2481 egregio
383 2418 517 2482 Stephano
535 2418 643 2467 Biclrele
668 2420 700 2467 de
720 2418 862 2475 Zelinavar‚
888 2426 914 2466 et
938 2419 1033 2472 comiti,
1053 2418 1255 2475 vicecomitibus,
1276 2421 1315 2483 Ju-

259 2507 412 2569 dicibusque
431 2505 557 2555 nobilium
582 2505 719 2555 comitatus
745 2507 845 2570 zagrab.
874 2507 1006 2570 praecipit,
1033 2522 1065 2553 ne
1090 2508 1117 2553 in
1146 2522 1230 2564 causa,
1250 2524 1316 2571 quae

259 2595 325 2644 iuter
344 2595 553 2643 communitatem
572 2595 685 2643 civitatis
710 2601 735 2642 et
758 2594 900 2657 capitulum
925 2595 957 2641 de
982 2593 1104 2657 litigiosis
1130 2595 1198 2656 agris
1223 2596 1315 2657 agitur,

258 2683 383 2747 judicium
403 2681 507 2744 iaciant,
527 2683 675 2746 priusquam
694 2683 751 2746 ipse
770 2682 911 2730 decreverit
928 2707 1309 2721 ······················

194 2802 232 2852 97.
260 2792 340 2840 Anno
362 2790 436 2852 1436,
460 2801 499 2838 12.
520 2791 638 2853 Augusti.
661 2788 784 2852 Iglaviae.
809 2789 998 2852 Sigismundus,
1019 2790 1169 2852 Hungariae
1194 2797 1242 2838 etc.
1263 2807 1316 2847 rex,

260 2880 409 2928 Mathaeum
430 2878 543 2928 Talovac
560 2879 655 2927 banum
681 2879 820 2942 vituperat,
844 2879 914 2940 quod
940 2877 1067 2941 litigiosos
1093 2879 1217 2940 quosdam
1242 2895 1317 2942 agros

260 2967 374 3032 capitulo
392 2967 552 3030 zagrabiensi
571 2967 737 3031 adJudicavit,
758 2966 953 3029 litigatoresque
972 2967 998 3013 iu
1019 2982 1092 3014 suum
1110 2967 1152 3029 jus
1172 2968 1310 3014 citat

195 3075 235 3133 98.
263 3073 438 3137 1111101436,
461 3086 492 3136 14
521 3075 636 3136 Augusti
668 3072 791 3136 Iglaviac.
817 3073 1006 3135 sigismundus,
1026 3073 1176 3136 Hungariae
1197 3082 1244 3124 etc.
1264 3090 1316 3130 rex,

259 3164 340 3226 judici
360 3164 447 3211 curiae
466 3170 491 3210 et
511 3161 648 3211 Slavoniae
669 3163 741 3225 regni
760 3161 828 3210 bano
847 3162 959 3222 mandat,
978 3168 1006 3208 ut
1025 3162 1057 3208 ad
1077 3162 1160 3225 ipsius
1179 3162 1316 3210 adventum

262 3252 288 3299 in
308 3266 392 3308 cansa,
419 3266 485 3314 quae
514 3250 580 3300 iuter
609 3251 817 3299 communitatem
846 3250 940 3298 montis
966 3250 1104 3297 Grecensis
1128 3257 1153 3298 et
1177 3250 1318 3314 capitulum

260 3341 352 3402 agitur,
370 3339 496 3403 judicium
518 3339 638 3388 differant
645 3364 1169 3378 ·····························
1182 3378 1187 3389 .
1200 3365 1310 3378 ······

195 3455 233 3502 (19,
259 3447 333 3493 Anno
357 3444 431 3506 1436,
454 3457 492 3507 13.
513 3445 674 3509 septembris.
695 3446 791 3495 Budae.
817 3444 1005 3507 Sigismundus,
1026 3445 1176 3507 Hungariae
1195 3453 1242 3496 etc.
1263 3462 1315 3503 rex,

264 3535 341 3589 cives,
361 3535 406 3596 qui
428 3535 519 3583 armati
545 3534 649 3582 domum
674 3533 855 3582 tricesimalem
880 3534 979 3598 impetu
1004 3534 1072 3581 facto
1098 3533 1273 3597 spoliaverunt
1293 3542 1318 3582 et

262 3622 382 3670 damnum
401 3634 460 3684 400.
481 3622 634 3672 florenorum
653 3623 863 3687 importaverunt,
884 3622 982 3670 acerbis
999 3623 1085 3670 verbis
1099 3623 1234 3686 vituperat,
1249 3638 1317 3671 man·

261 3710 356 3773 datque
375 3711 415 3773 iis,
435 3718 463 3759 ut
482 3712 569 3759 statim
589 3711 673 3775 spolia
692 3711 799 3759 reddant
825 3737 1062 3749 ··············
1076 3750 1080 3759 .
1094 3736 1314 3748 ············

186 3828 234 3867 100.
264 3820 343 3867 Anno
366 3817 439 3879 1436,
461 3830 502 3877 29.
522 3817 684 3881 septembris.
705 3819 873 3880 Magistratus
895 3818 1006 3865 civitatis
1032 3818 1169 3866 Grecensis
1191 3817 1318 3866 cambium

262 3907 327 3954 iuter
346 3904 501 3954 Michaelem
520 3905 658 3970 lapicidam
679 3914 702 3953 et
724 3906 850 3954 Mathiam
871 3915 993 3954 sartorem
1013 3906 1146 3973 coufirmat
1165 3932 1312 3944 ·········

184 4002 235 4044 101.
263 3997 337 4042 Anno
360 3993 434 4055 1436,
458 3993 495 4043 16.
515 3994 637 4045 octobris.
658 3995 807 4056 Zagrabiae.
825 3995 967 4057 Joliannes,
987 3995 1066 4042 abbas
1086 3994 1192 4042 Cisterc.
1207 3995 1317 4056 zagmb,

261 4083 444 4130 communitate
462 4090 581 4146 precante
601 4083 685 4131 eidem
705 4083 836 4146 exemplar
857 4083 999 4130 litterarum
1020 4085 1086 4145 regis
1106 4082 1273 4144 sigismundi,
1287 4083 1319 4130 de

262 4168 384 4232 litigiosis
402 4170 555 4232 quibusdam
575 4171 649 4232 agris.
671 4171 748 4218 tradit
770 4195 1311 4209 ·······························

183 4266 234 4307 102.
264 4257 343 4306 Auno
366 4257 439 4319 1436,
461 4270 500 4319 23.
521 4258 642 4308 octobris.
663 4258 909 4321 Quinqueecclesiis.
937 4259 1030 4307 Coram
1057 4258 1171 4322 capitulo
1191 4259 1317 4321 quinque·

261 4344 409 4394 ecclesiensi
429 4345 530 4409 legatus
548 4346 656 4410 capituli
675 4348 847 4410 zagrabiensis
869 4348 901 4394 de
920 4347 1069 4395 venditione
1096 4355 1120 4394 et
1139 4348 1223 4395 fructu
1243 4350 1319 4397 castri

263 4433 375 4482 Medved
394 4441 483 4482 contra
501 4434 602 4483 nobiles
623 4435 737 4483 Albenos
760 4436 969 4484 intercessionem
989 4436 1050 4483 iacit
1057 4461 1312 4475 ···············

182 4531 235 4582 103.
263 4523 344 4571 Anno
366 4522 440 4585 1436,
464 4536 484 4571 1.
504 4524 659 4575 novembris.
686 4524 834 4587 Zagrabiae.
859 4526 890 4572 ln
915 4524 1003 4572 tabula
1023 4524 1116 4581 banali,
1138 4525 1163 4572 in
1182 4541 1233 4587 qua
1252 4527 1319 4574 inter

263 4610 404 4675 capitulum
431 4619 456 4660 et
489 4612 601 4662 civitatis
624 4614 832 4661 communitatem
857 4613 889 4661 lis
914 4613 1044 4676 agebatur,
1069 4613 1210 4677 capitulum
1234 4630 1319 4677 zagra·

263 4698 351 4748 biense
368 4700 494 4763 judicium
513 4699 684 4749 differendum
704 4707 774 4750 curat
787 4725 1313 4740 ·····························

181 4798 234 4850 104.
264 4788 344 4837 Anno
366 4788 439 4851 1436,
466 4800 488 4836 2.
508 4789 663 4840 novembris.
687 4789 836 4853 Zagrabiae.
857 4790 993 4838 ,llathaeus
1019 4789 1133 4838 Talovac
1158 4790 1240 4836 banus
1264 4805 1319 4837 sese

263 4876 377 4942 capitulo
402 4886 428 4926 et
451 4880 629 4928 communitati
653 4880 765 4928 civitatis
790 4880 884 4928 montis
912 4879 1051 4927 Grecensis
1077 4878 1220 4934 mandasse,
1246 4879 1319 4925 utin

1239 4984 1274 5037 15

1374 972 1421 1020 118
