3278 5348
612 382 686 440 Doc.
702 365 762 458 53.⁸
783 414 820 424 -
846 381 902 439 An.
927 376 1019 459 1428.
1407 384 1445 455 65

182 599 283 667 tisset;
317 596 446 655 tandem
476 613 552 655 vero
585 597 741 671 prelibato
773 595 904 654 condam
940 598 1089 670 magistro
1109 597 1248 656 Osualdo
1271 601 1355 659 viam
1380 599 1446 656 uni·

184 720 270 763 verse
294 705 397 762 carnis
418 704 567 776 ingresso,
591 704 735 776 dictaque
758 718 850 761 causa
873 703 917 760 sic
938 719 995 776 per
1011 704 1165 776 plurimos
1182 719 1280 763 annos
1299 718 1449 778 suspensa

178 816 209 868 et
231 811 323 883 quasi
347 810 450 882 sopita
471 817 504 865 et
525 824 587 867 non
608 809 764 881 ventilata,
788 808 915 866 demum
939 809 1013 881 quia
1035 811 1177 868 nonnulli
1200 812 1283 868 cives
1314 817 1344 868 et
1377 810 1448 867 hos·

180 917 258 990 pites
295 914 372 973 dicti
407 915 521 973 montis
551 913 745 986 Grechensis,
769 914 829 972 hiis
852 915 1004 987 proximis
1027 916 1225 988 temporibus
1247 916 1393 988 defuncti,
1416 915 1447 973 in

181 1037 291 1081 eorum
326 1022 557 1078 testamentaria
588 1019 795 1094 disposicione
828 1026 858 1078 et
888 1022 1080 1078 testamentis
1112 1020 1183 1079 inde
1204 1023 1387 1096 conscriptis
1410 1036 1448 1077 ex

184 1127 374 1195 induccione,
397 1127 539 1184 svasione
562 1132 593 1183 et
616 1125 838 1184 informacione
862 1125 1016 1184 dictorum
1040 1127 1197 1197 Anthonii‚
1232 1128 1321 1186 Pauli
1344 1134 1374 1185 et
1396 1127 1447 1210 Jo-

182 1233 291 1292 hannis
322 1232 577 1306 presbiterorum.
610 1238 704 1305 prout
726 1248 782 1290 nos
806 1248 844 1289 ex
868 1238 1022 1289 certarum
1047 1248 1252 1305 personarum
1276 1233 1447 1292 assercione

182 1340 385 1413 cognovimus
408 1345 438 1395 et
461 1355 500 1395 ex
523 1339 632 1396 multis
652 1339 836 1396 coniecturis
871 1339 1077 1411 percepimus,
1102 1339 1133 1395 in
1165 1339 1386 1397 detrimentum
1418 1345 1448 1395 et

182 1444 322 1504 fraudem
338 1442 416 1520 juris
432 1445 607 1518 approbate
630 1444 861 1502 consuetudinis
878 1444 1032 1502 dictorum
1049 1443 1328 1518 prebendariorum
1342 1445 1447 1503 huius-

185 1551 269 1609 modi
293 1551 435 1608 clausula
460 1551 662 1622 inserebatur,
687 1565 741 1623 per
772 1551 851 1608 alios
881 1550 1060 1608 huiusmodi
1090 1556 1273 1609 testamenta
1302 1550 1448 1608 facientes

185 1657 243 1715 iam
268 1658 362 1715 certis
385 1656 506 1713 vicibus
530 1656 644 1713 inserta
668 1654 791 1713 fuisset:
816 1656 899 1729 quod
923 1661 994 1713 ante
1017 1657 1121 1713 omnia
1153 1657 1212 1729 ipsi
1244 1654 1445 1730 prebendarii

182 1762 332 1821 debonis
356 1770 387 1818 et
409 1762 503 1818 rebus
526 1762 602 1836 ipsis
626 1762 738 1834 legatis
761 1768 904 1835 quartam
929 1768 1050 1834 partem
1074 1778 1129 1819 seu
1164 1763 1344 1819 canonicam
1375 1777 1446 1835 por.-

180 1871 302 1929 cionem
326 1867 445 1926 eisdem
476 1869 650 1925 rectoribus
681 1867 755 1925 dare
785 1867 950 1937 deberent;
973 1868 1044 1925 ideo
1075 1873 1265 1926 memoratus
1296 1867 1447 1925 discretus

184 1976 232 2033 vir
256 1975 376 2045 Petrus,
399 1975 486 2048 prius
509 1973 644 2031 decanus
666 1973 821 2031 dictorum
845 1973 1134 2047 prebendariorum,
1165 1989 1221 2032 suo
1251 1980 1281 2032 et
1311 1974 1447 2047 sepedic-

180 2086 284 2140 torum
312 2078 591 2154 prebendariorum
615 2080 801 2149 nominibus,
833 2080 1004 2152 prelibatos
1029 2080 1230 2149 Anthonium,
1262 2080 1394 2136 Paulum
1417 2084 1447 2136 et

178 2186 365 2268 Johannem,
387 2185 567 2259 capellanos
586 2200 640 2241 seu
663 2192 797 2243 rectores
821 2185 851 2242 in
875 2186 1068 2258 presenciam
1094 2185 1282 2242 venerabilis
1306 2185 1375 2254 viri,
1392 2183 1446 2241 do-

180 2292 257 2350 mini
280 2292 430 2375 Johannis
453 2292 588 2349 cantoris
610 2299 641 2348 et
665 2293 802 2349 canonici
827 2293 955 2349 ecclesie
978 2297 1082 2349 nostre
1105 2291 1245 2366 predicte
1275 2297 1305 2349 et
1337 2291 1446 2349 vicarii

179 2399 277 2456 nostri
313 2399 343 2455 in
379 2398 595 2472 spiritualibus
626 2404 655 2455 et
689 2413 853 2456 causarum
883 2398 1060 2456 auditarum
1085 2399 1238 2470 generalis
1263 2399 1370 2455 citavit
1392 2412 1446 2454 seu

178 2504 274 2563 traxit
296 2504 326 2562 in
349 2518 483 2573 causam,
500 2518 564 2576 quo
580 2504 657 2561 locis
672 2505 897 2562 contestacione
911 2503 1000 2576 facta,
1018 2505 1199 2578 libellisque
1215 2505 1286 2562 hinc
1302 2503 1374 2561 inde
1391 2519 1447 2575 per

179 2616 284 2684 partes
307 2609 476 2683 productis,
500 2610 591 2667 nobis
613 2625 689 2668 vero
713 2610 790 2668 teria
813 2618 899 2668 sexta
923 2617 994 2684 post
1017 2610 1130 2668 festum
1147 2610 1363 2683 gloriosissimi
1380 2625 1446 2666 cor·

180 2716 266 2790 poris
290 2715 410 2773 domini
432 2717 529 2773 nostri
552 2716 648 2798 Jhesu
672 2716 787 2774 Christi
811 2732 869 2790 pro
889 2718 1039 2775 tribunali
1053 2717 1240 2784 sedentibus,
1257 2715 1446 2788 querulanti-

180 2823 302 2896 busque
324 2823 479 2880 iusticiam
502 2823 657 2896 impertiri
681 2823 868 2893 volentibus
892 2825 937 2897 pii
961 2824 1058 2897 patris
1083 2837 1170 2881 more
1194 2821 1347 2878 laudabili
1379 2834 1445 2877 mo·
1541 2808 1545 2817 '

182 2928 257 2987 leste
274 2927 407 2986 ferentes
422 2928 621 2986 incommodo
637 2929 845 3000 subditorum,
862 2930 900 2986 ad
918 2936 1024 2987 exacte
1040 2929 1297 2987 consideracionis
1314 2941 1443 2984 examen

181 3048 216 3092 ac
238 3035 319 3093 inter
341 3040 504 3108 pectorum
528 3035 663 3092 claustra
686 3035 807 3093 solicite
830 3036 1034 3106 revolventes,
1059 3051 1153 3109 quam
1177 3036 1217 3091 sit
1240 3035 1333 3107 plena
1364 3033 1445 3106 peri·

183 3141 269 3209 culis,
286 3155 381 3214 quam
397 3145 506 3198 onusta
527 3141 704 3215 dispendiis,
721 3157 913 3215 quamquam
937 3143 967 3198 in
991 3141 1095 3199 divine
1118 3142 1286 3198 maiestatis
1302 3154 1446 3212 conspec-

181 3250 248 3305 tum
271 3246 348 3304 redd
372 3287 727 3305 ............
752 3255 917 3321 propterea
949 3248 1140 3305 intendentes
1164 3286 1445 3304 ..........

181 3367 308 3427 prorsus
331 3368 461 3425 querere
484 3368 519 3410 ac
543 3353 722 3410 omnimode
744 3354 919 3424 subvenire,
944 3354 1039 3411 nullis
1062 3369 1212 3426 umquam
1234 3351 1346 3409 futuris
1368 3356 1446 3407 tem-

181 3458 328 3531 poribus;
359 3457 481 3515 favente
511 3458 638 3517 domino
663 3504 789 3516 .....
814 3460 922 3517 habita
953 3476 1047 3533 super
1082 3459 1241 3532 premissis
1272 3463 1393 3515 matura
1416 3464 1446 3515 et

181 3562 298 3637 digesta
322 3580 392 3621 cum
415 3563 601 3639 jurisperitis
625 3565 753 3622 consilio
784 3573 814 3621 et
845 3565 1080 3635 deliberacione,
1105 3563 1220 3621 Christi
1251 3565 1376 3622 nomine
1400 3565 1445 3621 in-

182 3678 301 3740 vocato,
326 3684 383 3743 pro
407 3670 558 3728 tribunali
580 3670 725 3740 sedendo,
748 3670 851 3728 solum
875 3670 969 3728 deum
993 3687 1050 3744 pre
1073 3670 1171 3727 oculis
1197 3671 1353 3740 habentes,
1388 3686 1445 3744 per

180 3774 257 3833 hanc
280 3783 419 3833 nostram
443 3776 629 3833 sentenciam
654 3775 862 3846 diffinitivam,
886 3792 981 3849 quam
1004 3775 1133 3833 ferimus
1167 3776 1198 3833 in
1233 3776 1281 3832 his
1313 3776 1445 3850 scriptis,

180 3879 217 3939 de
241 3896 392 3940 consensu
414 3886 445 3938 et
467 3887 589 3938 matura
614 3882 773 3939 voluntate
797 3882 1031 3939 honorabilium
1069 3882 1209 3938 virorum
1242 3881 1442 3938 dominorum

179 3988 397 4046 canonicorum
419 3986 458 4044 de
481 3987 619 4060 capitulo
643 3988 781 4061 predicte
805 3988 934 4046 ecclesie
957 3997 1062 4045 nostre
1084 3988 1291 4060 zagrabiensis
1309 3988 1443 4045 fratrum

179 4099 356 4151 nostrorum
379 4093 613 4152 carissimorum
644 4094 785 4164 dicimus,
816 4095 1067 4169 pronunciamus,
1092 4095 1316 4151 sentenciamus
1340 4100 1370 4150 et
1393 4094 1445 4150 de·

180 4197 335 4258 claramus
357 4198 397 4256 de
418 4197 486 4275 jure
509 4199 664 4274 sepefatos
688 4202 814 4258 ecclesie
836 4207 941 4258 nostre
966 4200 1189 4274 prebendarius
1212 4206 1369 4273 presentes
1392 4206 1445 4256 aut

179 4304 300 4364 futuros
322 4305 361 4364 de
384 4305 496 4379 legatis
518 4306 562 4364 eis
585 4306 617 4364 in
640 4314 740 4364 morte
763 4315 815 4364 aut
839 4309 949 4365 mortis
965 4307 1096 4365 articulo
1113 4323 1131 4363 a
1147 4321 1345 4379 quocumque
1368 4306 1443 4374 cive,

180 4410 303 4486 hospite
336 4418 390 4470 aut
421 4412 524 4470 incola
558 4412 645 4486 opidi
678 4412 790 4486 prelati
825 4414 939 4471 montis
963 4413 1148 4472 Grechensis
1170 4428 1224 4469 seu
1247 4412 1358 4485 quovis
1381 4411 1444 4467 alio

181 4519 402 4593 cuiuscumque
423 4523 522 4578 status
545 4533 581 4576 ac
594 4520 829 4593 preeminencie,
847 4520 1005 4592 dignitatis
1021 4528 1075 4578 aut
1090 4519 1205 4593 gradus
1222 4518 1444 4589 cuiuscumque

177 4623 239 4684 loci
259 4625 371 4684 existat
391 4633 536 4700 quartam
559 4633 681 4701 partem
703 4629 825 4685 solvere
848 4642 909 4685 non
932 4627 1046 4686 debere
1066 4643 1122 4685 nec
1145 4626 1242 4683 teneri
1274 4624 1440 4698 sepedictis

178 4730 343 4804 Anthonio,
365 4730 464 4791 Paulo
486 4736 519 4791 et
540 4732 677 4816 Johanni
698 4733 868 4808 capellanis
890 4750 944 4790 seu
968 4733 1139 4791 rectoribus
1163 4732 1291 4788 ecclesie
1323 4728 1442 4803 prefate

177 4842 230 4897 aut
250 4851 360 4896 eorum
383 4839 553 4898 successori
575 4839 627 4897 vel
650 4841 879 4898 successoribus
902 4856 954 4897 seu
976 4840 1225 4913 quibuscumque
1241 4834 1443 4895 ecclesiardm
1514 4870 1517 4875 -

1339 4956 1356 5012 5
