3278 5348
197 391 238 449 80
628 386 700 444 Doc.
725 380 777 443 68.
801 418 845 428 -
868 384 924 442 An.
947 399 1037 463 1433.

194 605 293 663 censis
316 603 354 661 de
378 604 464 660 iuxta
487 602 680 675 Zagrabiam,
704 601 855 674 quasdam
886 601 1005 658 litteras
1038 608 1157 660 vestras
1187 603 1399 677 inquisitorias
1429 608 1452 660 et

195 710 386 769 evocatorias
410 709 536 766 domino
559 713 666 766 nostro
689 708 754 778 regi
778 707 817 764 ad
848 722 940 764 suum
970 708 1091 779 regium
1124 708 1347 766 litteratorium
1377 724 1454 767 man·

194 817 303 874 datum
325 815 500 888 rescriptas,
525 818 693 871 asserentes
716 813 874 870 accionem
897 818 928 870 et
951 814 1200 887 proposicionem
1232 814 1308 873 dicti
1332 815 1456 889 capituli

193 924 304 981 litteris
328 922 475 979 contineri
500 922 530 978 in
555 919 681 989 eisdem,
704 919 794 976 nobis
817 920 1007 993 presentavit
1038 919 1242 978 declarando:
1274 921 1361 994 quod
1394 921 1458 978 lila-

193 1031 256 1087 sius
280 1029 364 1085 filius
388 1026 541 1084 Benedicti
565 1026 603 1083 de
626 1024 851 1097 Therzthenyk,
874 1026 987 1097 regius,
1011 1031 1041 1082 et
1064 1025 1214 1083 discretus
1239 1027 1288 1084 vir
1306 1025 1458 1100 Georgius

195 1135 350 1209 presbiter
374 1134 460 1190 chori
485 1133 612 1189 ecclesie
629 1138 730 1188 vestre
755 1130 892 1204 predicte
916 1131 1149 1204 prebendarius.
1173 1138 1284 1203 vester,
1317 1133 1460 1191 homines

192 1242 231 1299 ad
255 1243 377 1313 regium
402 1238 620 1296 litteratorium
646 1237 827 1295 mandatum
852 1237 1031 1304 transmissi,
1064 1235 1140 1294 feria
1171 1244 1281 1310 quarta
1315 1239 1463 1310 proxima

192 1354 263 1421 post
294 1347 481 1404 dominicam
522 1344 818 1416 Ramispalmarum,
850 1344 994 1415 proxime
1025 1344 1215 1415 preteritam,
1246 1343 1277 1399 in
1310 1345 1463 1401 comitatu

191 1453 382 1525 zagrabiensi
414 1449 628 1525 procedendo,
667 1449 708 1505 ab
740 1449 885 1505 omnibus
918 1449 1032 1520 quibus
1067 1448 1219 1507 decuisset
1253 1457 1284 1506 et
1322 1450 1465 1508 licuisset

191 1560 299 1633 palam
323 1564 352 1614 et
375 1557 495 1614 occulte
519 1556 684 1628 diligenter
708 1554 746 1611 de
770 1553 975 1627 infrascriptis
1007 1554 1191 1626 inquirendo
1221 1556 1319 1614 talem
1350 1557 1462 1614 scivis-

191 1673 257 1722 sent
269 1665 447 1721 veritatem:
464 1661 622 1734 quomodo
648 1661 757 1731 Chwn,
777 1659 880 1735 judex,
905 1660 1096 1734 Valentinus,
1111 1660 1239 1719 Gobech
1261 1661 1374 1734 dictuS,
1398 1656 1466 1722 An·

191 1772 315 1828 thonius
346 1769 384 1825 de
415 1769 583 1835 Florencia,
608 1768 776 1848 Johannes,
809 1766 893 1823 filius
924 1767 1058 1837 Peronis,
1089 1766 1275 1840 Demetrius,
1307 1768 1464 1827 Martinus

192 1876 330 1943 sartoris
354 1874 495 1935 decanus,
520 1873 673 1944 Georgius
707 1872 744 1928 de
776 1874 845 1929 vico
876 1879 1028 1945 sutorum,
1062 1872 1210 1943 Andreas,
1243 1873 1330 1931 filius
1366 1874 1463 1944 Petri,

191 1982 306 2038 Paulus
330 1981 454 2050 Thatar,
478 1978 589 2054 jurati;
615 1978 755 2050 Michael,
781 1978 865 2035 filius
889 1977 1070 2043 Sebastiam,
1086 1979 1221 2058 Johanes
1237 1978 1464 2053 Zygethchyalr

191 2088 300 2147 dictus.
331 2087 485 2166 Johannes
516 2086 639 2154 l’ehem,
670 2085 825 2165 Johannes
848 2084 1022 2156 Hungarus,
1058 2083 1227 2157 Gregorius
1262 2085 1462 2158 Hudosthyz,

191 2194 334 2253 Briccius.
360 2192 454 2248 frater
478 2191 624 2260 eiusdem,
648 2191 784 2272 Jaxinus,
818 2190 902 2246 filius
934 2188 1006 2260 Bolr,
1037 2189 1182 2247 Clemens
1212 2184 1370 2268 in(stit)or,
1410 2193 1463 2276 Ja-

190 2299 355 2368 komellus,
379 2298 502 2367 Paulus,
525 2297 609 2353 tilius
633 2296 742 2364 Giuan,
767 2296 880 2351 Paulus
897 2296 1072 2368 Hungarus,
1088 2296 1215 2368 Egidius
1231 2295 1381 2367 carnifex,
1399 2301 1463 2356 An·

190 2406 321 2471 thonius,
358 2405 464 2460 Petrus
503 2403 603 2459 dictus
637 2402 890 2473 Plemenschyalr,
931 2402 1216 2475 Chaganchewych,
1248 2403 1364 2461 Paulus
1392 2403 1462 2463 Sal·

189 2511 328 2582 kovyeh‚
352 2511 466 2566 Paulus
489 2509 634 2578 carnifex,
651 2510 800 2565 Martinus
816 2507 942 2583 juratus,
960 2508 1079 2565 Blasius
1103 2509 1202 2566 dictus
1217 2509 1362 2582 Frawyn,
1379 2511 1462 2568 Iau-

188 2618 308 2673 rencius
340 2617 469 2683 institor,
500 2617 580 2672 alter
611 2616 798 2671 laurencius
829 2613 1053 2686 Sydovvchych.
1086 2614 1226 2672 Andreas
1256 2614 1460 2689 Zteplrouich,

188 2722 369 2779 Dominicus
405 2723 596 2792 hiarethych,
621 2719 795 2793 Stephanus
819 2721 973 2777 litteratus
1004 2720 1104 2777 dictus
1135 2720 1306 2792 Rakarych‚
1339 2721 1462 2796 Grego-

188 2829 252 2884 rius
280 2829 444 2890 Valentini,
463 2827 643 2884 Benedictus
659 2827 766 2897 Rufus,
789 2827 947 2883 Dionisius
964 2828 1161 2896 Mozlawech‚
1179 2827 1293 2884 Paulus
1316 2828 1457 2887 Rusman

187 2934 296 2996 dictus,
331 2936 471 3005 llathyas
504 2940 619 3003 sartor,
651 2933 813 2989 Ladislaus
837 2940 867 2989 et
896 2933 1055 2990 Emericus
1086 2932 1253 3004 aurifabri,
1278 2934 1457 3003 Farkasius,

187 3039 270 3096 filius
294 3039 403 3110 Egidii,
427 3039 500 3095 ivan
525 3039 657 3106 Italicus
683 3039 797 3094 Paulus
821 3047 930 3108 sartor,
960 3039 1073 3096 vasuc
1089 3038 1226 3096 carnifex
1249 3038 1287 3096 de
1311 3041 1459 3111 civitate;

187 3146 261 3202 item
284 3146 466 3201 llominicus
490 3152 519 3201 et
543 3146 656 3201 Paulus
673 3145 845 3218 sellipares‚
865 3144 1001 3215 lienned,
1027 3145 1144 3202 Blasius
1160 3151 1255 3205 sutor.
1278 3143 1460 3219 Stephanus

186 3250 286 3308 dictus
322 3252 441 3321 vaeth,
472 3250 567 3321 faber,
594 3252 753 3333 Johannex
771 3250 909 3323 pellifex,
936 3250 1090 3320 Nicotaus,
1108 3250 1247 3308 Andreas
1271 3250 1346 3309 dicti
1377 3251 1460 3326 Bog-

185 3355 314 3428 danych,
338 3358 482 3413 Clemens
507 3357 677 3427 l’raudych,
696 3357 808 3412 Paulus
826 3355 1052 3427 lwankowych,
1077 3357 1271 3427 Ambrosius,
1296 3355 1455 3431 Georgius

186 3463 269 3519 tilius
284 3464 445 3533 lhancisei,
458 3463 594 3519 Thomas
608 3463 775 3533 Kryuiych,
792 3462 928 3518 Thomas
945 3461 1072 3532 Carnus,
1089 3461 1245 3535 Nicolaus,
1263 3454 1456 3522 Valentinus

187 3567 287 3624 dictus
311 3569 416 3637 Peren,
441 3568 568 3638 Gyurak
592 3574 621 3624 ct
645 3568 827 3625 Valentinus
851 3568 924 3625 dicti
944 3568 1140 3637 Mozlawech‚
1159 3568 1273 3624 Paulus
1289 3570 1459 3640 sagitarius

186 3674 322 3730 Thomas
347 3675 446 3730 dictus
462 3674 589 3742 Diuaelr,
606 3675 749 3756 Jacobus.
774 3674 866 3745 Elyas
889 3675 1035 3746 sagitarii,
1055 3675 1210 3756 Johannes
1233 3689 1376 3748 arcupar,
1396 3676 1460 3734 Va·

185 3780 318 3836 lentinus
342 3786 436 3851 sutor,
458 3781 640 3837 Valentinus
665 3781 812 3837 Anthonii
836 3788 866 3836 et
889 3780 987 3838 Galus
1010 3796 1184 3853 arcupares,
1208 3781 1365 3854 ceterique
1389 3783 1460 3840 uni·

185 3886 266 3942 versi
283 3867 372 3942 'cives
396 3894 425 3942 et
450 3887 560 3959 populi
584 3887 718 3943 civitatis
742 3888 855 3943 montis
879 3887 1064 3944 Grechensis
1087 3887 1117 3943 in
1140 3886 1248 3944 eadem
1273 3887 1401 3945 civitate
1427 3894 1459 3946 et

185 3992 215 4048 in
240 3992 391 4048 suburbio
415 3992 554 4048 eiusdem
577 3992 710 4048 civitatis
739 3990 826 4066 juxta
850 3992 1042 4064 Zagrabiam,
1068 3993 1151 4049 mala
1174 4007 1286 4050 eorum
1309 4007 1409 4066 opera
1424 3994 1456 4052 in

184 4096 288 4169 ipsum
314 4098 486 4169 capitulum
511 4098 699 4155 adiutumis
715 4098 910 4170 temporibus
934 4099 1102 4156 crudeliter
1124 4104 1153 4156 et
1178 4099 1345 4156 inmaniter
1367 4115 1457 4158 exer·

184 4204 317 4260 coissent
341 4209 370 4259 et
394 4206 628 4274 commisissent,
653 4211 682 4260 et
704 4220 763 4276 que
787 4206 966 4276 nuperrime
990 4206 1167 4275 evasissent,
1190 4209 1317 4277 sumpta
1341 4205 1456 4263 exinde

184 4310 365 4367 temeritatis
389 4310 517 4367 audacia
540 4311 570 4368 in
594 4326 676 4368 anno
699 4309 816 4367 domini
842 4311 1011 4368 millesimo
1036 4307 1345 4383 quadringentesimo
1367 4311 1454 4384 vige-

183 4415 263 4471 simo
287 4416 422 4472 secundo
445 4418 602 4488 preterito,
626 4417 771 4474 videlicet
795 4417 825 4472 in
849 4415 928 4473 festo
952 4426 1055 4474 sancte
1086 4416 1245 4474 Trinitatis
1267 4417 1382 4474 turrim
1406 4418 1453 4490 ip·

181 4521 244 4578 sius
267 4522 397 4594 capituli
421 4523 451 4578 in
476 4521 557 4579 dicto
582 4530 686 4580 monte
716 4521 818 4580 Grech
851 4523 999 4591 habitam,
1031 4524 1088 4581 ubi
1118 4539 1167 4580 res
1197 4528 1228 4581 et
1255 4523 1339 4580 bona
1370 4523 1451 4581 dicte

181 4628 309 4685 ecclesie
333 4636 362 4685 et
385 4627 460 4685 dicti
483 4629 612 4701 capituli
628 4629 835 4702 zagrabiensis
853 4634 982 4702 propter
997 4637 1116 4686 metum
1133 4629 1307 4687 Turcorum
1320 4629 1362 4688 ad
1378 4644 1451 4688 con·

181 4734 369 4791 servandum
393 4736 610 4807 reposuissent,
636 4734 820 4804 obsidentes,
843 4740 874 4792 et
895 4735 995 4792 multa
1018 4743 1142 4793 caterva
1165 4735 1330 4794 hominum
1346 4750 1450 4794 arma·

181 4843 284 4897 torum
307 4841 589 4913 circumvallantes,
613 4843 797 4914 magistrum
829 4840 1008 4899 Ladislaum
1040 4841 1078 4899 de
1103 4841 1247 4899 Dauooth
1275 4841 1398 4900 socium
1420 4846 1452 4900 et
