3278 5348
617 409 692 467 Doc.
709 403 786 484 336.
807 439 852 450 —
873 406 930 465 Art
953 402 1045 484 1484.
1407 417 1467 478 425

199 628 420 703 circumspecti
451 625 553 703 judex,
588 623 690 701 jurati,
725 623 881 696 ceterique
910 623 993 681 cives
1024 627 1054 681 et
1084 621 1185 680 incole
1221 618 1303 678 dicte
1333 618 1466 679 civitatis

201 737 319 795 montis
342 733 504 792 Grecensis
527 729 735 789 exhibuerunt
756 729 846 787 nobis
863 734 892 789 et
908 731 1162 805 presentaverunt
1178 725 1331 802 quasdam
1348 726 1469 786 litteras

196 842 319 915 regales
340 837 589 909 adiudicatorias,
612 836 651 894 de
674 849 757 894 novo
781 851 838 909 per
860 837 979 910 regiam
992 836 1186 894 maiestatem
1201 833 1278 909 ipsis
1300 847 1467 905 concessas,

197 950 231 1007 in
255 961 447 1021 pargameno
470 948 611 1019 patenter
632 941 795 1015 contectas,
819 959 857 1002 ex
881 944 996 1017 quibus
1027 942 1236 1002 edocebamur
1268 940 1353 1014 ipsos
1383 939 1467 999 cives

197 1061 229 1113 et
251 1053 369 1113 incolas
392 1049 531 1126 predicte
553 1049 688 1108 civitatis
705 1050 818 1109 montis
841 1048 1013 1123 Grecensis,
1037 1050 1164 1122 antiqua
1187 1062 1296 1106 eorum
1319 1045 1464 1105 libertate

198 1161 385 1234 requirente,
409 1157 450 1215 ab
473 1156 559 1215 omui
582 1156 741 1214 solucione
765 1155 929 1215 tributaria
952 1156 1088 1215 ubilibet
1119 1155 1200 1213 intra
1223 1153 1378 1212 ambitum
1401 1151 1465 1212 dic·

195 1271 302 1324 torum
325 1277 494 1337 regnorum
516 1277 602 1321 sacre
625 1275 738 1320 corone
760 1261 981 1334 subiectorum,
1004 1277 1061 1337 per
1083 1259 1214 1321 eandem
1233 1260 1355 1333 regiam
1370 1259 1465 1317 maie·

196 1378 309 1430 statem
332 1369 477 1428 eximisse
499 1374 530 1427 et
551 1375 762 1442 supportasse,
785 1369 997 1444 volumusque
1019 1383 1076 1428 nos
1098 1367 1226 1427 eosdem
1248 1367 1332 1425 cives
1347 1366 1380 1425 in
1396 1365 1463 1441 ipsa

199 1478 346 1537 libertate
375 1492 433 1551 per
462 1475 583 1548 regiam
607 1475 802 1533 serenitatem
826 1476 903 1551 ipsis
926 1491 1069 1535 concessa
1091 1475 1219 1534 omnino
1241 1488 1307 1532 esse
1330 1475 1413 1531 tutos
1435 1477 1466 1530 et

196 1599 331 1656 securos,
355 1582 579 1641 committimus
603 1581 693 1639 vobis
717 1589 747 1639 et
769 1587 910 1640 vestrum
933 1582 1062 1641 cuilibet
1083 1582 1196 1640 harum
1219 1581 1297 1639 serie
1323 1578 1464 1650 firmiter,

202 1696 353 1764 quatenus
377 1687 491 1746 amodo
513 1685 660 1761 deinceps
682 1686 820 1760 prefatos
842 1687 986 1764 judicem,
1017 1689 1109 1760 cives,
1139 1688 1257 1747 incolas
1287 1692 1317 1745 et
1346 1700 1464 1744 merca·

200 1803 284 1855 tores
308 1794 390 1853 dicte
419 1793 552 1853 civitatis
583 1794 696 1852 montis
727 1792 890 1853 Grecensis
922 1795 960 1853 ad
985 1795 1177 1853 solucionem
1200 1794 1390 1852 tributorum
1414 1807 1466 1850 ve·

200 1907 338 1960 strorum
362 1899 415 1958 sed
440 1905 470 1957 et
493 1906 671 1958 nostrorum
694 1901 896 1976 propriorum
919 1902 1054 1960 ubilibet
1076 1902 1156 1960 intra
1173 1898 1254 1959 dicta
1270 1913 1365 1973 regna
1380 1913 1466 1957 sacre

197 2021 312 2067 corone
334 2006 472 2064 subiecta
487 2004 697 2089 existencium,
719 2011 826 2065 contra
849 2006 984 2065 sormam
1000 2006 1137 2083 predicte
1154 2007 1294 2080 ipsorum
1311 2005 1465 2063 libertatis

196 2119 228 2172 et
260 2111 470 2186 exempciouis
502 2118 602 2169 artare
633 2115 663 2170 et
695 2114 894 2186 compellere,
918 2118 971 2171 aut
1001 2114 1086 2187 ipsos
1109 2112 1141 2171 in
1163 2126 1294 2187 persona
1318 2117 1348 2170 et
1370 2111 1465 2169 rebus

194 2217 420 2293 quoquomodo
450 2216 604 2291 impedire
635 2218 687 2276 vel
717 2216 942 2293 dampnificare
972 2234 1171 2294 nequaquam
1202 2217 1464 2293 presumpmatis;

196 2324 345 2398 quoniam
369 2324 396 2381 si
429 2338 517 2381 secus
553 2322 697 2396 feceritis,
730 2325 996 2398 quemadmodum
1033 2325 1288 2384 informacionem
1322 2324 1364 2381 ab
1393 2324 1463 2398 ipsa

193 2430 355 2489 maiestate
379 2429 463 2501 regia
486 2430 645 2501 habemus,
664 2431 780 2490 tributa
802 2432 858 2490 illa
881 2433 912 2490 in
928 2433 1042 2506 quibus
1054 2433 1146 2491 huius
1162 2431 1351 2489 contrarium
1367 2429 1464 2500 fieret,

194 2551 254 2611 pro
279 2537 439 2593 maiestate
462 2536 546 2607 regia
569 2538 717 2611 occupari
740 2537 897 2610 faciemus,
922 2554 978 2597 nec
1001 2554 1088 2597 secus
1112 2536 1240 2605 faciatis.
1264 2536 1462 2595 Presentibus

194 2642 350 2718 perlectis,
374 2640 531 2699 exhibenti
548 2642 707 2702 restitutis.
732 2644 848 2702 Datum
865 2646 896 2703 in
912 2645 1037 2703 civitate
1052 2645 1151 2717 regali
1169 2643 1283 2702 montis
1299 2641 1463 2702 Grecensis

193 2746 346 2822 predicta,
369 2745 446 2805 feria
470 2755 580 2820 quarta
603 2751 747 2821 proxima
770 2759 843 2825 post
865 2750 979 2810 festum
999 2751 1206 2810 Exaltaeionis
1228 2756 1333 2808 sancte
1355 2748 1462 2808 crucis.

193 2856 286 2912 Anno
310 2852 428 2912 domini
450 2854 621 2912 millesimo
645 2856 949 2930 quadringentesimo
971 2859 1182 2932 octuagesimo
1206 2857 1310 2916 tercio

301 3024 434 3089 Originale
453 3025 481 3074 in
499 3026 653 3078 membrana.
672 3029 705 3075 In
723 3029 837 3092 margine
849 3027 965 3080 inferiori
983 3030 1137 3095 impressum
1155 3038 1194 3079 est
1213 3028 1328 3093 sigillum
1346 3030 1379 3078 Iu
1392 3029 1461 3078 arch.

194 3110 243 3165 lib.
261 3128 314 3176 reg.
334 3113 381 3161 civ.
401 3113 581 3177 zagrablensis.

791 3348 876 3414 336.

300 3501 380 3551 Anno
404 3503 478 3564 1484,
499 3515 522 3565 3.
541 3504 610 3555 maii.
630 3505 728 3557 Budae.

194 3627 341 3700 Mothios,
362 3628 541 3702 Hungan'ae
570 3638 618 3688 etc.
649 3650 712 3706 rex,
742 3635 869 3692 omnibus
901 3639 987 3711 regni
1015 3638 1175 3699 Slooonioe
1204 3641 1344 3699 nobilibus
1366 3659 1461 3700 severe

326 3751 481 3823 interdicit,
503 3773 538 3845 ne
561 3774 580 3811 a
602 3759 806 3816 mercatoribus
828 3761 1028 3834 zogrobiensis
1051 3766 1180 3837 vestigat
1199 3767 1326 3839 ext'gont.

298 3915 429 3973 Mathias
463 3915 513 3973 dei
534 3919 637 3989 gracia
667 3935 723 3978 rex
746 3922 892 3996 liugarie,
915 3925 1061 3984 Bobemie
1084 3934 1141 3986 etc.
1165 3927 1324 3985 Fidelibus
1347 3929 1460 3987 nostris

188 4020 340 4079 universis
364 4026 394 4078 et
424 4022 555 4095 singulis
579 4026 716 4098 prelatis,
748 4029 928 4104 baronibus,
951 4047 1070 4090 necnon
1093 4033 1253 4092 nobilibus
1277 4042 1307 4092 et
1329 4035 1457 4093 alterius

187 4126 324 4185 cuiusvis
346 4131 444 4185 status
468 4135 497 4186 et
521 4128 709 4190 condicionis
725 4136 958 4207 possessionatis
981 4138 1160 4196 hominibus
1175 4140 1280 4198 ubivis
1303 4141 1334 4198 in
1357 4156 1453 4214 regno

187 4239 293 4289 nostro
317 4231 479 4291 Sclauonie
503 4235 619 4294 tributa
645 4238 840 4314 habentibus,
868 4245 1042 4302 tenentibus
1066 4260 1120 4303 seu
1151 4247 1354 4318 exigentibus.
1385 4263 1455 4321 pre·

186 4343 287 4395 sentes
302 4346 423 4397 nostras
445 4341 567 4410 visuris,
590 4344 723 4403 salutem
747 4354 777 4405 et
798 4350 944 4421 graciam.
968 4350 1105 4409 Gravem
1129 4354 1289 4426 querelam
1312 4352 1454 4412 fidelium

184 4446 362 4502 nostrorum
387 4445 575 4518 prudentum
597 4454 627 4507 et
649 4451 945 4527 circumspectorum
961 4454 1073 4533 judicis
1096 4464 1125 4517 et
1140 4457 1324 4536 juratorum,
1340 4467 1455 4518 eetero-

186 4564 322 4623 rumque
345 4552 462 4611 civium
485 4555 619 4614 civitatis
643 4566 747 4618 nostre
770 4564 884 4621 montis
907 4562 1070 4623 Grecensis
1094 4566 1184 4624 nobis
1207 4566 1348 4624 oblatam
1371 4581 1457 4625 acce·

187 4653 291 4728 pimus
322 4659 458 4716 multum
489 4659 697 4736 displicentes,
727 4667 811 4739 quod
843 4671 988 4742 quamvis
1019 4671 1079 4745 ipsi
1102 4687 1119 4728 a
1143 4679 1285 4746 tempore
1308 4671 1453 4732 divorum

183 4774 294 4833 regum
318 4763 487 4837 Hungarie,
504 4773 682 4828 nostrorum
699 4773 817 4833 seilicet
839 4776 1095 4849 predecessorum
1119 4784 1148 4835 et
1164 4779 1319 4851 signanter
1342 4784 1456 4837 atem·

183 4878 264 4941 pore
285 4865 403 4928 domini
434 4868 507 4930 Bele
529 4876 620 4948 regis,
643 4876 695 4952 pi'e
718 4880 877 4955 memorie,
900 4897 918 4940 a
941 4882 1082 4958 qualibet
1103 4884 1261 4944 solucione
1291 4884 1455 4946 tributaria
