<?xml version="1.0" encoding="UTF-8"?>
<!DOCTYPE html PUBLIC "-//W3C//DTD XHTML 1.0 Transitional//EN"
    "http://www.w3.org/TR/xhtml1/DTD/xhtml1-transitional.dtd">
<html xmlns="http://www.w3.org/1999/xhtml" xml:lang="en" lang="en">
 <head>
  <title>
</title>
<meta http-equiv="Content-Type" content="text/html;charset=utf-8" />
  <meta name='ocr-system' content='tesseract 3.04.00' />
  <meta name='ocr-capabilities' content='ocr_page ocr_carea ocr_par ocr_line ocrx_word'/>
</head>
<body>
  <div class='ocr_page' id='page_1' title='image "./monumentahistor01laszgoog_0322.png"; bbox 0 0 3278 5348; ppageno 0'>
   <div class='ocr_carea' id='block_1_1' title="bbox 616 435 1025 512">
    <p class='ocr_par' dir='ltr' id='par_1_1' title="bbox 616 435 1025 512">
     <span class='ocr_line' id='line_1_1' title="bbox 616 435 1025 512; baseline -0.007 -18"><span class='ocrx_word' id='word_1_1' title='bbox 616 437 688 494; x_wconf 86' lang='lat' dir='ltr'>Doc.</span> <span class='ocrx_word' id='word_1_2' title='bbox 712 446 764 512; x_wconf 70' lang='lat'>517.</span> <span class='ocrx_word' id='word_1_3' title='bbox 790 469 829 479; x_wconf 94' lang='lat'>-</span> <span class='ocrx_word' id='word_1_4' title='bbox 855 435 911 494; x_wconf 86' lang='lat' dir='ltr'>An.</span> <span class='ocrx_word' id='word_1_5' title='bbox 936 445 1025 512; x_wconf 74' lang='lat'><em>1427.</em></span> 
     </span>
    </p>
   </div>
   <div class='ocr_carea' id='block_1_2' title="bbox 182 649 1450 2636">
    <p class='ocr_par' dir='ltr' id='par_1_2' title="bbox 182 649 1448 817">
     <span class='ocr_line' id='line_1_2' title="bbox 182 649 1448 726; baseline 0.002 -17"><span class='ocrx_word' id='word_1_6' title='bbox 182 651 296 722; x_wconf 87' lang='lat' dir='ltr'>salivit,</span> <span class='ocrx_word' id='word_1_7' title='bbox 330 657 424 726; x_wconf 90' lang='lat' dir='ltr'>prout</span> <span class='ocrx_word' id='word_1_8' title='bbox 458 651 665 710; x_wconf 90' lang='lat' dir='ltr'>communiter</span> <span class='ocrx_word' id='word_1_9' title='bbox 702 651 849 709; x_wconf 90' lang='lat' dir='ltr'>omnibus</span> <span class='ocrx_word' id='word_1_10' title='bbox 886 650 963 708; x_wconf 91' lang='lat' dir='ltr'>bene</span> <span class='ocrx_word' id='word_1_11' title='bbox 986 650 1087 708; x_wconf 86' lang='lat' dir='ltr'>extitit</span> <span class='ocrx_word' id='word_1_12' title='bbox 1110 649 1321 725; x_wconf 85' lang='lat' dir='ltr'>manifestum,</span> <span class='ocrx_word' id='word_1_13' title='bbox 1343 657 1448 712; x_wconf 85' lang='lat' dir='ltr'>contra</span> 
     </span>
     <span class='ocr_line' id='line_1_3' title="bbox 183 756 858 817; baseline -0.004 -1"><span class='ocrx_word' id='word_1_14' title='bbox 183 758 360 817; x_wconf 88' lang='lat' dir='ltr'>libertatem</span> <span class='ocrx_word' id='word_1_15' title='bbox 385 763 414 816; x_wconf 84' lang='lat' dir='ltr'>et</span> <span class='ocrx_word' id='word_1_16' title='bbox 439 760 589 816; x_wconf 87' lang='lat' dir='ltr'>honorem</span> <span class='ocrx_word' id='word_1_17' title='bbox 613 756 694 815; x_wconf 83' lang='lat' dir='ltr'>dicte</span> <span class='ocrx_word' id='word_1_18' title='bbox 717 757 858 814; x_wconf 87' lang='lat' dir='ltr'>civitatis.</span> 
     </span>
    </p>

    <p class='ocr_par' dir='ltr' id='par_1_3' title="bbox 182 840 1450 1469">
     <span class='ocr_line' id='line_1_4' title="bbox 287 840 1448 936; baseline 0.006 -15"><span class='ocrx_word' id='word_1_19' title='bbox 287 865 374 935; x_wconf 85' lang='lat' dir='ltr'><strong>Item,</strong></span> <span class='ocrx_word' id='word_1_20' title='bbox 389 863 475 923; x_wconf 90' lang='lat' dir='ltr'>idem</span> <span class='ocrx_word' id='word_1_21' title='bbox 491 863 669 936; x_wconf 83' lang='lat' dir='ltr'>Gregorius,</span> <span class='ocrx_word' id='word_1_22' title='bbox 685 862 780 921; x_wconf 82' lang='lat' dir='ltr'>iudex</span> <span class='ocrx_word' id='word_1_23' title='bbox 796 840 998 936; x_wconf 88' lang='lat' dir='ltr'>provincialis</span> <span class='ocrx_word' id='word_1_24' title='bbox 1015 861 1229 936; x_wconf 89' lang='lat' dir='ltr'>predictorum</span> <span class='ocrx_word' id='word_1_25' title='bbox 1244 865 1448 927; x_wconf 89' lang='lat' dir='ltr'>dominorum</span> 
     </span>
     <span class='ocr_line' id='line_1_5' title="bbox 182 970 1449 1048; baseline 0.005 -20"><span class='ocrx_word' id='word_1_26' title='bbox 182 970 221 1028; x_wconf 91' lang='lat' dir='ltr'>de</span> <span class='ocrx_word' id='word_1_27' title='bbox 245 971 391 1044; x_wconf 86' lang='lat' dir='ltr'>capitulo,</span> <span class='ocrx_word' id='word_1_28' title='bbox 415 972 523 1045; x_wconf 90' lang='lat' dir='ltr'>plures</span> <span class='ocrx_word' id='word_1_29' title='bbox 555 972 696 1028; x_wconf 90' lang='lat' dir='ltr'>homines</span> <span class='ocrx_word' id='word_1_30' title='bbox 731 975 796 1028; x_wconf 88' lang='lat' dir='ltr'>tarn</span> <span class='ocrx_word' id='word_1_31' title='bbox 832 971 995 1041; x_wconf 87' lang='lat' dir='ltr'>intraueos,</span> <span class='ocrx_word' id='word_1_32' title='bbox 1031 985 1127 1044; x_wconf 91' lang='lat' dir='ltr'>quam</span> <span class='ocrx_word' id='word_1_33' title='bbox 1157 971 1256 1030; x_wconf 87' lang='lat' dir='ltr'>eciam</span> <span class='ocrx_word' id='word_1_34' title='bbox 1279 980 1449 1048; x_wconf 85' lang='lat' dir='ltr'>extraneos,</span> 
     </span>
     <span class='ocr_line' id='line_1_6' title="bbox 182 1076 1450 1152; baseline 0.003 -16"><span class='ocrx_word' id='word_1_35' title='bbox 182 1083 247 1136; x_wconf 91' lang='lat' dir='ltr'>tam</span> <span class='ocrx_word' id='word_1_36' title='bbox 269 1077 415 1136; x_wconf 89' lang='lat' dir='ltr'>videlicet</span> <span class='ocrx_word' id='word_1_37' title='bbox 438 1078 628 1135; x_wconf 85' lang='lat' dir='ltr'>habitatores</span> <span class='ocrx_word' id='word_1_38' title='bbox 651 1077 793 1146; x_wconf 85' lang='lat' dir='ltr'>civitatis,</span> <span class='ocrx_word' id='word_1_39' title='bbox 817 1092 913 1150; x_wconf 91' lang='lat' dir='ltr'>quam</span> <span class='ocrx_word' id='word_1_40' title='bbox 944 1076 1080 1134; x_wconf 83' lang='lat' dir='ltr'>advenas</span> <span class='ocrx_word' id='word_1_41' title='bbox 1113 1093 1152 1135; x_wconf 86' lang='lat' dir='ltr'>ex</span> <span class='ocrx_word' id='word_1_42' title='bbox 1185 1080 1393 1152; x_wconf 85' lang='lat' dir='ltr'>permissione</span> <span class='ocrx_word' id='word_1_43' title='bbox 1421 1086 1450 1140; x_wconf 89' lang='lat' dir='ltr'>et</span> 
     </span>
     <span class='ocr_line' id='line_1_7' title="bbox 182 1182 1449 1262; baseline 0.003 -20"><span class='ocrx_word' id='word_1_44' title='bbox 182 1198 332 1242; x_wconf 91' lang='lat' dir='ltr'>consensu</span> <span class='ocrx_word' id='word_1_45' title='bbox 354 1185 495 1258; x_wconf 91' lang='lat' dir='ltr'>ipsorum</span> <span class='ocrx_word' id='word_1_46' title='bbox 519 1184 720 1241; x_wconf 89' lang='lat' dir='ltr'>dominorum</span> <span class='ocrx_word' id='word_1_47' title='bbox 744 1182 782 1240; x_wconf 95' lang='lat' dir='ltr'>de</span> <span class='ocrx_word' id='word_1_48' title='bbox 805 1182 943 1256; x_wconf 90' lang='lat' dir='ltr'>capitulo</span> <span class='ocrx_word' id='word_1_49' title='bbox 966 1182 998 1240; x_wconf 94' lang='lat' dir='ltr'>in</span> <span class='ocrx_word' id='word_1_50' title='bbox 1021 1183 1102 1241; x_wconf 85' lang='lat' dir='ltr'>dicta</span> <span class='ocrx_word' id='word_1_51' title='bbox 1119 1185 1197 1242; x_wconf 86' lang='lat' dir='ltr'>turri</span> <span class='ocrx_word' id='word_1_52' title='bbox 1213 1184 1353 1258; x_wconf 86' lang='lat' dir='ltr'>detineri,</span> <span class='ocrx_word' id='word_1_53' title='bbox 1378 1202 1449 1262; x_wconf 89' lang='lat' dir='ltr'>spo-</span> 
     </span>
     <span class='ocr_line' id='line_1_8' title="bbox 182 1289 1449 1366; baseline 0.005 -19"><span class='ocrx_word' id='word_1_54' title='bbox 182 1290 254 1348; x_wconf 90' lang='lat' dir='ltr'>liari</span> <span class='ocrx_word' id='word_1_55' title='bbox 278 1296 306 1348; x_wconf 91' lang='lat' dir='ltr'>et</span> <span class='ocrx_word' id='word_1_56' title='bbox 330 1291 463 1348; x_wconf 84' lang='lat' dir='ltr'>vinculis</span> <span class='ocrx_word' id='word_1_57' title='bbox 486 1291 659 1364; x_wconf 90' lang='lat' dir='ltr'>mancipari</span> <span class='ocrx_word' id='word_1_58' title='bbox 682 1296 712 1348; x_wconf 90' lang='lat' dir='ltr'>et</span> <span class='ocrx_word' id='word_1_59' title='bbox 733 1289 858 1347; x_wconf 91' lang='lat' dir='ltr'>tandem</span> <span class='ocrx_word' id='word_1_60' title='bbox 874 1289 1005 1347; x_wconf 87' lang='lat' dir='ltr'>interfici</span> <span class='ocrx_word' id='word_1_61' title='bbox 1021 1290 1049 1348; x_wconf 91' lang='lat' dir='ltr'>ei</span> <span class='ocrx_word' id='word_1_62' title='bbox 1064 1289 1185 1348; x_wconf 91' lang='lat' dir='ltr'>ibidem</span> <span class='ocrx_word' id='word_1_63' title='bbox 1200 1294 1352 1351; x_wconf 86' lang='lat' dir='ltr'>tumulari</span> <span class='ocrx_word' id='word_1_64' title='bbox 1370 1293 1449 1366; x_wconf 84' lang='lat' dir='ltr'>iecit,</span> 
     </span>
     <span class='ocr_line' id='line_1_9' title="bbox 183 1395 1168 1469; baseline 0.001 -16"><span class='ocrx_word' id='word_1_65' title='bbox 183 1401 289 1454; x_wconf 89' lang='lat' dir='ltr'>contra</span> <span class='ocrx_word' id='word_1_66' title='bbox 314 1396 493 1454; x_wconf 86' lang='lat' dir='ltr'>libertatem</span> <span class='ocrx_word' id='word_1_67' title='bbox 516 1401 546 1454; x_wconf 90' lang='lat' dir='ltr'>et</span> <span class='ocrx_word' id='word_1_68' title='bbox 570 1395 819 1454; x_wconf 90' lang='lat' dir='ltr'>iurisdiccionem</span> <span class='ocrx_word' id='word_1_69' title='bbox 842 1396 975 1453; x_wconf 86' lang='lat' dir='ltr'>civitatis</span> <span class='ocrx_word' id='word_1_70' title='bbox 997 1400 1168 1469; x_wconf 84' lang='lat' dir='ltr'>prenotate.</span> 
     </span>
    </p>

    <p class='ocr_par' dir='ltr' id='par_1_4' title="bbox 182 1501 1450 2636">
     <span class='ocr_line' id='line_1_10' title="bbox 288 1501 1449 1583; baseline 0.003 -24"><span class='ocrx_word' id='word_1_71' title='bbox 288 1503 382 1573; x_wconf 88' lang='lat' dir='ltr'>Item,</span> <span class='ocrx_word' id='word_1_72' title='bbox 417 1509 488 1576; x_wconf 91' lang='lat' dir='ltr'>post</span> <span class='ocrx_word' id='word_1_73' title='bbox 521 1518 677 1561; x_wconf 89' lang='lat' dir='ltr'>recessum</span> <span class='ocrx_word' id='word_1_74' title='bbox 713 1501 831 1560; x_wconf 91' lang='lat' dir='ltr'>domini</span> <span class='ocrx_word' id='word_1_75' title='bbox 864 1502 1014 1583; x_wconf 87' lang='lat' dir='ltr'>Johannis</span> <span class='ocrx_word' id='word_1_76' title='bbox 1057 1503 1197 1577; x_wconf 86' lang='lat' dir='ltr'>episcopi</span> <span class='ocrx_word' id='word_1_77' title='bbox 1230 1504 1449 1576; x_wconf 84' lang='lat' dir='ltr'>zagrabiensis,</span> 
     </span>
     <span class='ocr_line' id='line_1_11' title="bbox 183 1607 1450 1684; baseline 0.002 -18"><span class='ocrx_word' id='word_1_78' title='bbox 183 1607 293 1667; x_wconf 90' lang='lat' dir='ltr'>eodem</span> <span class='ocrx_word' id='word_1_79' title='bbox 332 1624 428 1682; x_wconf 89' lang='lat' dir='ltr'>anno,</span> <span class='ocrx_word' id='word_1_80' title='bbox 463 1611 544 1668; x_wconf 92' lang='lat' dir='ltr'>circa</span> <span class='ocrx_word' id='word_1_81' title='bbox 578 1609 692 1667; x_wconf 84' lang='lat' dir='ltr'>festum</span> <span class='ocrx_word' id='word_1_82' title='bbox 727 1609 958 1667; x_wconf 88' lang='lat' dir='ltr'>Purificacionis</span> <span class='ocrx_word' id='word_1_83' title='bbox 992 1608 1128 1682; x_wconf 86' lang='lat' dir='ltr'>gloriose</span> <span class='ocrx_word' id='word_1_84' title='bbox 1161 1625 1286 1683; x_wconf 90' lang='lat' dir='ltr'>semper</span> <span class='ocrx_word' id='word_1_85' title='bbox 1320 1611 1450 1684; x_wconf 81' lang='lat' dir='ltr'>virginis</span> 
     </span>
     <span class='ocr_line' id='line_1_12' title="bbox 186 1713 1447 1790; baseline 0.003 -18"><span class='ocrx_word' id='word_1_86' title='bbox 186 1716 292 1786; x_wconf 88' lang='lat' dir='ltr'>Marie,</span> <span class='ocrx_word' id='word_1_87' title='bbox 329 1716 404 1774; x_wconf 90' lang='lat' dir='ltr'>certi</span> <span class='ocrx_word' id='word_1_88' title='bbox 439 1717 588 1786; x_wconf 91' lang='lat' dir='ltr'>homines,</span> <span class='ocrx_word' id='word_1_89' title='bbox 622 1715 705 1773; x_wconf 87' lang='lat' dir='ltr'>servi</span> <span class='ocrx_word' id='word_1_90' title='bbox 729 1721 758 1772; x_wconf 89' lang='lat' dir='ltr'>et</span> <span class='ocrx_word' id='word_1_91' title='bbox 792 1713 973 1790; x_wconf 87' lang='lat' dir='ltr'>jobagioues</span> <span class='ocrx_word' id='word_1_92' title='bbox 1003 1716 1196 1774; x_wconf 88' lang='lat' dir='ltr'>honorabilis</span> <span class='ocrx_word' id='word_1_93' title='bbox 1226 1716 1297 1788; x_wconf 80' lang='lat' dir='ltr'>viri,</span> <span class='ocrx_word' id='word_1_94' title='bbox 1328 1716 1447 1776; x_wconf 92' lang='lat' dir='ltr'>domini</span> 
     </span>
     <span class='ocr_line' id='line_1_13' title="bbox 182 1821 1447 1904; baseline 0.003 -27"><span class='ocrx_word' id='word_1_95' title='bbox 182 1822 332 1904; x_wconf 88' lang='lat' dir='ltr'>Johannis</span> <span class='ocrx_word' id='word_1_96' title='bbox 356 1821 490 1879; x_wconf 91' lang='lat' dir='ltr'>cantoris</span> <span class='ocrx_word' id='word_1_97' title='bbox 514 1827 544 1878; x_wconf 91' lang='lat' dir='ltr'>et</span> <span class='ocrx_word' id='word_1_98' title='bbox 573 1821 710 1878; x_wconf 90' lang='lat' dir='ltr'>canonici</span> <span class='ocrx_word' id='word_1_99' title='bbox 741 1821 869 1878; x_wconf 85' lang='lat' dir='ltr'>ecclesie</span> <span class='ocrx_word' id='word_1_100' title='bbox 900 1823 1116 1895; x_wconf 88' lang='lat' dir='ltr'>zagrabiensis,</span> <span class='ocrx_word' id='word_1_101' title='bbox 1151 1838 1190 1880; x_wconf 86' lang='lat' dir='ltr'>ex</span> <span class='ocrx_word' id='word_1_102' title='bbox 1219 1824 1447 1894; x_wconf 86' lang='lat' dir='ltr'>commissione,</span> 
     </span>
     <span class='ocr_line' id='line_1_14' title="bbox 184 1926 1450 2002; baseline 0.002 -18"><span class='ocrx_word' id='word_1_103' title='bbox 184 1927 347 1984; x_wconf 87' lang='lat' dir='ltr'>voluntate</span> <span class='ocrx_word' id='word_1_104' title='bbox 370 1934 400 1984; x_wconf 94' lang='lat' dir='ltr'>et</span> <span class='ocrx_word' id='word_1_105' title='bbox 423 1934 571 2002; x_wconf 86' lang='lat' dir='ltr'>precepto</span> <span class='ocrx_word' id='word_1_106' title='bbox 594 1926 741 1999; x_wconf 90' lang='lat' dir='ltr'>eiusdem,</span> <span class='ocrx_word' id='word_1_107' title='bbox 765 1927 919 2001; x_wconf 90' lang='lat' dir='ltr'>quosdam</span> <span class='ocrx_word' id='word_1_108' title='bbox 943 1929 1084 1986; x_wconf 90' lang='lat' dir='ltr'>homines</span> <span class='ocrx_word' id='word_1_109' title='bbox 1107 1935 1138 1986; x_wconf 90' lang='lat' dir='ltr'>et</span> <span class='ocrx_word' id='word_1_110' title='bbox 1162 1929 1354 1987; x_wconf 84' lang='lat' dir='ltr'>habitatores</span> <span class='ocrx_word' id='word_1_111' title='bbox 1376 1929 1450 1988; x_wconf 87' lang='lat' dir='ltr'>civi·</span> 
     </span>
     <span class='ocr_line' id='line_1_15' title="bbox 186 2032 1450 2110; baseline 0.003 -20"><span class='ocrx_word' id='word_1_112' title='bbox 186 2034 257 2091; x_wconf 86' lang='lat' dir='ltr'>tatis</span> <span class='ocrx_word' id='word_1_113' title='bbox 280 2032 421 2106; x_wconf 87' lang='lat' dir='ltr'>predicte</span> <span class='ocrx_word' id='word_1_114' title='bbox 442 2034 473 2091; x_wconf 94' lang='lat' dir='ltr'>in</span> <span class='ocrx_word' id='word_1_115' title='bbox 497 2049 608 2106; x_wconf 92' lang='lat' dir='ltr'>campo</span> <span class='ocrx_word' id='word_1_116' title='bbox 632 2038 663 2090; x_wconf 93' lang='lat' dir='ltr'>et</span> <span class='ocrx_word' id='word_1_117' title='bbox 685 2034 841 2091; x_wconf 88' lang='lat' dir='ltr'>territorio</span> <span class='ocrx_word' id='word_1_118' title='bbox 873 2033 1013 2091; x_wconf 89' lang='lat' dir='ltr'>eiusdem</span> <span class='ocrx_word' id='word_1_119' title='bbox 1044 2035 1187 2105; x_wconf 85' lang='lat' dir='ltr'>civitatis,</span> <span class='ocrx_word' id='word_1_120' title='bbox 1219 2035 1316 2093; x_wconf 91' lang='lat' dir='ltr'>nullis</span> <span class='ocrx_word' id='word_1_121' title='bbox 1348 2036 1450 2110; x_wconf 89' lang='lat' dir='ltr'>culpis</span> 
     </span>
     <span class='ocr_line' id='line_1_16' title="bbox 182 2140 1450 2216; baseline 0.002 -19"><span class='ocrx_word' id='word_1_122' title='bbox 182 2154 291 2197; x_wconf 89' lang='lat' dir='ltr'>eorum</span> <span class='ocrx_word' id='word_1_123' title='bbox 315 2141 519 2214; x_wconf 84' lang='lat' dir='ltr'>exigentibus,</span> <span class='ocrx_word' id='word_1_124' title='bbox 543 2140 740 2199; x_wconf 90' lang='lat' dir='ltr'>detinuerunt</span> <span class='ocrx_word' id='word_1_125' title='bbox 763 2146 794 2199; x_wconf 90' lang='lat' dir='ltr'>et</span> <span class='ocrx_word' id='word_1_126' title='bbox 816 2142 1034 2215; x_wconf 87' lang='lat' dir='ltr'>captivarunt;</span> <span class='ocrx_word' id='word_1_127' title='bbox 1055 2147 1086 2200; x_wconf 91' lang='lat' dir='ltr'>et</span> <span class='ocrx_word' id='word_1_128' title='bbox 1108 2141 1185 2199; x_wconf 90' lang='lat' dir='ltr'>dum</span> <span class='ocrx_word' id='word_1_129' title='bbox 1208 2146 1316 2216; x_wconf 89' lang='lat' dir='ltr'>captos</span> <span class='ocrx_word' id='word_1_130' title='bbox 1338 2145 1370 2200; x_wconf 88' lang='lat' dir='ltr'>et</span> <span class='ocrx_word' id='word_1_131' title='bbox 1399 2141 1450 2200; x_wconf 89' lang='lat' dir='ltr'>de·</span> 
     </span>
     <span class='ocr_line' id='line_1_17' title="bbox 182 2245 1450 2321; baseline 0.002 -19"><span class='ocrx_word' id='word_1_132' title='bbox 182 2250 284 2303; x_wconf 90' lang='lat' dir='ltr'>tentos</span> <span class='ocrx_word' id='word_1_133' title='bbox 308 2260 360 2304; x_wconf 91' lang='lat' dir='ltr'>eos</span> <span class='ocrx_word' id='word_1_134' title='bbox 383 2262 440 2320; x_wconf 90' lang='lat' dir='ltr'>per</span> <span class='ocrx_word' id='word_1_135' title='bbox 463 2247 530 2305; x_wconf 86' lang='lat' dir='ltr'>vias</span> <span class='ocrx_word' id='word_1_136' title='bbox 553 2245 745 2317; x_wconf 87' lang='lat' dir='ltr'>deduxerint,</span> <span class='ocrx_word' id='word_1_137' title='bbox 770 2253 842 2305; x_wconf 91' lang='lat' dir='ltr'>tunc</span> <span class='ocrx_word' id='word_1_138' title='bbox 865 2247 949 2305; x_wconf 90' lang='lat' dir='ltr'>idem</span> <span class='ocrx_word' id='word_1_139' title='bbox 972 2248 1101 2306; x_wconf 89' lang='lat' dir='ltr'>adiuves</span> <span class='ocrx_word' id='word_1_140' title='bbox 1136 2247 1311 2321; x_wconf 87' lang='lat' dir='ltr'>presidium</span> <span class='ocrx_word' id='word_1_141' title='bbox 1348 2249 1450 2305; x_wconf 86' lang='lat' dir='ltr'>excla-</span> 
     </span>
     <span class='ocr_line' id='line_1_18' title="bbox 182 2351 1450 2427; baseline 0.002 -19"><span class='ocrx_word' id='word_1_142' title='bbox 182 2357 314 2422; x_wconf 89' lang='lat' dir='ltr'>mantes,</span> <span class='ocrx_word' id='word_1_143' title='bbox 338 2367 395 2425; x_wconf 90' lang='lat' dir='ltr'>per</span> <span class='ocrx_word' id='word_1_144' title='bbox 417 2351 495 2410; x_wconf 91' lang='lat' dir='ltr'>alios</span> <span class='ocrx_word' id='word_1_145' title='bbox 519 2352 660 2410; x_wconf 85' lang='lat' dir='ltr'>diversos</span> <span class='ocrx_word' id='word_1_146' title='bbox 683 2353 825 2411; x_wconf 90' lang='lat' dir='ltr'>homines</span> <span class='ocrx_word' id='word_1_147' title='bbox 855 2354 901 2411; x_wconf 93' lang='lat' dir='ltr'>ibi</span> <span class='ocrx_word' id='word_1_148' title='bbox 930 2368 1030 2427; x_wconf 91' lang='lat' dir='ltr'>prope</span> <span class='ocrx_word' id='word_1_149' title='bbox 1064 2355 1096 2411; x_wconf 92' lang='lat' dir='ltr'>in</span> <span class='ocrx_word' id='word_1_150' title='bbox 1131 2354 1252 2411; x_wconf 90' lang='lat' dir='ltr'>cultura</span> <span class='ocrx_word' id='word_1_151' title='bbox 1276 2354 1450 2423; x_wconf 89' lang='lat' dir='ltr'>existentes,</span> 
     </span>
     <span class='ocr_line' id='line_1_19' title="bbox 184 2457 1450 2534; baseline 0.002 -20"><span class='ocrx_word' id='word_1_152' title='bbox 184 2457 237 2514; x_wconf 85' lang='lat' dir='ltr'>vix</span> <span class='ocrx_word' id='word_1_153' title='bbox 261 2458 387 2515; x_wconf 87' lang='lat' dir='ltr'>liberati</span> <span class='ocrx_word' id='word_1_154' title='bbox 412 2459 603 2530; x_wconf 85' lang='lat' dir='ltr'>exstiterunt,</span> <span class='ocrx_word' id='word_1_155' title='bbox 627 2465 657 2516; x_wconf 91' lang='lat' dir='ltr'>et</span> <span class='ocrx_word' id='word_1_156' title='bbox 680 2475 774 2534; x_wconf 88' lang='lat' dir='ltr'>super</span> <span class='ocrx_word' id='word_1_157' title='bbox 798 2474 838 2531; x_wconf 90' lang='lat' dir='ltr'>se,</span> <span class='ocrx_word' id='word_1_158' title='bbox 862 2461 893 2518; x_wconf 92' lang='lat' dir='ltr'>in</span> <span class='ocrx_word' id='word_1_159' title='bbox 924 2461 1048 2534; x_wconf 88' lang='lat' dir='ltr'>signum</span> <span class='ocrx_word' id='word_1_160' title='bbox 1071 2461 1172 2531; x_wconf 90' lang='lat' dir='ltr'>huius,</span> <span class='ocrx_word' id='word_1_161' title='bbox 1195 2461 1282 2532; x_wconf 88' lang='lat' dir='ltr'>signa</span> <span class='ocrx_word' id='word_1_162' title='bbox 1307 2459 1450 2531; x_wconf 88' lang='lat' dir='ltr'>armalia,</span> 
     </span>
     <span class='ocr_line' id='line_1_20' title="bbox 182 2562 628 2636; baseline 0.004 -16"><span class='ocrx_word' id='word_1_163' title='bbox 182 2562 240 2621; x_wconf 92' lang='lat' dir='ltr'>deo</span> <span class='ocrx_word' id='word_1_164' title='bbox 263 2564 397 2636; x_wconf 87' lang='lat' dir='ltr'>volente,</span> <span class='ocrx_word' id='word_1_165' title='bbox 421 2565 628 2623; x_wconf 88' lang='lat' dir='ltr'>obtinuerunt</span> 
     </span>
    </p>
   </div>
   <div class='ocr_carea' id='block_1_3' title="bbox 180 2701 1448 2840">
    <p class='ocr_par' dir='ltr' id='par_1_5' title="bbox 180 2701 1448 2840">
     <span class='ocr_line' id='line_1_21' title="bbox 288 2701 1448 2767; baseline 0.003 -20"><span class='ocrx_word' id='word_1_166' title='bbox 288 2701 478 2749; x_wconf 88' lang='lat' dir='ltr'>Documentum</span> <span class='ocrx_word' id='word_1_167' title='bbox 506 2701 711 2750; x_wconf 79' lang='lat' dir='ltr'>transactionale.</span> <span class='ocrx_word' id='word_1_168' title='bbox 741 2705 773 2751; x_wconf 90' lang='lat' dir='ltr'>In</span> <span class='ocrx_word' id='word_1_169' title='bbox 800 2703 869 2754; x_wconf 87' lang='lat' dir='ltr'>arch.</span> <span class='ocrx_word' id='word_1_170' title='bbox 898 2720 954 2755; x_wconf 83' lang='lat' dir='ltr'>ven.</span> <span class='ocrx_word' id='word_1_171' title='bbox 982 2703 1068 2767; x_wconf 88' lang='lat' dir='ltr'>Capit.</span> <span class='ocrx_word' id='word_1_172' title='bbox 1096 2703 1197 2766; x_wconf 80' lang='lat' dir='ltr'>zagrab.</span> <span class='ocrx_word' id='word_1_173' title='bbox 1225 2703 1279 2751; x_wconf 83' lang='lat' dir='ltr'>Act</span> <span class='ocrx_word' id='word_1_174' title='bbox 1308 2717 1364 2766; x_wconf 83' lang='lat' dir='ltr'>cap.</span> <span class='ocrx_word' id='word_1_175' title='bbox 1383 2702 1448 2751; x_wconf 84' lang='lat' dir='ltr'>Ant.</span> 
     </span>
     <span class='ocr_line' id='line_1_22' title="bbox 180 2789 421 2840; baseline 0.008 -3"><span class='ocrx_word' id='word_1_176' title='bbox 180 2789 242 2839; x_wconf 79' lang='lat' dir='ltr'>susc.</span> <span class='ocrx_word' id='word_1_177' title='bbox 265 2801 303 2839; x_wconf 89' lang='lat'>10.</span> <span class='ocrx_word' id='word_1_178' title='bbox 323 2804 360 2840; x_wconf 88' lang='lat' dir='ltr'>nr.</span> <span class='ocrx_word' id='word_1_179' title='bbox 383 2789 421 2839; x_wconf 90' lang='lat'>16.</span> 
     </span>
    </p>
   </div>
   <div class='ocr_carea' id='block_1_4' title="bbox 790 2966 852 3033">
    <p class='ocr_par' dir='ltr' id='par_1_6' title="bbox 790 2966 852 3033">
     <span class='ocr_line' id='line_1_23' title="bbox 790 2966 852 3033; baseline -0.032 -2"><span class='ocrx_word' id='word_1_180' title='bbox 790 2966 852 3033; x_wconf 84' lang='lat'>47.</span> 
     </span>
    </p>
   </div>
   <div class='ocr_carea' id='block_1_5' title="bbox 287 3109 768 3172">
    <p class='ocr_par' dir='ltr' id='par_1_7' title="bbox 287 3109 768 3172">
     <span class='ocr_line' id='line_1_24' title="bbox 287 3109 768 3172; baseline 0.002 -15"><span class='ocrx_word' id='word_1_181' title='bbox 287 3109 368 3157; x_wconf 86' lang='lat' dir='ltr'>Anno</span> <span class='ocrx_word' id='word_1_182' title='bbox 391 3121 464 3172; x_wconf 81' lang='lat'>1427,</span> <span class='ocrx_word' id='word_1_183' title='bbox 486 3121 525 3160; x_wconf 90' lang='lat'>20.</span> <span class='ocrx_word' id='word_1_184' title='bbox 543 3109 625 3172; x_wconf 76' lang='lat' dir='ltr'>Junii,</span> <span class='ocrx_word' id='word_1_185' title='bbox 645 3110 768 3171; x_wconf 78' lang='lat' dir='ltr'>Poiegae.</span> 
     </span>
    </p>
   </div>
   <div class='ocr_carea' id='block_1_6' title="bbox 188 3234 1449 3313">
    <p class='ocr_par' dir='ltr' id='par_1_8' title="bbox 188 3234 1449 3313">
     <span class='ocr_line' id='line_1_25' title="bbox 188 3234 1449 3313; baseline 0.002 -20"><span class='ocrx_word' id='word_1_186' title='bbox 188 3236 351 3310; x_wconf 78' lang='lat' dir='ltr'>Capitulum</span> <span class='ocrx_word' id='word_1_187' title='bbox 375 3256 396 3295; x_wconf 90' lang='lat' dir='ltr'>s.</span> <span class='ocrx_word' id='word_1_188' title='bbox 419 3238 506 3294; x_wconf 79' lang='lat' dir='ltr'>Petri</span> <span class='ocrx_word' id='word_1_189' title='bbox 521 3237 554 3293; x_wconf 82' lang='lat' dir='ltr'>de</span> <span class='ocrx_word' id='word_1_190' title='bbox 569 3234 685 3309; x_wconf 70' lang='lat' dir='ltr'>Poiega</span> <span class='ocrx_word' id='word_1_191' title='bbox 701 3244 830 3294; x_wconf 69' lang='lat' dir='ltr'>carentum</span> <span class='ocrx_word' id='word_1_192' title='bbox 847 3234 1050 3310; x_wconf 77' lang='lat' dir='ltr'>exquisitionis</span> <span class='ocrx_word' id='word_1_193' title='bbox 1067 3237 1145 3294; x_wconf 82' lang='lat' dir='ltr'>t&#39;ntcr</span> <span class='ocrx_word' id='word_1_194' title='bbox 1158 3237 1315 3303; x_wconf 70' lang='lat' dir='ltr'>capitulum</span> <span class='ocrx_word' id='word_1_195' title='bbox 1331 3239 1449 3313; x_wconf 74' lang='lat' dir='ltr'>sagrab.</span> 
     </span>
    </p>
   </div>
   <div class='ocr_carea' id='block_1_7' title="bbox 182 3326 1451 3420">
    <p class='ocr_par' dir='ltr' id='par_1_9' title="bbox 182 3326 1451 3420">
     <span class='ocr_line' id='line_1_26' title="bbox 182 3326 1451 3420; baseline 0.003 -22"><span class='ocrx_word' id='word_1_196' title='bbox 182 3351 210 3399; x_wconf 85' lang='lat' dir='ltr'>et</span> <span class='ocrx_word' id='word_1_197' title='bbox 230 3345 457 3402; x_wconf 81' lang='lat' dir='ltr'>coinmunitatem</span> <span class='ocrx_word' id='word_1_198' title='bbox 486 3344 611 3400; x_wconf 80' lang='lat' dir='ltr'>ciuitatis</span> <span class='ocrx_word' id='word_1_199' title='bbox 638 3353 719 3402; x_wconf 80' lang='lat' dir='ltr'>actae</span> <span class='ocrx_word' id='word_1_200' title='bbox 748 3343 783 3399; x_wconf 83' lang='lat' dir='ltr'>de</span> <span class='ocrx_word' id='word_1_201' title='bbox 812 3344 927 3417; x_wconf 73' lang='lat' dir='ltr'>ursaria</span> <span class='ocrx_word' id='word_1_202' title='bbox 958 3345 987 3399; x_wconf 86' lang='lat' dir='ltr'>in</span> <span class='ocrx_word' id='word_1_203' title='bbox 1012 3326 1118 3420; x_wconf 64' lang='lat' dir='ltr'>saiun</span> <span class='ocrx_word' id='word_1_204' title='bbox 1149 3344 1211 3402; x_wconf 81' lang='lat' dir='ltr'>vt&#39;co</span> <span class='ocrx_word' id='word_1_205' title='bbox 1234 3346 1383 3402; x_wconf 82' lang='lat' dir='ltr'>commissa</span> <span class='ocrx_word' id='word_1_206' title='bbox 1406 3344 1451 3404; x_wconf 92' lang='lat' dir='ltr'>Si-</span> 
     </span>
    </p>
   </div>
   <div class='ocr_carea' id='block_1_8' title="bbox 634 3449 992 3523">
    <p class='ocr_par' dir='ltr' id='par_1_10' title="bbox 634 3449 992 3523">
     <span class='ocr_line' id='line_1_27' title="bbox 634 3449 992 3523; baseline 0 -17"><span class='ocrx_word' id='word_1_207' title='bbox 634 3449 787 3521; x_wconf 80' lang='lat' dir='ltr'>gismundu</span> <span class='ocrx_word' id='word_1_208' title='bbox 810 3450 874 3521; x_wconf 78' lang='lat' dir='ltr'>regi</span> <span class='ocrx_word' id='word_1_209' title='bbox 895 3450 992 3523; x_wconf 81' lang='lat' dir='ltr'>referi.</span> 
     </span>
    </p>
   </div>
   <div class='ocr_carea' id='block_1_9' title="bbox 181 3609 1453 4962">
    <p class='ocr_par' dir='ltr' id='par_1_11' title="bbox 181 3609 1453 4962">
     <span class='ocr_line' id='line_1_28' title="bbox 287 3609 1451 3683; baseline 0.002 -15"><span class='ocrx_word' id='word_1_210' title='bbox 287 3609 489 3668; x_wconf 90' lang='lat' dir='ltr'>Serenissimo</span> <span class='ocrx_word' id='word_1_211' title='bbox 525 3610 658 3683; x_wconf 90' lang='lat' dir='ltr'>principi</span> <span class='ocrx_word' id='word_1_212' title='bbox 694 3610 821 3668; x_wconf 91' lang='lat' dir='ltr'>domino</span> <span class='ocrx_word' id='word_1_213' title='bbox 856 3610 1055 3682; x_wconf 79' lang='lat' dir='ltr'>sigismundo</span> <span class='ocrx_word' id='word_1_214' title='bbox 1079 3609 1129 3668; x_wconf 90' lang='lat' dir='ltr'>dei</span> <span class='ocrx_word' id='word_1_215' title='bbox 1159 3611 1264 3683; x_wconf 83' lang='lat' dir='ltr'>gracia</span> <span class='ocrx_word' id='word_1_216' title='bbox 1294 3612 1451 3670; x_wconf 86' lang='lat' dir='ltr'>Romano-</span> 
     </span>
     <span class='ocr_line' id='line_1_29' title="bbox 182 3717 1452 3790; baseline 0.002 -16"><span class='ocrx_word' id='word_1_217' title='bbox 182 3733 254 3774; x_wconf 91' lang='lat' dir='ltr'>rum</span> <span class='ocrx_word' id='word_1_218' title='bbox 278 3717 352 3787; x_wconf 89' lang='lat' dir='ltr'>regi‚</span> <span class='ocrx_word' id='word_1_219' title='bbox 376 3732 500 3789; x_wconf 86' lang='lat' dir='ltr'>semper</span> <span class='ocrx_word' id='word_1_220' title='bbox 524 3723 663 3788; x_wconf 86' lang='lat' dir='ltr'>augusto,</span> <span class='ocrx_word' id='word_1_221' title='bbox 688 3733 723 3774; x_wconf 91' lang='lat' dir='ltr'>ac</span> <span class='ocrx_word' id='word_1_222' title='bbox 746 3718 913 3790; x_wconf 89' lang='lat' dir='ltr'>Hungarie,</span> <span class='ocrx_word' id='word_1_223' title='bbox 946 3717 1100 3789; x_wconf 88' lang='lat' dir='ltr'>Bohemie,</span> <span class='ocrx_word' id='word_1_224' title='bbox 1128 3717 1298 3788; x_wconf 87' lang='lat' dir='ltr'>Dalmacie,</span> <span class='ocrx_word' id='word_1_225' title='bbox 1321 3717 1452 3777; x_wconf 86' lang='lat' dir='ltr'>Croacie</span> 
     </span>
     <span class='ocr_line' id='line_1_30' title="bbox 182 3821 1451 3897; baseline 0.005 -18"><span class='ocrx_word' id='word_1_226' title='bbox 182 3828 239 3880; x_wconf 85' lang='lat' dir='ltr'>etc.</span> <span class='ocrx_word' id='word_1_227' title='bbox 264 3823 340 3893; x_wconf 79' lang='lat' dir='ltr'>regi,</span> <span class='ocrx_word' id='word_1_228' title='bbox 361 3821 488 3879; x_wconf 90' lang='lat' dir='ltr'>domino</span> <span class='ocrx_word' id='word_1_229' title='bbox 511 3824 652 3895; x_wconf 90' lang='lat' dir='ltr'>ipsorum</span> <span class='ocrx_word' id='word_1_230' title='bbox 677 3824 852 3896; x_wconf 89' lang='lat' dir='ltr'>metuendo,</span> <span class='ocrx_word' id='word_1_231' title='bbox 885 3825 1059 3897; x_wconf 87' lang='lat' dir='ltr'>capitulum</span> <span class='ocrx_word' id='word_1_232' title='bbox 1086 3824 1214 3881; x_wconf 88' lang='lat' dir='ltr'>ecclesie</span> <span class='ocrx_word' id='word_1_233' title='bbox 1248 3824 1331 3882; x_wconf 86' lang='lat' dir='ltr'>beati</span> <span class='ocrx_word' id='word_1_234' title='bbox 1366 3825 1451 3885; x_wconf 84' lang='lat' dir='ltr'>Petri</span> 
     </span>
     <span class='ocr_line' id='line_1_31' title="bbox 183 3929 1452 4004; baseline 0.004 -18"><span class='ocrx_word' id='word_1_235' title='bbox 183 3929 222 3986; x_wconf 90' lang='lat' dir='ltr'>de</span> <span class='ocrx_word' id='word_1_236' title='bbox 245 3929 371 4000; x_wconf 86' lang='lat' dir='ltr'>Posega,</span> <span class='ocrx_word' id='word_1_237' title='bbox 396 3930 549 3986; x_wconf 89' lang='lat' dir='ltr'>orationes</span> <span class='ocrx_word' id='word_1_238' title='bbox 573 3930 603 3986; x_wconf 94' lang='lat' dir='ltr'>in</span> <span class='ocrx_word' id='word_1_239' title='bbox 620 3929 687 3986; x_wconf 91' lang='lat' dir='ltr'>filio</span> <span class='ocrx_word' id='word_1_240' title='bbox 704 3931 833 4003; x_wconf 90' lang='lat' dir='ltr'>virginis</span> <span class='ocrx_word' id='word_1_241' title='bbox 850 3930 994 4002; x_wconf 86' lang='lat' dir='ltr'>gloriose.</span> <span class='ocrx_word' id='word_1_242' title='bbox 1018 3931 1129 3988; x_wconf 90' lang='lat' dir='ltr'>Vestra</span> <span class='ocrx_word' id='word_1_243' title='bbox 1145 3931 1268 3988; x_wconf 87' lang='lat' dir='ltr'>noverit</span> <span class='ocrx_word' id='word_1_244' title='bbox 1291 3932 1452 4004; x_wconf 85' lang='lat' dir='ltr'>serenitas,</span> 
     </span>
     <span class='ocr_line' id='line_1_32' title="bbox 182 4034 1452 4110; baseline 0.003 -18"><span class='ocrx_word' id='word_1_245' title='bbox 182 4034 267 4108; x_wconf 88' lang='lat' dir='ltr'>quod</span> <span class='ocrx_word' id='word_1_246' title='bbox 291 4050 346 4091; x_wconf 91' lang='lat' dir='ltr'>nos</span> <span class='ocrx_word' id='word_1_247' title='bbox 369 4050 514 4108; x_wconf 89' lang='lat' dir='ltr'>sumpma</span> <span class='ocrx_word' id='word_1_248' title='bbox 538 4052 611 4092; x_wconf 89' lang='lat' dir='ltr'>cum</span> <span class='ocrx_word' id='word_1_249' title='bbox 634 4036 814 4093; x_wconf 87' lang='lat' dir='ltr'>obediencia</span> <span class='ocrx_word' id='word_1_250' title='bbox 838 4038 970 4110; x_wconf 85' lang='lat' dir='ltr'>receptis</span> <span class='ocrx_word' id='word_1_251' title='bbox 993 4037 1105 4094; x_wconf 87' lang='lat' dir='ltr'>litteris</span> <span class='ocrx_word' id='word_1_252' title='bbox 1127 4037 1240 4095; x_wconf 86' lang='lat' dir='ltr'>vestris</span> <span class='ocrx_word' id='word_1_253' title='bbox 1263 4038 1452 4096; x_wconf 84' lang='lat' dir='ltr'>annualibus</span> 
     </span>
     <span class='ocr_line' id='line_1_33' title="bbox 181 4141 1451 4217; baseline 0.003 -19"><span class='ocrx_word' id='word_1_254' title='bbox 181 4156 241 4216; x_wconf 91' lang='lat' dir='ltr'>pro</span> <span class='ocrx_word' id='word_1_255' title='bbox 264 4143 441 4200; x_wconf 92' lang='lat' dir='ltr'>honorabili</span> <span class='ocrx_word' id='word_1_256' title='bbox 465 4144 604 4217; x_wconf 91' lang='lat' dir='ltr'>capitulo</span> <span class='ocrx_word' id='word_1_257' title='bbox 628 4144 756 4201; x_wconf 87' lang='lat' dir='ltr'>ecclesie</span> <span class='ocrx_word' id='word_1_258' title='bbox 779 4144 987 4214; x_wconf 90' lang='lat' dir='ltr'>zagrabiensis</span> <span class='ocrx_word' id='word_1_259' title='bbox 1011 4141 1049 4199; x_wconf 88' lang='lat' dir='ltr'>ad</span> <span class='ocrx_word' id='word_1_260' title='bbox 1086 4143 1316 4216; x_wconf 89' lang='lat' dir='ltr'>inquisiciones,</span> <span class='ocrx_word' id='word_1_261' title='bbox 1340 4159 1451 4202; x_wconf 80' lang='lat' dir='ltr'>evoca-</span> 
     </span>
     <span class='ocr_line' id='line_1_34' title="bbox 182 4249 1453 4322; baseline 0.002 -16"><span class='ocrx_word' id='word_1_262' title='bbox 182 4249 284 4307; x_wconf 92' lang='lat' dir='ltr'>ciones</span> <span class='ocrx_word' id='word_1_263' title='bbox 307 4254 337 4306; x_wconf 87' lang='lat' dir='ltr'>et</span> <span class='ocrx_word' id='word_1_264' title='bbox 360 4250 597 4322; x_wconf 89' lang='lat' dir='ltr'>prohibiciones,</span> <span class='ocrx_word' id='word_1_265' title='bbox 621 4266 656 4307; x_wconf 89' lang='lat' dir='ltr'>ac</span> <span class='ocrx_word' id='word_1_266' title='bbox 679 4249 718 4306; x_wconf 90' lang='lat' dir='ltr'>ad</span> <span class='ocrx_word' id='word_1_267' title='bbox 742 4251 846 4306; x_wconf 91' lang='lat' dir='ltr'>omnia</span> <span class='ocrx_word' id='word_1_268' title='bbox 869 4251 939 4320; x_wconf 90' lang='lat' dir='ltr'>alia,</span> <span class='ocrx_word' id='word_1_269' title='bbox 964 4266 1023 4322; x_wconf 89' lang='lat' dir='ltr'>que</span> <span class='ocrx_word' id='word_1_270' title='bbox 1047 4250 1134 4306; x_wconf 82' lang='lat' dir='ltr'>iuxta</span> <span class='ocrx_word' id='word_1_271' title='bbox 1157 4250 1246 4322; x_wconf 87' lang='lat' dir='ltr'>regni</span> <span class='ocrx_word' id='word_1_272' title='bbox 1266 4250 1364 4308; x_wconf 83' lang='lat' dir='ltr'>vestri</span> <span class='ocrx_word' id='word_1_273' title='bbox 1380 4265 1453 4309; x_wconf 90' lang='lat' dir='ltr'>con·</span> 
     </span>
     <span class='ocr_line' id='line_1_35' title="bbox 181 4354 1451 4430; baseline 0.002 -17"><span class='ocrx_word' id='word_1_274' title='bbox 181 4355 377 4413; x_wconf 81' lang='lat' dir='ltr'>suetudinem</span> <span class='ocrx_word' id='word_1_275' title='bbox 400 4356 516 4413; x_wconf 88' lang='lat' dir='ltr'>talibus</span> <span class='ocrx_word' id='word_1_276' title='bbox 540 4357 569 4413; x_wconf 92' lang='lat' dir='ltr'>in</span> <span class='ocrx_word' id='word_1_277' title='bbox 593 4356 789 4429; x_wconf 88' lang='lat' dir='ltr'>processibus</span> <span class='ocrx_word' id='word_1_278' title='bbox 806 4356 873 4413; x_wconf 92' lang='lat' dir='ltr'>fieri</span> <span class='ocrx_word' id='word_1_279' title='bbox 890 4361 1118 4413; x_wconf 79' lang='lat' dir='ltr'>consueverunt</span> <span class='ocrx_word' id='word_1_280' title='bbox 1134 4354 1274 4413; x_wconf 84' lang='lat' dir='ltr'>iacienda</span> <span class='ocrx_word' id='word_1_281' title='bbox 1291 4358 1451 4430; x_wconf 84' lang='lat' dir='ltr'>emanatis,</span> 
     </span>
     <span class='ocr_line' id='line_1_36' title="bbox 181 4461 1451 4537; baseline 0.003 -18"><span class='ocrx_word' id='word_1_282' title='bbox 181 4461 345 4534; x_wconf 90' lang='lat' dir='ltr'>eidemque</span> <span class='ocrx_word' id='word_1_283' title='bbox 368 4479 425 4537; x_wconf 89' lang='lat' dir='ltr'>per</span> <span class='ocrx_word' id='word_1_284' title='bbox 448 4470 584 4520; x_wconf 87' lang='lat' dir='ltr'>vestram</span> <span class='ocrx_word' id='word_1_285' title='bbox 608 4464 801 4519; x_wconf 90' lang='lat' dir='ltr'>maiestatem</span> <span class='ocrx_word' id='word_1_286' title='bbox 825 4463 864 4520; x_wconf 92' lang='lat' dir='ltr'>ad</span> <span class='ocrx_word' id='word_1_287' title='bbox 888 4463 959 4520; x_wconf 90' lang='lat' dir='ltr'>anni</span> <span class='ocrx_word' id='word_1_288' title='bbox 982 4464 1136 4520; x_wconf 90' lang='lat' dir='ltr'>circulum</span> <span class='ocrx_word' id='word_1_289' title='bbox 1159 4463 1300 4535; x_wconf 88' lang='lat' dir='ltr'>graciose</span> <span class='ocrx_word' id='word_1_290' title='bbox 1316 4462 1398 4523; x_wconf 88' lang='lat' dir='ltr'>datis</span> <span class='ocrx_word' id='word_1_291' title='bbox 1419 4470 1451 4523; x_wconf 85' lang='lat' dir='ltr'>et</span> 
     </span>
     <span class='ocr_line' id='line_1_37' title="bbox 182 4569 1450 4642; baseline 0.002 -16"><span class='ocrx_word' id='word_1_292' title='bbox 182 4569 333 4626; x_wconf 88' lang='lat' dir='ltr'>concessis</span> <span class='ocrx_word' id='word_1_293' title='bbox 356 4569 394 4624; x_wconf 92' lang='lat' dir='ltr'>ad</span> <span class='ocrx_word' id='word_1_294' title='bbox 419 4584 475 4625; x_wconf 93' lang='lat' dir='ltr'>nos</span> <span class='ocrx_word' id='word_1_295' title='bbox 497 4571 691 4642; x_wconf 88' lang='lat' dir='ltr'>preceptorie</span> <span class='ocrx_word' id='word_1_296' title='bbox 715 4570 840 4627; x_wconf 88' lang='lat' dir='ltr'>directis</span> <span class='ocrx_word' id='word_1_297' title='bbox 863 4575 893 4627; x_wconf 88' lang='lat' dir='ltr'>et</span> <span class='ocrx_word' id='word_1_298' title='bbox 916 4571 1001 4626; x_wconf 87' lang='lat' dir='ltr'>iuxta</span> <span class='ocrx_word' id='word_1_299' title='bbox 1024 4569 1206 4627; x_wconf 89' lang='lat' dir='ltr'>earumdem</span> <span class='ocrx_word' id='word_1_300' title='bbox 1222 4570 1450 4629; x_wconf 85' lang='lat' dir='ltr'>continenciam</span> 
     </span>
     <span class='ocr_line' id='line_1_38' title="bbox 182 4675 1449 4750; baseline 0.005 -20"><span class='ocrx_word' id='word_1_301' title='bbox 182 4689 337 4732; x_wconf 90' lang='lat' dir='ltr'>unacum</span> <span class='ocrx_word' id='word_1_302' title='bbox 371 4675 526 4747; x_wconf 92' lang='lat' dir='ltr'>Ladislao,</span> <span class='ocrx_word' id='word_1_303' title='bbox 561 4675 629 4733; x_wconf 88' lang='lat' dir='ltr'>filio</span> <span class='ocrx_word' id='word_1_304' title='bbox 661 4676 820 4734; x_wconf 88' lang='lat' dir='ltr'>Michaelis</span> <span class='ocrx_word' id='word_1_305' title='bbox 852 4677 891 4734; x_wconf 92' lang='lat' dir='ltr'>de</span> <span class='ocrx_word' id='word_1_306' title='bbox 925 4677 1089 4747; x_wconf 89' lang='lat' dir='ltr'>Drenoua,</span> <span class='ocrx_word' id='word_1_307' title='bbox 1125 4677 1253 4735; x_wconf 91' lang='lat' dir='ltr'>homine</span> <span class='ocrx_word' id='word_1_308' title='bbox 1277 4680 1394 4750; x_wconf 85' lang='lat' dir='ltr'>vestro,</span> <span class='ocrx_word' id='word_1_309' title='bbox 1417 4678 1449 4736; x_wconf 93' lang='lat' dir='ltr'>in</span> 
     </span>
     <span class='ocr_line' id='line_1_39' title="bbox 183 4779 1453 4843; baseline 0.004 -5"><span class='ocrx_word' id='word_1_310' title='bbox 183 4779 300 4838; x_wconf 90' lang='lat' dir='ltr'>eisdem</span> <span class='ocrx_word' id='word_1_311' title='bbox 323 4781 435 4839; x_wconf 90' lang='lat' dir='ltr'>litteris</span> <span class='ocrx_word' id='word_1_312' title='bbox 458 4783 570 4840; x_wconf 88' lang='lat' dir='ltr'>vestris</span> <span class='ocrx_word' id='word_1_313' title='bbox 593 4783 780 4840; x_wconf 89' lang='lat' dir='ltr'>annualibus</span> <span class='ocrx_word' id='word_1_314' title='bbox 809 4783 890 4841; x_wconf 88' lang='lat' dir='ltr'>inter</span> <span class='ocrx_word' id='word_1_315' title='bbox 920 4784 998 4840; x_wconf 87' lang='lat' dir='ltr'>alios</span> <span class='ocrx_word' id='word_1_316' title='bbox 1029 4783 1171 4841; x_wconf 90' lang='lat' dir='ltr'>homines</span> <span class='ocrx_word' id='word_1_317' title='bbox 1199 4786 1321 4842; x_wconf 88' lang='lat' dir='ltr'>vestros</span> <span class='ocrx_word' id='word_1_318' title='bbox 1349 4783 1453 4843; x_wconf 84' lang='lat' dir='ltr'>uomi-¹</span> 
     </span>
     <span class='ocr_line' id='line_1_40' title="bbox 182 4886 1450 4962; baseline 0.005 -19"><span class='ocrx_word' id='word_1_319' title='bbox 182 4886 281 4944; x_wconf 88' lang='lat' dir='ltr'>natim</span> <span class='ocrx_word' id='word_1_320' title='bbox 304 4889 489 4962; x_wconf 91' lang='lat' dir='ltr'>conscripto,</span> <span class='ocrx_word' id='word_1_321' title='bbox 513 4894 654 4946; x_wconf 87' lang='lat' dir='ltr'>nostrum</span> <span class='ocrx_word' id='word_1_322' title='bbox 678 4889 846 4962; x_wconf 91' lang='lat' dir='ltr'>hominem,</span> <span class='ocrx_word' id='word_1_323' title='bbox 871 4889 1018 4948; x_wconf 86' lang='lat' dir='ltr'>videlicet</span> <span class='ocrx_word' id='word_1_324' title='bbox 1049 4889 1220 4947; x_wconf 88' lang='lat' dir='ltr'>discretum</span> <span class='ocrx_word' id='word_1_325' title='bbox 1252 4889 1360 4947; x_wconf 81' lang='lat' dir='ltr'>virum</span> <span class='ocrx_word' id='word_1_326' title='bbox 1392 4889 1450 4949; x_wconf 79' lang='lat' dir='ltr'>Fa·</span> 
     </span>
    </p>
   </div>
   <div class='ocr_carea' id='block_1_10' title="bbox 0 0 1645 5348">
    <p class='ocr_par' dir='ltr' id='par_1_12' title="bbox 0 0 1645 5348">
     <span class='ocr_line' id='line_1_41' title="bbox 0 0 1645 5348; baseline 0 0"><span class='ocrx_word' id='word_1_327' title='bbox 0 0 1645 5348; x_wconf 95' lang='lat' dir='ltr'> </span> 
     </span>
    </p>
   </div>
  </div>
 </body>
</html>
