3278 5348
615 443 687 503 Dec.
706 459 784 524 349.
807 480 850 489 -
873 449 929 505 An.
954 441 1050 524 1488.
1400 449 1461 521 467

191 661 276 720 beati
297 662 379 734 regis
402 661 550 736 Stephani
575 668 605 721 et
621 660 827 720 dedicacionis
843 662 934 720 huius
951 661 1034 720 alme
1049 661 1184 731 ecclesie,
1201 663 1278 721 item
1294 663 1333 720 ad
1349 662 1463 722 festum

194 767 342 826 Omnium
366 773 543 826 sanctorum
568 766 661 827 etad
685 767 760 826 festa
792 769 961 826 nativitatis
993 767 1108 826 Christi
1139 774 1169 825 et
1201 768 1466 843 Epiphaniarum;
1521 803 1524 807 -

195 872 281 945 alias,
305 874 359 947 qui
382 888 443 931 non
467 872 592 933 fuerunt
614 874 768 950 legittime
790 875 935 944 excusati,
959 874 1073 948 privati
1096 874 1157 931 sint
1179 875 1384 947 proventibus
1407 875 1462 934 be·

194 971 377 1037 neficiorum
411 994 547 1051 suorum,
581 994 642 1054 que
674 994 732 1053 pro
767 986 840 1037 tunc
871 980 961 1037 solita
997 986 1067 1037 sunt
1092 978 1311 1052 administrari,
1335 981 1460 1050 tociens,

195 1085 350 1157 quociens,
373 1085 433 1144 nisi
457 1085 714 1144 reverendissima
737 1087 905 1159 paternitas
929 1100 983 1142 sua
1000 1100 1070 1142 cum
1087 1084 1203 1158 aliquo,
1221 1092 1273 1145 aut
1289 1087 1461 1161 capitulum

194 1206 343 1263 generose
362 1189 562 1267 dispensabit,
581 1196 707 1264 pensata
723 1196 826 1249 tamen
843 1192 965 1249 racione
981 1206 1072 1248 cause
1089 1196 1119 1248 et
1135 1192 1307 1264 quantitate
1320 1207 1461 1267 persone.

299 1298 365 1354 Hec
388 1312 446 1369 ego
471 1296 618 1368 Andreas,
642 1298 761 1355 arcium
785 1305 815 1355 et
847 1297 1043 1355 decretorum
1074 1296 1192 1368 doctor,
1224 1297 1460 1357 archidiaconus

193 1401 385 1460 kathedralis
409 1407 438 1460 et
457 1404 626 1461 ,canonicus
651 1403 769 1475 prefate
793 1404 922 1462 ecclesie
945 1403 1153 1475 zagrabiensis
1179 1405 1287 1478 scripsi
1311 1420 1350 1463 ex
1376 1421 1461 1464 man·

194 1507 268 1566 dato
304 1508 383 1566 mihi
418 1510 623 1583 personaliter
658 1508 739 1567 facto
775 1509 886 1583 prefati
922 1507 1173 1567 reverendissimi
1209 1509 1327 1569 domini
1362 1512 1460 1570 nostri

192 1614 411 1687 zagrabiensis.

298 1750 378 1799 Liber
396 1750 492 1800 rubeus
510 1767 568 1805 ven.
588 1751 694 1816 capituli
714 1751 775 1800 eccl.
795 1751 975 1815 zagrabiensis.
996 1753 1027 1800 In
1045 1752 1160 1803 archivio
1179 1750 1239 1805 incl.
1259 1752 1344 1807 Acad.
1363 1752 1459 1805 Scient.

192 1839 291 1892 Slavor.
311 1841 400 1890 merid.

780 2038 869 2104 349.

297 2179 377 2229 Anno
399 2180 473 2242 1488,
494 2191 517 2244 5,
535 2180 617 2244 Junii.
637 2179 763 2230 Viennae.

189 2324 335 2394 Mathias,
357 2323 536 2397 Hungariae
556 2331 604 2381 etc.
628 2341 690 2392 rex,
713 2325 910 2381 conrmunitafi
931 2324 1057 2381 claritatis
1079 2325 1182 2382 montis
1211 2323 1457 2399 Grecensisprae·

188 2431 265 2503 cipit,
295 2438 328 2487 ui
363 2429 450 2488 Galli
478 2425 609 2487 Kudelil
633 2430 760 2503 infamia
790 2432 820 2486 in
843 2431 968 2487 civitatis
992 2431 1098 2487 tabulis
1119 2431 1298 2504 consignata,
1320 2431 1456 2492 deleatur.

296 2575 427 2633 Mathias
454 2574 504 2633 dei
528 2575 633 2647 gracia
656 2576 824 2648 Hungarie,
848 2574 995 2634 Bohemie
1016 2580 1071 2633 etc.
1095 2591 1158 2646 rex,
1183 2575 1309 2649 duxque
1325 2577 1457 2636 Austrie.

188 2679 349 2739 Fidelibus
372 2681 484 2739 nostris
508 2681 747 2753 circumspectis,
771 2679 867 2756 judici
883 2686 913 2738 et
935 2678 1045 2755 juratis
1069 2681 1190 2738 civibus
1206 2681 1340 2740 civitatis
1354 2688 1458 2742 nostre

188 2786 302 2845 montis
336 2785 506 2858 Grecensis,
541 2787 674 2845 salutem
711 2793 741 2844 et
772 2788 917 2859 graciam.
954 2787 1138 2861 Expositum
1161 2787 1262 2846 extitit
1283 2789 1375 2847 nobis
1399 2804 1456 2863 pro

188 2897 276 2967 parte
299 2897 328 2950 et
360 2893 391 2951 in
421 2907 555 2966 persona
586 2893 688 2951 tidelis
719 2894 816 2951 nostri
841 2893 1056 2968 circumspecti
1080 2892 1166 2952 Galli
1189 2893 1361 2966 Kudelych,
1386 2909 1456 2954 con·

188 2998 265 3056 civis
289 2998 392 3071 vestri,
419 2999 503 3073 quod
528 2998 601 3057 licet
625 3000 673 3057 his
696 2999 910 3073 superioribus
934 3000 1021 3057 annis
1044 3015 1101 3073 per
1124 3000 1201 3057 alias
1224 3006 1353 3071 nostras,
1383 3007 1456 3060 tunc

187 3102 282 3180 judici
317 3110 346 3162 et
381 3101 491 3179 juratis
525 3105 647 3163 civibus
681 3105 822 3163 eiusdem
858 3106 992 3162 civitatis
1028 3111 1133 3163 nostre
1155 3106 1270 3164 montis
1293 3106 1456 3166 Grecensis

188 3209 452 3282 mandaverimus,
474 3215 509 3267 ut
532 3209 689 3283 quandam
713 3210 883 3281 infamiam,
901 3227 961 3284 que
976 3217 1080 3269 contra
1104 3213 1253 3269 honorem
1271 3210 1345 3271 dicti
1360 3229 1461 3288 expo·-

187 3317 287 3375 nentis
320 3320 450 3391 propter
484 3316 641 3390 quandam
675 3317 778 3375 levem
809 3332 935 3376 causam
966 3319 997 3375 in
1019 3319 1187 3390 registrum
1212 3318 1293 3377 dicte
1320 3320 1455 3379 civitatis

187 3430 291 3482 nostre
314 3423 448 3496 ascripta
472 3422 588 3494 fuisset,
621 3439 660 3481 ex
690 3423 799 3483 eodem
834 3425 966 3497 registro
1001 3424 1128 3482 abolere
1157 3424 1305 3483 deberent
1313 3443 1320 3495 ;
1351 3431 1454 3486 tamen

190 3530 234 3587 uti
258 3545 296 3587 ex
319 3528 546 3601 significacione
570 3528 707 3587 eiusdem
732 3531 914 3604 exponentis
937 3530 1149 3602 intelligimus,
1172 3529 1299 3589 infamia
1315 3532 1453 3590 eiusdem

187 3635 326 3694 nondum
351 3651 388 3693 ex
412 3634 520 3693 eodem
545 3638 676 3708 registro
701 3636 826 3694 aboleta
849 3643 936 3708 esset,
960 3644 1089 3711 propter
1110 3636 1193 3710 quod
1217 3637 1315 3695 eciam
1337 3639 1367 3696 in
1384 3655 1454 3713 pre·

189 3743 358 3799 sentiarum
383 3742 598 3816 circumspecti
620 3742 803 3800 Valentinus
827 3749 913 3800 sutor
936 3750 966 3800 et
990 3744 1086 3800 Lucas
1110 3743 1286 3816 Rybarych,
1309 3726 1454 3804 imiliter

186 3848 329 3905 concives
353 3847 457 3920 vestri,
474 3849 577 3921 ipsum
601 3855 806 3923 exponentem
831 3856 973 3924 pretextu
998 3849 1078 3907 dicte
1100 3849 1228 3908 infamie
1243 3849 1454 3910 diversimode

192 3952 386 4026 impedirent,
411 3952 608 4012 diffamarent
631 3960 660 4012 et
685 3960 835 4013 tortorem
858 3957 1062 4026 nominarent,
1080 3961 1220 4030 preterea
1235 3955 1336 4014 eidem
1354 3958 1453 4016 eciam

189 4060 289 4117 minas
312 4061 423 4117 mortis
446 4060 641 4133 imponerent
664 4061 694 4118 in
718 4061 924 4134 preiudicium
940 4062 1080 4120 eiusdem
1097 4062 1278 4136 exponentis
1295 4067 1324 4120 et
1340 4041 1453 4137 oppre3

184 4165 304 4223 sionem
339 4180 400 4223 non
431 4165 636 4236 mediocrem;
668 4169 742 4240 quia
764 4182 840 4225 vero
863 4183 919 4225 nos
942 4183 1141 4242 nequaquam
1165 4169 1324 4242 paciemur
1347 4168 1452 4241 ipsum

187 4276 392 4344 exponentem
417 4270 520 4328 taliter
544 4272 690 4345 opprimi,
715 4273 900 4332 mandamus
932 4274 1046 4332 idcirco
1076 4274 1218 4332 fidelitati
1250 4279 1352 4332 vestre
1382 4290 1452 4349 pre·

184 4376 323 4434 sencium
358 4377 436 4434 serie
470 4377 672 4447 strictissime,
708 4388 859 4452 quatenus
891 4381 994 4437 statim
1018 4380 1101 4438 etin
1125 4380 1292 4438 continenti
1316 4382 1450 4456 acceptis

184 4483 387 4556 presentibus,
411 4483 551 4540 ulteriori
587 4485 733 4542 mandato
768 4493 875 4543 nostro
910 4486 1077 4560 superinde
1112 4487 1242 4544 minime
1278 4493 1449 4561 expectato,

183 4587 362 4647 huiusmodi
386 4586 556 4660 infamiam,
580 4590 674 4648 modo
691 4593 842 4665 premisso
866 4592 904 4649 ad
930 4592 1105 4666 predictum
1129 4593 1298 4665 registrum
1322 4593 1451 4669 inscrip-

184 4699 262 4766 tam,
284 4694 350 4753 sine
384 4695 525 4753 ulteriori
556 4694 709 4754 dilacione
739 4705 769 4755 et
793 4699 904 4771 quovis
934 4700 992 4756 sub
1023 4700 1144 4773 quesito
1165 4700 1271 4757 colore
1293 4699 1398 4759 delere
1420 4705 1451 4760 et

182 4799 309 4859 abolere
332 4805 362 4857 et
384 4800 511 4875 insuper
540 4802 657 4859 vocatis
688 4818 793 4860 coram
826 4804 916 4862 vobis
939 4812 1002 4863 tam
1027 4804 1110 4864 dicto
1141 4812 1322 4879 exponente,
1354 4822 1449 4880 quarn

183 4907 281 4964 eciam
304 4904 435 4980 prefatis
459 4906 625 4967 Valentino
648 4915 752 4968 sutore
775 4916 805 4968 et
828 4911 909 4968 Luca
933 4911 1101 4983 Rybarych
1123 4911 1320 4984 adversariis,
1332 4913 1450 4974 scilicet

1327 5013 1343 5052 it
