3278 5348
624 417 698 475 Doc.
715 411 793 494 364.
818 449 856 458 —
881 419 938 475 An.
962 430 1053 494 1492.
1393 400 1431 496 48
1438 435 1454 491 5

189 632 371 692 earumdem
405 633 558 692 universis
594 632 673 690 inibi
706 632 857 704 legittime
891 633 1069 691 convocatis
1092 639 1122 691 et
1145 633 1348 708 presentibus,
1373 651 1456 694 acce·

190 740 305 810 dentes,
328 739 504 796 introducat
528 737 685 812 prefatum
709 736 871 794 dominum
891 738 1075 796 Michaelem
1097 739 1129 796 in
1145 738 1318 797 dominium
1335 757 1456 799 earum·

189 845 270 915 dem,
294 850 470 916 statuatque
491 844 615 901 easdem
639 843 740 902 eidem
763 858 799 900 ac
822 849 965 901 annotate
988 844 1116 902 ecclesie
1140 860 1202 911 sue,
1220 847 1372 920 premisso
1387 846 1456 922 jure

189 953 250 1009 sibi
285 951 491 1020 incumbente,
526 955 678 1024 perpetuo
702 948 910 1022 possidendas,
950 950 976 1007 si
1010 965 1072 1007 non
1106 949 1198 1009 fuerit
1222 952 1455 1023 contradictum;

189 1056 431 1115 contradictores
453 1072 537 1125 vero,
561 1056 665 1128 siqui
689 1055 810 1125 fuerint,
835 1061 943 1112 evocet
965 1056 1050 1129 ipsos
1074 1065 1181 1113 contra
1204 1063 1384 1115 annotatum
1402 1057 1455 1115 do·

189 1165 308 1221 minum
334 1164 518 1222 Michaelem
542 1168 680 1220 nostram
703 1163 736 1219 in
760 1163 952 1236 presenciam
974 1164 1007 1221 in
1029 1163 1135 1220 sedem
1159 1164 1391 1235 zagrabiensem
1414 1164 1452 1222 ad

188 1270 355 1328 terminum
372 1274 610 1342 competentem,
634 1269 790 1325 racionem
814 1267 1068 1328 contradiccionis
1084 1269 1253 1327 eorundem
1271 1268 1453 1327 reddituros.

191 1376 227 1432 Et
250 1382 321 1448 post
345 1376 401 1433 hec
424 1375 602 1433 huiusmodi
627 1373 867 1432 introduccionis
890 1380 920 1432 et
943 1376 1120 1433 statucionis
1150 1376 1262 1433 seriem
1287 1391 1358 1432 cum
1383 1390 1455 1433 con·

188 1481 392 1538 tradictorum
417 1489 446 1538 et
468 1488 677 1549 evocatorum,
702 1481 804 1553 siqui
828 1480 949 1550 fuerint,
974 1483 1209 1555 vicinorumque
1233 1489 1263 1539 et
1286 1489 1454 1539 commeta·
1534 1469 1535 1472 ¹

187 1601 327 1657 neorum,
359 1589 413 1660 qui
447 1589 596 1659 premisse
631 1587 793 1644 statucioni
825 1586 1027 1655 interfuerint,
1050 1588 1237 1657 nominibus,
1260 1588 1455 1660 terminoque

188 1694 351 1766 assignato,
374 1693 465 1751 nobis
482 1708 568 1750 more
591 1693 683 1750 solito
706 1693 890 1751 rescribatis.
912 1693 1070 1751 Presentes
1093 1700 1198 1751 autem
1214 1694 1318 1765 sigillo
1336 1694 1454 1764 egregii

188 1798 317 1856 Osualdi
339 1798 378 1857 de
402 1798 546 1871 Polyana,
569 1799 710 1856 vicebani
741 1807 770 1856 et
800 1799 921 1856 comitis
952 1799 1049 1856 nostri
1079 1800 1301 1870 zagrabiensis,
1325 1798 1455 1856 fecimus

188 1905 368 1977 consignari.
393 1904 507 1962 Datum
533 1906 563 1962 in
587 1903 753 1963 Gwdowcz
776 1905 807 1961 in
831 1903 909 1962 sesto
932 1904 1016 1962 beati
1046 1904 1153 1985 Jacobi
1188 1905 1331 1977 apostoli.
1365 1907 1454 1961 Anno

189 2009 307 2067 domini
332 2011 501 2068 millesimo
524 2010 829 2082 quadringentesimo
852 2010 1053 2081 nonagesimo
1076 2009 1218 2067 secundo.

294 2166 317 2212 E
337 2172 498 2230 transumpto
518 2165 659 2213 Wladislai
679 2166 746 2226 regis
766 2165 798 2212 de
816 2180 884 2212 anno
907 2177 979 2229 1495.
1000 2167 1031 2213 In
1051 2165 1120 2216 arch,
1145 2165 1191 2215 lib.
1211 2181 1263 2228 reg.
1283 2165 1330 2213 civ.
1351 2165 1452 2228 zagrab.

767 2396 854 2460 364.

292 2556 373 2603 Anno
396 2567 469 2617 1492,
493 2559 530 2604 lo.
551 2557 675 2616 Augusti.
697 2555 844 2616 Zagrabiae.

186 2679 329 2738 Sacellum
353 2700 374 2741 s.
397 2683 516 2754 spiritus
548 2683 579 2736 in
598 2683 786 2753 possessiones
800 2683 1003 2757 jobogionules
1026 2702 1083 2740 csse
1113 2679 1261 2740 mdmmm
1292 2701 1311 2736 a
1328 2683 1454 2754 capitulo

666 2786 786 2865 sagrab.
811 2789 971 2845 nuntrirtur.

290 2951 353 3009 Nos
376 2951 547 3023 capitulum
571 2951 698 3009 ecclesie
721 2951 935 3021 zagrabiensis.
959 2950 1073 3007 Notum
1099 2949 1229 3008 iacimus
1254 2957 1357 3007 tenore
1380 2966 1449 3025 pre·

184 3059 322 3116 sencium
344 3057 560 3129 significantes,
585 3059 698 3129 quibus
721 3056 847 3129 expedit
870 3056 1030 3125 universis,
1062 3056 1145 3129 quod
1170 3070 1224 3112 nos
1248 3056 1367 3113 litteras
1385 3071 1450 3113 ma·

184 3163 289 3235 gnifici
312 3162 431 3220 domini
455 3162 592 3220 Ladislai
616 3162 654 3220 de
688 3164 860 3233 Egerwara,
884 3176 1051 3233 regnorum
1076 3163 1244 3231 Dalmacie,
1269 3160 1397 3219 Croacie
1420 3169 1449 3220 et

184 3269 347 3328 Sclauonie
364 3269 435 3326 bani
452 3268 690 3326 introductorius
706 3275 736 3325 et
751 3269 928 3325 statutorias
951 3268 1041 3325 nobis
1057 3268 1263 3325 amicabiliter
1287 3268 1450 3340 loquentes

187 3386 217 3434 et
242 3376 374 3433 directas
409 3377 524 3432 bonore
559 3381 588 3430 et
622 3374 807 3444 reverencia,
831 3374 944 3446 quibus
979 3372 1089 3442 decuit,
1125 3375 1298 3446 recepimus
1329 3374 1361 3430 in
1392 3373 1448 3430 hec

183 3481 296 3538 verba:
320 3473 405 3556 (vide
437 3480 511 3536 Doc.
535 3478 609 3551 363.
640 3478 678 3535 de
709 3494 788 3536 anno
827 3494 917 3552 1492.
944 3492 991 3545 25·
1013 3471 1103 3554 julii).
1128 3478 1190 3536 Nos
1213 3480 1317 3552 itaque
1342 3480 1448 3553 petici-

184 3587 295 3645 onibus
319 3586 417 3659 ipsius
441 3584 560 3643 domini
591 3584 725 3643 Ladislai
749 3586 822 3642 bani
852 3592 1019 3643 annuentes
1043 3601 1198 3643 unacum
1223 3584 1346 3660 prefato
1383 3583 1448 3644 Ste-

183 3694 287 3766 phano
310 3692 491 3764 Kasnarych
514 3691 552 3749 de
576 3691 657 3748 dicta
681 3689 876 3762 Glawnycza‚
900 3691 1025 3749 homine
1048 3707 1102 3749 sue
1125 3691 1356 3764 magnificencie
1380 3708 1450 3766 pre·

183 3799 274 3871 dicte,
297 3805 438 3856 nostrum
471 3798 628 3855 hominem
652 3796 797 3854 videlicet
822 3795 990 3854 discretum
1014 3797 1177 3855 dominum
1201 3798 1386 3857 Michaelem
1410 3798 1449 3857 de

182 3903 431 3978 Zthenychnyalr,
455 3905 544 3961 chori
577 3903 657 3961 dicte
687 3903 815 3961 ecclesie
838 3909 941 3959 nostre
965 3904 1173 3974 zagrabiensis
1196 3903 1448 3978 prebendarium,

182 4013 222 4070 ad
245 4013 412 4086 premissas
435 4009 698 4069 introduccionem
716 4017 745 4067 et
762 4011 964 4068 statucionem
987 4008 1122 4067 fideliter
1146 4008 1320 4068 faciendam
1343 4016 1449 4069 nostro

183 4133 240 4192 pro
272 4118 447 4176 testimonio
479 4116 706 4174 transmisimus
738 4115 939 4187 fidedignum.
964 4115 1025 4188 Qui
1050 4115 1173 4174 tandem
1197 4116 1308 4174 exinde
1331 4117 1369 4174 ad
1392 4131 1449 4175 nos

182 4226 298 4282 reversi
314 4232 344 4282 et
367 4240 423 4297 per
445 4238 501 4280 nos
524 4223 672 4296 requisiti,
696 4223 762 4295 ipse
786 4221 932 4280 videlieet
948 4221 1122 4295 Stephanus
1139 4223 1329 4296 Kasnarych,
1353 4225 1449 4282 homo

183 4331 310 4400 banalis,
334 4331 462 4404 prestito
487 4330 573 4402 prius
596 4343 701 4386 corarn
724 4329 814 4387 nobis
837 4329 993 4402 corporali
1016 4344 1072 4386 suo
1096 4328 1280 4404 jurament0,
1306 4322 1354 4407 (ac
1377 4345 1450 4404 pre·

182 4430 276 4513 fatus)
307 4437 447 4506 Michael,
477 4436 571 4492 homo
594 4440 705 4504 noster,
729 4435 759 4492 in
784 4435 917 4508 puritate
941 4450 994 4493 sue
1018 4435 1214 4505 consciencie,
1238 4434 1276 4493 de
1299 4441 1329 4493 et
1352 4451 1447 4510 super

182 4542 361 4601 huiusmodi
393 4558 449 4599 sua
475 4542 658 4599 execucione
693 4542 784 4599 nobis
827 4540 1037 4615 pariformiter
1069 4542 1240 4599 retulerunt
1271 4556 1307 4600 eo
1338 4541 1449 4599 modo:

182 4647 339 4722 quomodo
363 4648 500 4722 prefatus
524 4647 618 4705 homo
642 4646 773 4721 banalis,
795 4649 862 4720 ipso
886 4652 990 4704 nostro
1006 4647 1183 4706 testimonio
1199 4652 1349 4722 presente,
1372 4646 1450 4705 feria

183 4755 276 4812 tercia
300 4756 331 4812 in
354 4754 493 4828 profesto
525 4753 669 4812 videlicet
699 4753 738 4810 ad
772 4754 896 4811 vincula
921 4751 1003 4810 beati
1025 4752 1108 4810 Petri
1133 4753 1277 4827 apostoli,
1303 4754 1447 4827 proxime

182 4861 339 4934 preterito,
364 4861 403 4918 ad
427 4861 520 4919 facies
543 4861 787 4936 prescriptarum
813 4865 945 4933 quatuor
968 4860 1140 4918 sessionum
1155 4857 1401 4935 jobagionalium
1417 4860 1449 4920 in
