3278 5348
591 408 663 466 Dor.
687 418 754 484 271.
781 438 816 448 -
844 409 901 466 An.
924 418 1012 486 1472.
1363 425 1423 485 335

150 622 260 681 curias
292 623 429 682 eiusdem
463 623 591 699 capituli
617 638 672 680 ros
704 623 910 696 personaliter
941 631 1047 681 contra
1069 624 1263 682 voluntatem
1287 623 1426 682 eiusdem

148 744 219 788 non
242 729 442 800 descendatis,
466 731 709 804 hominibusque
732 730 844 788 vestris
866 729 985 788 ibidem
1009 729 1189 789 descensum
1206 730 1308 788 facere
1323 731 1426 789 nulla·

151 844 246 894 tenus
277 837 481 909 permittatis,
509 836 663 911 prefatam
695 836 791 894 eciam
817 842 932 908 taxam,
963 836 1058 894 modo
1089 839 1242 911 premisso
1272 835 1311 894 ad
1343 837 1425 895 bona

151 942 295 1000 eiusdem
326 943 454 1016 capituli
485 944 597 1001 iniuste
626 943 816 1015 impositam,
840 944 965 1016 exigere
995 949 1026 1001 et
1055 951 1242 1017 extorquere
1265 943 1317 1001 vel
1341 943 1424 1001 idem

151 1054 211 1106 aut
233 1049 374 1107 homines
397 1065 469 1107 suos
492 1055 622 1123 propter
643 1063 706 1106 non
729 1049 919 1106 solucionem
943 1049 1082 1107 eiusdem
1113 1048 1335 1124 quoquomodo
1359 1063 1425 1107 mo·

152 1155 270 1213 lestare
292 1161 322 1213 et
346 1154 570 1229 dampnificare
594 1154 632 1213 de
656 1160 820 1228 ceteroque
844 1156 938 1213 aliam
955 1161 1059 1213 taxam
1075 1172 1170 1228 super
1186 1155 1267 1213 bona
1283 1154 1424 1214 eiusdem

153 1266 263 1319 contra
286 1261 445 1319 libertates
468 1261 607 1319 eiusdem
631 1261 799 1334 premissas
821 1261 981 1334 imponere
998 1260 1221 1335 quoquomodo
1238 1262 1424 1335 presumatis

154 1372 212 1425 aut
233 1368 298 1425 sitis
320 1354 388 1426 ausi
409 1367 504 1426 modo
526 1367 664 1440 aliquali.
687 1367 885 1425 Preseutibus
909 1369 1062 1443 perlectis,
1085 1344 1242 1426 exhibenti
1267 1368 1424 1426 restitutis.

153 1475 272 1531 Datum
296 1472 373 1531 feria
396 1475 491 1532 tercia
514 1474 659 1548 proxima
683 1484 753 1547 post
787 1473 899 1531 festum
931 1474 1013 1533 beati
1045 1474 1205 1532 Michaelis
1236 1474 1423 1546 archangeli.

152 1582 246 1637 Anno
269 1578 388 1637 domini
412 1580 582 1637 millesimo
606 1578 911 1654 quadringentesimo
934 1581 1164 1654 septuagesimo
1188 1580 1301 1653 primo.
1325 1581 1424 1653 Regni

152 1685 253 1744 nostri
275 1700 355 1743 anno
379 1686 622 1760 quartodecimo,
646 1686 857 1744 coronacionis
881 1702 955 1744 vero
979 1693 1099 1745 octavo.

261 1874 396 1939 Originale
413 1876 441 1924 in
460 1875 555 1926 charta.
593 1877 625 1924 Iu
644 1875 758 1938 margine
778 1875 895 1925 interiori
913 1876 1066 1940 impressum
1085 1883 1124 1924 est
1143 1874 1267 1939 sigillum.
1301 1878 1334 1924 In
1352 1875 1422 1928 arch.

151 1981 212 2016 ven.
233 1965 295 2029 Cap.
316 1965 417 2029 zagrab.
437 1966 499 2016 Act.
519 1980 574 2030 cap.
593 1972 645 2015 ant.
665 1965 727 2015 fasc.
750 1977 770 2016 r.
791 1981 829 2016 nr.
852 1976 891 2013 12.

760 2247 838 2315 271.

262 2442 343 2490 Anno
364 2453 439 2505 1472,
460 2452 501 2492 20.
521 2442 590 2494 maii.
611 2445 707 2494 Budae.

151 2587 183 2645 A
205 2586 335 2657 Mathia,
361 2587 538 2660 Hungariac
560 2594 607 2645 etc.
631 2606 706 2661 rege,
735 2587 920 2644 commum‘tas
948 2587 1074 2645 civitatis
1096 2606 1115 2643 a
1133 2588 1322 2665 proventibus
1344 2607 1421 2645 mar·

151 2708 340 2776 (inlinemus,
355 2709 482 2768 omnr'bus
493 2718 581 2780 taxes,
592 2711 848 2784 contn‘butr'oneque
859 2711 1099 2767 extraordinaria
1110 2711 1261 2782 solvendis,
1272 2711 1420 2770 liberatur.

778 2851 819 2897 De
838 2849 1018 2898 commissione
1037 2849 1140 2913 propria
1158 2849 1256 2898 domini
1274 2849 1351 2913 regis.

264 2979 328 3037 Nos
351 2980 483 3038 Mathias
507 2980 556 3037 dei
580 2980 683 3053 gracia
707 2996 761 3037 rex
784 2980 950 3052 Hungarie,
976 2979 1121 3036 Bohemie
1137 2984 1192 3037 etc.
1215 2979 1335 3036 Tenore
1351 2995 1420 3052 pre·

152 3087 291 3145 sencium
316 3086 526 3158 significamus
543 3086 657 3159 quibus
681 3086 805 3160 expedit
830 3086 996 3155 universis,
1021 3085 1104 3159 quod
1128 3091 1267 3143 nostum
1290 3085 1328 3141 ad
1345 3099 1421 3143 non-

151 3195 315 3251 nullorum
339 3191 480 3250 fidelium
497 3199 675 3250 nostrorum
700 3192 878 3250 humillime
901 3191 1141 3265 supplicacionis
1164 3191 1347 3249 instanciam
1365 3207 1420 3264 per

153 3314 207 3356 eos
243 3313 300 3371 pro
342 3306 429 3371 parte
460 3297 601 3355 fidelium
632 3305 809 3356 nostrorum
841 3296 1030 3370 prudentum
1061 3302 1091 3354 et
1121 3298 1420 3369 circumspectorum

152 3403 272 3478 judicis,
295 3401 479 3478 juratorum,
502 3407 738 3477 ceterorumque
763 3405 879 3462 civium
903 3412 933 3461 et
956 3404 1187 3461 communitatis
1210 3403 1344 3461 civitatis
1364 3417 1418 3460 no·

153 3519 217 3568 stre
253 3509 368 3567 montis
392 3508 554 3567 Grecensis
585 3509 624 3567 de
647 3510 732 3567 iuxta
755 3509 939 3582 Zagrabiam
962 3516 1065 3567 nostre
1088 3514 1254 3585 propterea
1281 3515 1421 3582 porrecte

152 3615 315 3686 maiestati,
347 3620 414 3673 tum
446 3616 544 3673 eciam
576 3615 776 3673 consideratis
807 3614 948 3673 fidelium
980 3617 1201 3689 obsequiorum
1228 3614 1347 3673 meritis
1370 3629 1420 3673 eo-

152 3720 297 3779 rumdem
330 3722 454 3792 civium,
482 3737 542 3807 que
572 3721 665 3779 iidem
690 3724 829 3796 primum
861 3721 1131 3795 predecessoribus
1157 3723 1270 3781 nostris
1293 3722 1420 3793 regibus

152 3828 313 3900 Hungarie
336 3835 367 3886 et
389 3843 475 3885 sacre
497 3842 609 3885 corone
632 3828 718 3900 regni
741 3829 839 3886 nostri
862 3835 891 3885 et
916 3829 1041 3886 tandem
1065 3831 1163 3887 eciam
1187 3829 1339 3886 maiestati
1363 3843 1418 3886 no-

152 3939 217 3991 stre
240 3933 299 3991 sub
323 3932 502 3991 diversitate
519 3939 695 4006 temporum
713 3939 806 4007 atque
822 3935 963 3992 locorum
981 3936 1199 4004 exhibuissent,
1226 3941 1256 3992 et
1272 3935 1420 4008 precipue

154 4038 355 4097 consideratis
386 4038 451 4095 illis
478 4038 733 4111 oppressionibus
756 4046 784 4096 et
808 4040 1046 4109 calamitatibus,
1071 4055 1189 4097 necnon
1212 4040 1367 4097 sumtibus
1389 4045 1420 4097 et

152 4145 305 4220 expensis,
329 4160 405 4216 quas
439 4159 495 4218 pro
526 4143 703 4202 defensione
726 4152 757 4203 et
779 4147 1015 4204 conservacione
1039 4148 1125 4204 illius
1149 4145 1283 4203 civitatis
1306 4152 1419 4216 nostre,

154 4266 215 4325 que
239 4249 365 4308 cottidie
388 4249 530 4307 hostibus
554 4249 626 4307 fidei
650 4251 770 4308 obiecta
794 4259 848 4322 est,
873 4252 1032 4322 fecissent;
1063 4251 1201 4308 volentes
1226 4251 1319 4322 igitur
1343 4251 1419 4324 ipsis

152 4357 275 4415 civibus
298 4364 328 4414 et
359 4355 573 4413 communitati
599 4371 655 4427 pro
679 4357 771 4415 tantis
795 4359 935 4430 ipsorum
959 4358 1097 4416 serviciis
1121 4357 1232 4415 saltem
1255 4357 1287 4415 in
1311 4358 1418 4430 aliquo

154 4463 293 4536 graciam
324 4468 463 4519 nostram
495 4461 613 4533 regiam
645 4463 814 4527 ostendere.
846 4471 879 4521 ut
911 4465 942 4521 in
968 4471 1126 4536 posterum
1149 4478 1186 4520 eo
1211 4461 1418 4521 tervenciores

153 4569 191 4628 ad
217 4569 348 4627 servicia
364 4576 470 4626 nostra
487 4566 664 4639 reddantur,
681 4569 806 4626 eosdem
824 4571 907 4627 cives
923 4578 952 4627 et
968 4570 1223 4627 communitatem
1248 4568 1327 4627 dicte
1343 4570 1418 4627 civi-

152 4677 225 4736 tatis
256 4681 361 4734 nostre
393 4674 507 4731 montis
538 4671 701 4732 Grecensis
732 4674 851 4732 scilicet
882 4675 998 4732 incolas
1029 4676 1060 4732 in
1092 4675 1243 4733 suburbio
1278 4674 1418 4732 eiusdem

153 4782 390 4851 commorantes,
404 4784 563 4854 presentes
585 4786 615 4836 et
638 4778 768 4858 futuros,
791 4796 810 4836 a
834 4781 992 4839 solucione
1015 4786 1078 4838 tam
1102 4788 1313 4855 proventuum
1336 4796 1419 4839 mar·

154 4888 347 4948 durinelium
368 4887 460 4945 uobis
493 4893 523 4942 et
552 4883 629 4944 fisco
658 4893 764 4944 nostro
794 4886 962 4961 provenire
985 4886 1177 4958 debencium,
1202 4901 1297 4960 quam
1321 4887 1418 4945 eciam
