3278 5348
618 437 691 494 Doc.
713 447 760 513 72.
787 471 828 481 --
855 436 911 494 An.
936 451 1023 514 1434.
1415 457 1453 515 93

190 651 274 708 malo
307 650 378 709 freti
410 653 539 710 consilio
572 659 676 709 ortum
710 653 835 725 plebani
867 653 995 710 ecclesie
1026 655 1121 711 sancti
1146 655 1276 713 Emerici
1309 655 1396 713 ducis
1426 667 1455 714 et

190 756 374 815 confessoris
396 763 467 815 ante
491 756 573 815 fores
597 757 678 815 dicte
702 757 830 815 ecclesie
845 759 1053 830 zagrabiensis
1073 766 1254 831 constructe,
1272 777 1310 818 ex
1326 767 1456 835 utraque

189 861 274 921 fluvii
299 863 496 937 Cyrlrwenyk
520 863 720 934 adiacentem,
745 864 900 934 irruendo,
925 865 1028 922 caules
1051 872 1081 923 et
1096 866 1174 923 alias
1198 867 1401 926 seminaturas
1424 870 1454 926 in

189 968 298 1027 eodem
323 976 391 1028 orto
415 971 580 1028 seminatas
604 977 709 1028 contra
727 970 897 1042 legittimas
916 971 1144 1044 prohibiciones
1162 973 1275 1030 nobilis
1290 975 1350 1031 viri
1367 974 1455 1032 Pauli

190 1076 365 1149 provisoris
388 1077 472 1134 curie
488 1077 674 1151 episcopalis
691 1077 905 1149 zagrabiensis,
931 1076 1094 1135 familiaris
1110 1079 1214 1150 nostri,
1231 1078 1363 1151 pedibus
1386 1096 1453 1138 con-

188 1182 305 1239 culcari
330 1190 360 1239 et
383 1182 508 1252 destrui,
532 1198 568 1240 ac
591 1190 707 1240 terram
731 1182 769 1239 de
792 1182 902 1239 eodem
926 1188 994 1241 orto
1017 1183 1112 1241 effodi
1136 1191 1164 1240 et
1196 1185 1346 1256 quasdam
1371 1188 1454 1245 clau-

194 1303 283 1344 suras
308 1287 446 1345 eiusdem
470 1287 557 1347 fluvii
581 1288 760 1361 Cyrlruenik
791 1290 911 1347 obstrui
943 1289 1092 1360 iecissent,
1124 1291 1318 1365 eundemque
1352 1302 1455 1350 ortum

189 1408 247 1467 pro
272 1411 304 1452 se
328 1396 405 1469 ipsis
425 1397 528 1453 minus
551 1394 629 1469 juste
652 1404 681 1453 et
705 1395 841 1454 indebite
864 1403 1065 1470 occupassent
1088 1399 1230 1469 potencia
1254 1398 1407 1456 mediante
1424 1401 1453 1457 in

190 1499 398 1572 preiudicium
421 1499 498 1576 J'uris
522 1501 603 1559 dicte
627 1502 754 1559 ecclesie
778 1504 874 1560 sancti
899 1503 1030 1560 Emerici
1054 1508 1084 1559 et
1105 1518 1160 1575 per
1180 1518 1368 1576 consequens
1384 1522 1453 1579 pre·

188 1607 377 1680 scriptorum
394 1607 592 1664 dominorum
609 1609 826 1665 canonicorum
843 1610 916 1666 satis
932 1608 1056 1681 grande,
1078 1625 1115 1665 ex
1140 1616 1226 1683 parte
1246 1624 1379 1682 quorum
1399 1627 1453 1684 per

189 1727 245 1769 nos
268 1713 297 1769 in
324 1714 482 1786 premissis
505 1711 656 1788 judicium
679 1720 708 1771 et
723 1713 878 1789 justiciam
897 1716 1054 1788 pecierunt
1072 1716 1233 1788 impertiri.
1260 1716 1330 1788 Quo
1347 1716 1452 1775 audito

191 1818 303 1892 prefati
326 1820 489 1901 Johannes,
514 1820 597 1877 filius
614 1820 767 1890 Perouicz,
791 1819 894 1895 judex,
919 1822 1082 1893 Anthonya
1098 1821 1227 1890 italicus,
1246 1822 1352 1880 Petrus
1369 1824 1452 1882 llun·

190 1940 283 1997 garus
308 1932 337 1982 et
369 1924 544 2000 Stephanus
574 1927 651 1984 alias
680 1925 807 2001 judiees,
839 1928 912 1983 item
946 1927 1127 1984 Benedictus
1158 1932 1265 1999 sartor,
1297 1929 1452 1987 Fabianus

192 2030 346 2089 litteratus
368 2047 404 2088 ac
426 2032 570 2101 Thomas,
596 2033 680 2090 iilius
712 2033 809 2104 Chun,
834 2032 988 2106 Georgius
1011 2040 1111 2091 sartor
1137 2041 1166 2091 et
1198 2034 1374 2092 Leonardus
1398 2037 1453 2093 ita·

191 2138 278 2205 licus,
301 2135 395 2212 jurati
419 2141 510 2209 cives,
543 2155 601 2214 pro
631 2155 663 2197 se
693 2141 777 2213 ipsis,
810 2147 842 2196 ut
872 2141 1072 2213 premittitur,
1103 2142 1308 2214 personaliter
1339 2148 1370 2200 et
1393 2157 1452 2216 pro

191 2245 258 2302 aliis
275 2245 422 2318 predictis
438 2247 559 2304 civibus
577 2263 648 2304 curn
665 2245 829 2304 sufficienti
847 2247 1076 2320 procuracionis
1097 2247 1297 2310 mandatnm
1315 2254 1451 2306 nostram

191 2358 373 2424 exurgentes
405 2354 596 2426 presenciam
628 2352 854 2425 responderunt
883 2369 921 2410 ex
952 2352 1098 2410 adverso:
1130 2353 1213 2425 quod
1249 2355 1308 2411 hoc
1343 2370 1451 2412 verum

192 2465 277 2529 esset,
302 2458 385 2531 quod
409 2474 469 2516 uua
493 2473 566 2532 pars
597 2458 670 2517 dicti
694 2460 753 2516 orti
785 2474 801 2515 a
835 2468 925 2532 parte
955 2459 1121 2516 occidentis
1153 2459 1228 2516 dicti
1260 2459 1345 2518 tluvii
1376 2461 1452 2533 Cyr-

191 2562 312 2637 kuenylr
335 2564 476 2623 adiacens
500 2566 580 2622 intra
603 2571 701 2623 metas
725 2565 806 2622 dicte
829 2567 962 2623 civitatis
986 2565 1119 2622 habetur
1135 2571 1164 2622 et
1182 2567 1223 2623 ob
1240 2568 1298 2624 hoc
1322 2567 1451 2625 eandem

190 2676 311 2745 partem
336 2670 408 2730 dicti
433 2672 491 2730 orti
517 2687 578 2729 non
609 2673 711 2730 minus
744 2673 830 2743 iuste,
862 2672 916 2729 sed
948 2673 992 2729 uti
1025 2688 1132 2730 eorum
1164 2671 1212 2747 jus
1242 2681 1450 2747 occupassent.

189 2777 221 2836 ln
245 2793 381 2851 quorum
403 2778 593 2835 contrarium
616 2777 729 2851 prelati
760 2777 877 2835 domini
902 2778 1038 2835 canonici
1069 2779 1136 2848 hoc,
1161 2778 1244 2851 quod
1268 2779 1334 2851 ipse
1365 2786 1451 2836 ortus

189 2885 315 2958 plebani
347 2884 475 2943 ecclesie
505 2884 602 2942 sancti
635 2885 766 2942 Emerici
796 2885 881 2942 ducis
913 2901 951 2942 ex
981 2891 1111 2958 utraque
1143 2892 1230 2957 parte
1261 2885 1334 2943 dicti
1365 2885 1451 2943 fluvii

184 2990 371 3062 Cyrlrwenilr
395 2991 514 3049 adiacet
537 2997 566 3048 et
590 2991 690 3049 eidem
715 2992 842 3049 ecclesie
866 2992 904 3049 de
935 2990 1001 3066 jure
1033 2993 1186 3065 pertinere
1218 2991 1336 3053 debeat.
1367 2993 1450 3048 exhi·

185 3098 305 3155 bicione
328 3098 504 3156 litterarum
528 3099 838 3173 composicionalium
864 3098 981 3172 prefate
1006 3099 1139 3156 civitatis
1163 3099 1221 3154 sub
1244 3099 1348 3169 sigillo
1380 3113 1450 3170 pro-

186 3205 253 3275 prio
277 3205 357 3262 dicte
382 3205 524 3276 civitatis,
548 3205 598 3263 die
629 3205 785 3264 dominico
821 3207 965 3279 proximo
997 3211 1066 3278 post
1099 3205 1210 3261 festum
1244 3205 1450 3277 apparicionis

185 3308 265 3366 beati
289 3310 448 3367 liichaelis
471 3311 649 3383 archangeli
673 3325 752 3368 anno
776 3310 894 3369 domini
919 3311 1088 3367 millesimo
1112 3311 1326 3366 trecentesimo
1355 3325 1448 3366 nona·

187 3417 305 3487 gesimo
345 3416 479 3475 secundo
516 3418 753 3491 privilegialiter
795 3424 1007 3475 emanatarum
1043 3415 1204 3472 manifeste
1235 3416 1450 3485 declarabant;

185 3521 277 3579 iidem
301 3520 396 3598 judex
419 3531 449 3580 et
473 3524 556 3580 cives
581 3525 678 3581 tenori
703 3535 733 3581 et
758 3523 856 3581 forme
873 3523 1025 3580 dictarum
1050 3524 1223 3579 litterarum
1248 3524 1449 3596 composicio-

186 3630 304 3686 nalium
330 3631 360 3686 in
385 3631 473 3687 nullo
496 3631 620 3688 obicere
644 3638 673 3687 et
697 3631 905 3688 contradicere
931 3631 1101 3686 valuerunt.
1126 3629 1376 3702 Quibusquidem
1401 3629 1450 3686 lit·

186 3737 256 3792 teris
279 3736 426 3794 exhibitis
450 3736 566 3793 eisdem
595 3738 735 3809 partibus
759 3738 789 3793 in
814 3737 972 3809 premissis
998 3753 1052 3809 per
1075 3751 1130 3792 nos
1146 3734 1295 3809 judicium
1312 3742 1340 3792 et
1363 3734 1450 3810 justi·

188 3842 264 3899 ciam
290 3842 443 3916 impertiri
467 3843 703 3915 postulantibus,
736 3844 879 3915 quamvis
910 3842 1021 3915 prelati
1055 3843 1137 3898 cives
1168 3842 1295 3899 eandem
1328 3850 1448 3915 partem

185 3945 256 4004 dicti
279 3949 339 4005 orti
358 3963 374 4004 a
399 3947 481 4005 dicta
498 3950 590 4021 plaga
615 3949 781 4006 occidentis
797 3949 985 4005 adiacentem
1005 3964 1061 4022 pro
1079 3965 1110 4005 se
1126 3951 1200 4021 ipsis
1219 3950 1448 4020 occupaverint,

186 4061 286 4112 tamen
319 4054 401 4111 dicta
431 4070 504 4127 pars
536 4055 674 4113 eiusdem
705 4057 764 4112 orti
797 4073 834 4112 ex
866 4057 979 4112 virtute
1010 4057 1180 4127 prescripte
1211 4048 1449 4128 composicionis

185 4166 325 4217 annotate
350 4161 477 4217 ecclesie
500 4162 595 4219 sancti
620 4161 751 4217 Emerici
776 4160 863 4217 ducis
886 4159 924 4216 de
947 4159 1014 4234 jure
1040 4161 1191 4232 pertinere
1212 4160 1334 4229 debere,
1359 4162 1447 4218 nobis

184 4272 212 4322 et
242 4266 402 4323 nobilibus
425 4268 510 4338 regni
535 4268 697 4324 nobiscum
722 4268 752 4324 in
783 4267 855 4324 sede
885 4266 1046 4341 judiciaria
1078 4267 1254 4324 sedentibus
1286 4267 1447 4339 perspicue

184 4372 416 4445 agnoscebatur,
440 4387 498 4445 pro
529 4389 564 4431 eo
596 4388 651 4430 nos
682 4375 862 4430 auctoritate
895 4374 1067 4446 imperialis
1099 4374 1265 4431 rnnicstatis
1301 4379 1331 4428 et
1361 4374 1447 4443 regni

184 4478 341 4551 ilungarie
373 4479 454 4552 regis
487 4481 575 4537 nobis
605 4481 635 4537 in
668 4480 725 4536 hac
756 4486 843 4552 parte
875 4481 1031 4547 attributa,
1064 4481 1264 4552 nolentesque
1293 4479 1446 4535 dictorum

182 4582 300 4658 judicis,
323 4583 496 4660 juratorum
521 4595 550 4643 et
573 4592 747 4643 ceterorum
771 4587 885 4643 civium
904 4587 983 4643 dicte
1000 4588 1132 4643 civitatis
1157 4587 1269 4642 montis
1286 4584 1446 4642 Grcccnsis

184 4688 362 4749 huiusmodi
383 4697 470 4749 actus
494 4692 739 4765 potencionarios
763 4692 947 4765 simpliciter
971 4699 1000 4748 et
1032 4693 1159 4765 impune
1191 4691 1384 4764 pertransire,
1409 4706 1445 4746 ne

182 4795 235 4854 alii
258 4796 299 4853 ab
322 4797 399 4871 ipsis
429 4798 598 4871 exemplati
630 4797 669 4854 ad
701 4798 815 4855 similia
849 4797 927 4855 facta
961 4798 1187 4870 potencionaria
1223 4814 1255 4853 sc
1289 4811 1445 4870 apponere

183 4908 398 4976 presummant
420 4903 474 4963 sed
508 4906 617 4978 pocius
649 4906 790 4978 ipsorum
820 4907 939 4978 penalis
980 4906 1127 4962 contricio
1157 4904 1226 4962 aliis
1251 4909 1385 4961 transeat
1414 4905 1445 4962 iu
