3278 5348
190 408 230 477 od
612 408 685 465 Dec.
708 418 758 486 741„
783 439 821 451 -
849 408 905 467 An.
930 420 1019 485 1434.

189 621 227 678 ad
252 621 452 680 diffinitivam
477 625 662 681 sentenciam
687 621 838 679 inclusive
861 628 964 679 restra
987 623 1022 679 lt.
1051 622 1083 679 P.
1105 623 1155 680 vel
1179 622 1321 696 prefatus
1344 621 1451 680 subde-

190 730 308 797 legatus
331 728 477 802 procedet
499 728 626 786 alterius
650 728 747 801 partis
770 728 914 785 absencia
936 728 986 785 rel
1010 729 1204 786 contumacia
1226 729 1452 787 nonobstante.

188 835 222 891 ln
245 850 379 907 quorum
402 837 543 893 omniurn
566 835 661 892 fidem
686 840 715 890 ct
741 834 951 891 testimonium
968 831 1184 891 huiuscemodi
1199 843 1323 892 nostras
1339 835 1453 891 litteras

188 956 240 998 seu
277 934 443 1018 (nostrum)
479 943 718 999 instrumentum
751 938 929 996 huiusmodi
959 940 1116 996 citacionis
1148 939 1337 998 relacionem
1361 940 1393 998 in
1424 955 1455 997 se

189 1048 377 1104 continentes
400 1064 453 1104 seu
478 1049 635 1105 continens
661 1089 667 1103 .
693 1090 699 1103 .
725 1089 732 1104 .
757 1061 812 1119 per
834 1045 988 1102 notarium
1011 1090 1017 1102 .
1042 1092 1048 1102 .
1074 1088 1081 1103 .
1105 1089 1112 1102 .
1135 1060 1206 1103 cum
1223 1046 1455 1121 subscripcione

189 1153 326 1210 eiusdem
343 1155 463 1221 notarii,
480 1156 540 1211 mei
564 1153 660 1223 sigilli
683 1151 758 1226 jussi
776 1152 964 1225 appensione
981 1152 1104 1208 muniri.
1125 1151 1242 1208 Datum
1259 1157 1289 1208 ct
1305 1162 1411 1210 actum
1425 1152 1456 1211 in

189 1259 328 1332 predicto
345 1266 444 1316 castro
458 1259 652 1329 Medicorum,
667 1259 726 1315 sub
738 1272 819 1315 anno
835 1256 953 1314 domini
966 1257 1134 1315 millesimo
1150 1256 1454 1330 quadringentesimo

188 1367 344 1423 tricesimo
366 1371 485 1437 quarto,
510 1364 677 1421 indiccione
701 1363 893 1425 duodecima.
916 1379 952 1420 ac
974 1361 1154 1435 pontificatu
1176 1367 1206 1419 et
1229 1363 1316 1433 hora,
1341 1365 1454 1437 quibus

188 1488 290 1545 supra.
315 1472 510 1529 l’resentilrus
534 1470 651 1528 ibidem
676 1470 834 1528 nobilibus
850 1478 880 1527 et
896 1469 1037 1543 providis
1054 1469 1142 1526 viris:
1159 1467 1318 1543 Stephano
1336 1471 1454 1527 notario

190 1578 318 1650 predicti
355 1578 521 1651 liodolplri.
555 1575 717 1634 leonardo
751 1576 921 1633 castellano
951 1575 1025 1633 dicti
1054 1574 1360 1633 castrilledwewar
1382 1592 1456 1633 nun·

188 1685 299 1756 capati,
323 1683 453 1739 Nicolao
477 1682 515 1739 de
539 1684 710 1740 Maroweza
734 1690 763 1739 et
787 1683 884 1739 Paulo
907 1680 973 1739 filio
996 1682 1110 1739 Mathie
1143 1681 1181 1738 de
1211 1679 1297 1739 Gora
1327 1683 1454 1740 testibus

189 1788 249 1845 tide
273 1789 373 1857 dignis
398 1789 435 1845 ad
462 1791 611 1861 premissa
635 1789 811 1862 specialiter
834 1789 951 1846 vocatis
974 1792 1004 1844 et
1025 1788 1148 1858 rogatis.

293 1888 324 1971 st
346 1894 473 1961 Signum
499 1897 611 1952 notarii
644 1895 787 1961 Greeorii
818 1895 876 1951 filii
908 1894 1028 1952 Nicolai
1052 1892 1090 1950 dc
1110 1894 1256 1951 ltfarocha
1279 1895 1387 1953 clerici
1408 1910 1453 1952 za·

187 2001 358 2067 ambiensis
382 2012 411 2056 et
435 2001 625 2073 subscriptio
649 2000 796 2070 eiusdem,
820 2000 873 2057 sed
899 1992 1083 2076 illegilrilis).

293 2135 425 2197 (triginale
445 2138 471 2184 in
491 2138 644 2192 membrana,
664 2138 691 2185 in
711 2138 795 2185 medio
815 2138 889 2186 valde
902 2138 1013 2186 lacerum
1031 2145 1057 2185 et
1075 2138 1199 2187 attritum.
1219 2138 1250 2185 In
1263 2138 1454 2202 margiueiufe·

188 2225 248 2272 riori
268 2226 382 2285 fragmen
402 2226 571 2279 membranae,
591 2226 660 2287 <ruod
681 2242 726 2289 pro
745 2226 848 2275 vinculo
867 2225 946 2289 sigilli
966 2225 1129 2275 inserviebat.
1149 2227 1181 2273 In
1199 2225 1296 2277 archiv.
1315 2242 1374 2278 ven.
1394 2226 1451 2291 Cap.

189 2314 288 2376 aagrab.

792 2491 850 2557 74.

292 2615 371 2661 Anno
394 2624 467 2675 1434,
489 2625 530 2677 25.
549 2613 622 2677 Julii.
644 2600 758 2665 Casmae.

191 2722 293 2778 (ortam
316 2724 441 2795 capitula
471 2724 611 2779 lusattwsr'
639 2722 808 2795 Rralolstlms
831 2724 966 2785 Albanus.
989 2721 1091 2781 nobilis
1106 2724 1141 2781 de
1156 2725 1289 2787 taifred.
1300 2725 1449 2802 johannis

324 2829 428 2884 :illem
450 2831 574 2901 rptrrcopr'
595 2830 719 2897 lectarum
743 2831 870 2905 capitulo
892 2830 1008 2902 zagrab.
1026 2832 1153 2904 perfecte
1175 2831 1315 2904 expendit.

291 2955 352 3011 Nos
376 2956 546 3027 capitulum
573 2957 700 3013 ecclesie
724 2958 921 3023 elrasmcnsis,
944 2963 1053 3015 notum
1085 2957 1215 3015 facimus
1246 2964 1353 3015 tenore
1385 2975 1448 3033 pre·

184 3062 320 3118 sentium
346 3062 459 3132 quibus
483 3062 608 3135 expedit
633 3063 794 3120 universis,
819 3063 908 3135 Quod
927 3065 1068 3136 egregius
1092 3063 1245 3122 Rodolfus
1269 3063 1308 3121 de
1331 3065 1449 3122 lledwe

184 3168 261 3224 alias
286 3167 324 3223 de
348 3168 449 3223 rtlben
474 3184 578 3224 eoram
604 3170 693 3225 nobis
718 3171 921 3242 personaliter
937 3171 1119 3227 constitutus
1143 3185 1219 3228 onus
1235 3177 1265 3228 et
1281 3186 1449 3244 gravamen

185 3274 344 3335 leonardi.
370 3274 426 3330 filit
451 3277 506 3334 sui.
532 3277 560 3331 in
586 3293 617 3331 se
641 3286 750 3349 sponte
775 3276 969 3347 assumendo,
993 3276 1071 3334 dixit
1087 3282 1117 3334 ct
1140 3276 1298 3334 confessus
1313 3281 1362 3335 cst
1383 3291 1449 3336 ora·

183 3381 254 3436 culo
279 3381 349 3437 vive
373 3383 474 3437 vocis:
501 3380 584 3453 quod
602 3383 746 3453 quamvis
763 3383 828 3456 ipse
846 3399 901 3455 per
917 3389 1095 3441 executores
1119 3384 1294 3441 testamenti
1317 3383 1448 3441 condam

186 3486 344 3543 reverendi
378 3488 407 3542 in
439 3488 563 3544 t'lrristn
604 3489 698 3559 patris
740 3488 857 3545 domini
887 3490 1035 3571 Jolrannis
1066 3489 1205 3563 episcopi
1232 3489 1448 3562 zagrabiensis,

185 3590 286 3647 fratris
311 3593 357 3648 sui
380 3594 521 3661 carnalis,
545 3602 574 3650 ct
599 3595 769 3667 capitulum
794 3597 922 3652 ecclesie
943 3596 1158 3668 zagrabiensis‚
1182 3596 1305 3653 racione
1327 3602 1358 3654 et
1382 3611 1448 3670 pre·

184 3703 267 3752 textu
300 3706 381 3755 reete
419 3706 447 3754 et
479 3701 599 3771 equalis
640 3700 812 3758 medietatis
851 3704 984 3759 civitatis
1014 3703 1194 3776 Kaproncze
1216 3717 1334 3761 necnon
1358 3703 1449 3761 castri

183 3801 415 3875 leraproncza
441 3807 541 3861 vocati
558 3812 586 3861 et
611 3821 737 3862 suarum
755 3809 1012 3878 pertinenciarum
1033 3810 1109 3866 alias
1130 3826 1187 3883 per
1209 3810 1448 3869 invictissimum

183 3916 211 3964 et
235 3909 463 3966 serenissimum
490 3912 662 3984 principem
688 3912 848 3969 (lominum
866 3914 1101 3985 Sigismundum
1118 3917 1333 3975 Romanorum
1351 3918 1449 3993 impe·

182 4021 325 4079 ratorem
350 4031 472 4088 semper
495 4027 668 4089 augustum.
686 4033 720 4074 ac
739 4020 894 4091 llungarie
918 4030 972 4079 etc.
990 4037 1104 4093 regem,
1128 4022 1289 4080 dominum
1307 4031 1449 4082 nostrum

182 4121 364 4179 naturalem.
398 4123 517 4194 prelato
556 4124 687 4180 condam
724 4125 850 4182 domino
885 4129 1031 4201 epicopo
1066 4134 1096 4185 et
1130 4128 1191 4203 ipsi
1231 4128 1368 4201 Rodolfo
1391 4144 1449 4205 pro

181 4233 300 4299 septem
318 4229 458 4284 millibus
483 4246 597 4287 necnon
622 4237 744 4287 centum
762 4234 919 4303 sexaginta
943 4250 996 4290 sex
1016 4232 1139 4291 florenis
1162 4235 1228 4292 auri
1253 4249 1290 4292 ac
1304 4237 1450 4295 trecentis

181 4330 399 4406 jobagionibus
415 4336 695 4408 impignoratorum
714 4354 769 4410 per
791 4339 921 4395 eundem
939 4340 1070 4396 condam
1087 4340 1249 4398 dominum
1265 4341 1449 4416 episcopum

182 4438 220 4495 ad
246 4438 395 4497 fabricam
421 4442 548 4498 ecclesie
572 4445 667 4500 sancti
692 4446 773 4517 regis
796 4444 942 4517 Stephani
967 4447 1173 4518 zagrabiensis
1198 4445 1391 4505 kathedralis
1406 4448 1450 4505 le·

182 4552 324 4616 gatorum
350 4555 379 4604 et
403 4546 622 4619 deputatorum
647 4551 677 4607 in
702 4566 827 4607 causam
850 4556 999 4608 attractus
1022 4557 1052 4609 ct
1075 4552 1114 4609 ad
1138 4567 1260 4611 sacrum
1280 4553 1449 4612 basiliense

181 4646 345 4707 concilium
371 4654 489 4721 citatus,
514 4669 584 4711 cum
609 4656 725 4713 eisdem
748 4657 871 4729 inipso
894 4672 983 4715 sacro
1007 4659 1138 4715 coneilio
1160 4664 1191 4716 et
1219 4659 1319 4717 eciam
1340 4673 1451 4719 eoram

181 4758 249 4830 ipso
273 4757 398 4814 domino
424 4764 528 4817 nostro
551 4763 739 4835 imperatore
762 4762 955 4835 aliquamdiu
990 4764 1020 4819 in
1052 4764 1108 4820 lite
1138 4764 1323 4838 processerit
1354 4772 1387 4825 et
1416 4782 1451 4826 se

180 4868 286 4919 contra
310 4862 549 4937 disposicionem
572 4870 603 4926 in
627 4868 708 4927 dicto
732 4875 913 4928 testamento
937 4886 1117 4944 expressam
1133 4871 1299 4931 defendere
1319 4879 1451 4935 conatus
