3278 5348
628 105 700 163 Doc.
725 99 777 162 68.
797 136 839 148 -
863 104 919 164 An.
944 119 1032 182 1433.

196 326 435 383 concanonicum
460 336 518 397 pro
540 328 613 380 ωηο
636 323 777 395 ipsorum
800 335 859 394 pro
882 320 1021 378 custodia
1044 320 1196 379 dictarum
1213 339 1318 380 rerum
1352 330 1382 382 et
1405 325 1462 381 bo·

194 444 303 488 norum
321 432 421 505 ipsios
444 429 573 487 ecclesie
597 434 627 486 et
650 427 780 501 capituli
804 427 834 484 in
868 426 977 484 eadem
1008 428 1085 484 turri
1120 429 1320 486 constitutum
1351 444 1462 503 capere

194 542 221 593 et
241 535 419 595 interficere
441 537 644 608 sathagentes,
677 533 787 606 positis
816 531 918 590 eidem
949 533 1020 590 hinc
1054 531 1125 590 inde
1155 533 1282 606 insidiis,
1317 528 1461 608 pluribus

194 639 301 699 diebus
336 640 470 698 eundem
508 641 746 716 prestolassent;
777 644 807 695 et
836 644 870 695 ut
900 638 983 711 ipsos
1012 638 1174 695 canonicos
1201 639 1298 712 ipsius
1333 641 1464 715 capituli

193 747 311 820 absque
334 761 410 804 sono
433 761 585 821 campane
607 752 637 803 et
660 746 725 802 sine
749 745 882 818 strepitu
906 744 1062 815 clangoris
1086 745 1247 802 hominurn
1271 747 1301 803 in
1317 745 1464 805 domibus

194 867 300 910 eorum
331 853 470 911 incautos
500 853 637 927 reperire
670 852 852 925 potuissent,
887 857 988 908 erecto
1012 850 1131 908 vexillo
1164 853 1196 909 in
1227 853 1305 911 turri
1335 852 1463 910 ecclesie

193 959 290 1017 sancti
315 959 410 1017 Marci
435 959 465 1016 in
489 957 570 1015 dicta
593 964 698 1015 monte
722 956 889 1015 Grechensi
915 958 1030 1027 habita,
1055 972 1162 1014 omnes
1193 958 1380 1016 unanimiter
1412 973 1463 1015 ar-

191 1065 277 1140 mati,
302 1064 342 1121 ad
367 1064 579 1122 invadendum
603 1064 720 1122 dictum
745 1064 917 1137 capitulum
955 1063 1084 1121 fuissent
1115 1065 1309 1136 congregati;
1344 1069 1373 1122 et
1404 1065 1463 1123 nisi

185 1167 276 1227 idem
301 1169 464 1228 ladislaus
487 1169 524 1227 de
547 1170 682 1227 Dawoth
715 1170 939 1227 concanonicus
964 1184 1074 1226 eorum
1097 1169 1128 1226 in
1152 1168 1234 1227 dicta
1258 1171 1336 1228 turri
1366 1170 1463 1244 ipsius

186 1275 322 1350 capituli
347 1277 488 1346 existens,
512 1291 673 1333 rumorem
697 1276 806 1349 populi
830 1280 860 1332 et
883 1274 1059 1332 discursum
1082 1284 1274 1333 armatorum
1299 1277 1461 1333 hominum

183 1387 217 1438 et
242 1380 430 1453 sagittarum
454 1381 525 1438 hinc
549 1380 620 1438 inde
652 1397 707 1455 per
730 1382 816 1438 vicos
842 1394 871 1438 et
895 1381 1013 1454 plateas
1042 1396 1149 1438 eorum
1186 1384 1332 1442 senciens.
1358 1389 1460 1438 erecto

181 1501 293 1561 parvo
318 1486 453 1545 lincoln
478 1501 540 1545 uno
565 1487 678 1544 baculo
701 1488 805 1560 ligneo
829 1488 904 1560 ipsis
928 1488 1081 1545 canonicis
1105 1496 1135 1544 et
1167 1488 1251 1544 clero
1282 1488 1380 1561 ipsius
1414 1504 1462 1544 ec·

180 1592 286 1651 clesie
312 1593 520 1665 zagrabiensis
544 1593 582 1650 de
606 1594 673 1667 ipsa
694 1594 772 1651 turri
795 1594 919 1665 signum
943 1592 1085 1659 dedisset,
1125 1600 1155 1650 et
1190 1595 1249 1666 ipsi
1283 1594 1342 1650 hoc
1373 1594 1461 1666 signo

181 1699 260 1757 viso
294 1704 325 1756 et
356 1698 521 1771 intellecto,
545 1714 617 1756 cum
652 1700 746 1756 rebus
777 1705 807 1756 et
846 1700 935 1756 bonis
963 1712 1070 1756 eorum
1102 1698 1140 1755 ad
1172 1700 1334 1757 ecclesiam
1357 1698 1464 1756 kathe-

179 1804 316 1864 dralem
341 1812 371 1862 et
393 1805 512 1862 curiam
536 1805 747 1879 episcopalem
771 1805 960 1878 affugissent,
984 1805 1117 1879 predicti
1148 1807 1231 1863 cives
1263 1813 1292 1862 et
1324 1806 1462 1879 hospites

181 1926 301 1970 eorum
326 1912 499 1984 malignum
525 1913 720 1987 propositum
745 1912 851 1984 utique
874 1927 968 1985 opere
993 1912 1242 1986 complevissent.
1261 1913 1296 1969 Et
1313 1913 1386 1985 quia
1405 1913 1465 1968 hoc

182 2018 298 2093 ipsum
322 2032 380 2092 pro
404 2023 476 2076 tunc
500 2017 601 2076 iacere
625 2032 686 2075 non
712 2019 892 2092 potuissent,
917 2018 958 2074 ob
983 2018 1041 2074 hoc
1064 2019 1177 2075 iterum
1201 2019 1315 2076 habitis
1332 2019 1412 2075 inter
1428 2034 1460 2074 se

189 2123 361 2198 colloquiis
385 2130 415 2182 et
438 2123 643 2183 fraudulentis
667 2125 891 2194 occasionibus,
916 2125 1094 2197 congregati
1126 2124 1165 2181 ad
1191 2123 1350 2197 quoddam
1374 2125 1462 2181 lcrri·

189 2231 310 2289 lorium
335 2229 408 2288 dicti
431 2231 563 2304 capituli
586 2230 712 2303 Croogh
736 2236 891 2302 vocatum,
915 2236 997 2288 retro
1028 2232 1198 2289 claustrum
1223 2231 1319 2288 sancti
1343 2230 1463 2287 Nicolai

192 2334 327 2395 tratrum
352 2335 585 2394 Predicatorum
608 2337 761 2406 habitum,
787 2339 817 2394 in
841 2338 928 2396 cuius
954 2338 1083 2411 pacifico
1107 2338 1245 2396 dominio
1270 2337 1387 2395 dictum
1413 2353 1460 2394 ca·

193 2442 330 2516 pitulum
355 2457 373 2498 a
396 2448 520 2501 centurn
543 2443 630 2501 annis
653 2443 706 2499 vel
737 2444 813 2501 citra
837 2444 966 2518 pacifice
991 2446 1150 2517 extitisset,
1175 2444 1326 2518 quosdam
1351 2459 1459 2501 eorum
1533 2507 1537 2514 ,

192 2549 337 2607 concives
371 2564 442 2606 cum
477 2549 573 2606 armis
608 2555 637 2606 et
671 2549 790 2621 sagittis
814 2548 1008 2621 destinantes,
1043 2551 1210 2609 nonnullos
1233 2551 1375 2608 homines
1407 2551 1462 2607 ho·

192 2655 345 2712 notabilis
368 2654 426 2712 viri
451 2653 569 2711 domini
594 2656 725 2727 Mathye,
748 2661 859 2714 οοωηο
893 2657 1040 2730 prepositi
1065 2658 1162 2731 ipsius
1194 2658 1321 2714 ecclesie
1357 2672 1461 2728 zagra-

193 2760 317 2833 biensis,
342 2761 548 2834 quosquidem
572 2777 642 2818 curn
665 2762 767 2819 bobus
791 2768 821 2819 et
844 2764 954 2820 aratris
978 2763 1016 2819 ad
1050 2763 1168 2821 dictum
1200 2763 1391 2821 territorium
1421 2761 1460 2818 ad

193 2866 346 2925 arandum
370 2866 560 2936 destinasset,
577 2882 647 2926 cum
672 2868 763 2925 minis
788 2873 817 2924 et
841 2869 1002 2943 vituperiis
1026 2868 1064 2926 de
1081 2870 1149 2942 ipso
1167 2870 1323 2926 territorio
1348 2868 1459 2941 expul-

193 2972 311 3043 sissent,
335 2972 405 3031 aliis
429 2987 538 3031 eorum
561 2973 742 3031 concivibus
766 2975 898 3031 invicem
923 2975 1068 3031 similiter
1091 2991 1162 3032 cum
1189 2976 1283 3032 armis
1322 2981 1461 3048 preterea

194 3079 395 3152 congregatis,
418 3085 453 3136 ut
474 3079 501 3136 si
521 3079 588 3152 ipse
611 3080 788 3153 prepositus
812 3080 863 3136 vel
886 3081 1059 3152 capitulum
1091 3082 1214 3154 aliquos
1238 3095 1346 3137 eorum
1372 3080 1461 3137 sami·

194 3182 285 3243 liares
308 3184 348 3242 ad
372 3183 590 3258 repellendum
614 3184 712 3243 dictos
743 3200 850 3243 eorum
887 3188 1038 3258 concives,
1063 3187 1208 3245 videlicet
1239 3202 1317 3260 quos
1349 3186 1388 3244 ad
1420 3188 1461 3244 ir·

195 3290 350 3348 citandum
381 3295 411 3348 et
435 3290 668 3365 provocandum
694 3292 855 3364 misissent,
880 3292 1092 3365 destinassent,
1124 3295 1227 3351 subito
1257 3309 1364 3350 omnes
1388 3308 1460 3349 una·

195 3397 317 3455 nimiter
339 3412 434 3470 super
457 3396 575 3455 dicium
598 3398 771 3471 capitulum
795 3398 913 3472 absque
937 3399 1033 3456 dubio
1070 3400 1219 3456 iruissent.
1245 3400 1329 3468 Item,
1365 3399 1459 3456 iidem

195 3503 276 3561 cives
297 3510 329 3561 et
351 3503 489 3576 hospites
506 3502 614 3575 adhuc,
631 3513 665 3561 ut
681 3519 789 3561 eorum
806 3505 978 3577 malignum
996 3507 1191 3578 propositum
1218 3510 1323 3561 contra
1340 3504 1459 3563 dictum

194 3608 365 3683 capitulum
387 3624 407 3667 a
429 3609 481 3666 diu
506 3614 689 3684 conceptum
713 3609 888 3684 adimplere
912 3612 1088 3684 potuissent,
1112 3612 1286 3668 occasiones
1318 3612 1460 3684 nequiter

194 3716 404 3791 excogitando
420 3716 471 3775 die
485 3716 641 3775 dominico
659 3718 803 3791 proximo
826 3723 895 3774 anie
917 3716 1031 3774 festum
1054 3718 1143 3773 beate
1165 3718 1359 3788 Margarethe
1398 3719 1460 3775 vir·

194 3823 271 3896 ginis
294 3831 325 3881 et
348 3823 495 3894 martiris,
517 3821 661 3881 similiter
678 3824 870 3897 preteritum,
887 3829 986 3879 certos
1002 3837 1109 3880 eorum
1127 3824 1276 3892 concives,
1295 3823 1458 3881 videlicet:

194 3929 385 3988 Anthonium
414 3928 453 3987 de
476 3929 638 3987 Florencia
662 3937 692 3987 et
724 3930 932 4000 Valentinum,
965 3928 1084 3986 dictum
1119 3929 1255 3998 (lobech,
1280 3945 1351 3986 cum
1388 3930 1458 3985 aliis

193 4033 291 4093 tribus
313 4034 366 4092 vel
389 4040 523 4109 quatuor
545 4035 584 4093 ad
609 4036 749 4093 medium
773 4035 971 4093 dominorum
995 4034 1033 4091 de
1057 4034 1140 4091 dicto
1163 4034 1309 4105 capitulo,
1329 4033 1383 4089 ubi
1400 4034 1457 4106 ipsi

195 4137 223 4197 in
245 4141 384 4199 sacristia
407 4141 537 4199 ecclesie
559 4155 667 4199 eorum
691 4141 864 4200 kathedrali
898 4148 967 4213 post
997 4142 1123 4198 missam
1148 4139 1361 4212 capitulariter
1386 4137 1460 4195 iuis·

195 4252 257 4304 sent
280 4248 467 4320 congregati,
500 4246 696 4318 destinantes,
729 4264 784 4320 per
815 4246 941 4305 eosdem
966 4247 1040 4320 ipsis
1065 4246 1198 4303 dominis
1222 4259 1367 4317 expresse
1392 4244 1459 4301 inti·

196 4358 344 4411 nascent:
366 4351 450 4425 quod
473 4352 534 4425 ipsi
556 4352 675 4411 domini
698 4352 737 4411 de
759 4354 895 4426 capitulo
929 4352 966 4409 ad
1004 4351 1181 4410 metendum
1212 4351 1315 4422 fruges
1349 4365 1456 4407 eorum

196 4455 330 4516 indicto
352 4458 508 4517 territorio
531 4473 642 4517 eorum
665 4459 789 4532 Croogh
806 4465 916 4516 vocato
933 4460 1097 4516 seminatas
1120 4464 1150 4514 et
1166 4462 1238 4514 ωηο
1262 4456 1300 4514 ad
1327 4471 1459 4513 messem

197 4568 324 4635 paratas,
347 4553 488 4624 homines
511 4579 619 4623 eorum
644 4566 850 4624 nullomodo
882 4565 1030 4623 deberent
1063 4564 1224 4634 destinare,
1257 4563 1399 4621 addendo
1430 4569 1460 4621 et

1351 4672 1370 4727 6
