3256 5346
255 437 315 502 508
682 434 754 491 Doc.
772 429 848 508 385.
877 466 913 477 --
939 434 996 491 An.
1020 428 1113 510 1496.

255 655 349 707 tatem
374 654 403 706 et
420 649 673 707 consuetudinem
697 649 795 721 ipsius
819 655 924 707 nostre
943 649 1076 706 civitatis
1101 649 1132 706 in
1156 647 1331 705 dominium
1360 645 1534 719 pacificum

221 798 223 803 ⁴
255 757 340 813 illius
363 755 475 812 domus
499 763 528 812 et
563 755 753 828 pertinentiis
785 756 977 828 quibuslibet
1000 755 1040 812 ad
1063 755 1164 828 ipsam
1188 753 1319 811 domum
1344 754 1387 812 de
1410 751 1481 827 jure
1504 760 1535 811 et

255 862 295 918 ab
319 863 446 934 antiquo
470 863 680 934 spectantibus
695 868 725 919 et
749 863 903 936 pertinere
918 862 1104 920 debentibus
1127 860 1341 932 introducatis,
1368 860 1530 918 statuatis·

255 984 316 1040 que
339 967 455 1025 eisdem
487 966 555 1042 jura
586 968 730 1025 universa
767 968 853 1025 illius
877 970 1011 1026 civitatis
1035 968 1111 1040 ipsis
1134 968 1289 1025 annotatis
1314 982 1414 1041 super
1439 968 1530 1024 illam

256 1074 385 1130 domurn
407 1080 437 1131 et
468 1075 666 1146 pertinentias
699 1074 861 1132 extradere
896 1076 1014 1148 absque
1039 1074 1106 1131 ulla
1129 1074 1422 1146 procrastinacione
1447 1073 1528 1130 datis

256 1186 284 1236 et
308 1179 391 1236 aliud
411 1180 499 1237 nullo
517 1180 612 1236 modo
630 1179 749 1237 faciatis
770 1181 797 1238 si
820 1185 958 1238 nostram
987 1178 1234 1252 indignacionem
1259 1181 1380 1237 evitare
1405 1181 1529 1254 cupitis.

256 1285 454 1343 Presentibus
484 1287 640 1360 perlectis,
672 1287 830 1344 exhibenti
853 1288 1010 1344 restitutis.
1038 1287 1154 1344 Datum
1179 1285 1301 1358 Bihygy
1325 1287 1356 1343 in
1383 1285 1524 1360 profesto

256 1391 352 1448 Marie
387 1391 424 1448 de
457 1393 535 1449 nive.
576 1394 664 1450 Anno
712 1392 830 1450 domini
870 1393 1039 1450 millesimo
1080 1390 1389 1465 quadringentesimo
1430 1407 1523 1449 nona·

257 1498 377 1569 gesimo
399 1505 493 1555 sexto.

360 1634 535 1683 Protocollum
548 1636 667 1687 civitatis.
678 1637 709 1684 Iu
728 1635 823 1684 archiv:
843 1634 904 1685 incl.
924 1635 1008 1685 Acad.
1029 1634 1124 1685 Scient.
1144 1633 1243 1685 Slavor.
1263 1634 1355 1685 merid.
1376 1636 1412 1684 11.
1427 1635 1454 1684 d.
1466 1647 1522 1699 235.

848 1830 932 1895 385.

362 1955 442 2001 Anno
465 1954 538 2015 1496.
561 1965 593 2002 20
622 1953 742 2002 octobris.
763 1953 912 2016 Zagrabiae.

255 2098 398 2156 Mcolaus
409 2099 496 2156 obbas
517 2101 634 2174 Cyslcrc.
650 2101 766 2172 aagrrrb.
783 2099 928 2170 Gregorio
943 2078 1050 2156 S'cdrna
1066 2099 1176 2154 domum
1192 2099 1224 2156 in
1247 2097 1415 2171 Oprrlovr'na
1430 2101 1521 2163 stiam,

255 2206 481 2278 erronasterioque
503 2223 522 2262 a
552 2205 641 2263 Gallo
664 2207 797 2280 carnifice
819 2203 951 2280 legatam,
977 2200 1023 2264 [ό.
1040 2204 1109 2279 flor.
1133 2204 1339 2261 conditionibus
1354 2205 1522 2279 quibusdam

837 2313 939 2371 vendit.

363 2457 424 2513 Nos
448 2458 593 2535 Nicotaus
609 2460 707 2515 abbas
730 2459 906 2515 monasterii
930 2458 1018 2515 beate
1036 2457 1130 2513 llarie
1149 2457 1277 2528 virginis
1300 2456 1339 2513 de
1358 2457 1518 2528 Zagrabia.

256 2562 373 2619 ordinis
396 2563 614 2622 Cisterciensis.
631 2565 779 2621 hlcmorie
804 2563 1058 2621 commendamus
1081 2567 1187 2620 tenore
1211 2563 1407 2635 presencium
1431 2562 1519 2634 signi·

256 2668 382 2725 ficantes
406 2671 520 2741 quibus
542 2670 668 2742 expedit
693 2671 853 2741 universis,
885 2670 968 2743 quod
994 2684 1050 2726 nos
1067 2669 1264 2726 medietatem
1289 2668 1402 2725 domus
1419 2679 1518 2725 nostre

230 2758 263 2828 ⁰.
289 2821 293 2831 .
319 2819 324 2832 .
350 2790 398 2832 .a
430 2775 523 2833 Gallo
555 2777 698 2834 carnifice
730 2787 833 2834 nostre
864 2777 994 2834 abbacie
1017 2777 1084 2833 cive
1108 2775 1200 2832 titulo
1224 2775 1397 2848 empcinnis
1420 2782 1520 2847 empte

257 2888 287 2938 et
310 2883 442 2938 alteram
466 2883 602 2940 eiusdem
630 2883 826 2940 medictatem
851 2882 932 2941 idern
956 2883 1103 2955 magister
1127 2880 1239 2938 Gallus
1263 2880 1403 2939 carnifex
1426 2880 1516 2937 simul

258 3004 328 3045 curn
355 2988 450 3046 fundo
474 2989 586 3046 domus
603 2991 633 3047 in
658 2989 765 3046 eadem
790 2989 919 3046 abbacia
945 2995 1050 3046 nostra
1074 3030 1262 3046 .......
1287 2989 1403 3045 blathie
1427 2988 1520 3045 carni·

256 3095 323 3152 ficis
354 3110 412 3168 pro
444 3102 586 3168 tempore
621 3093 731 3169 judicis
763 3096 803 3151 ab
835 3096 985 3163 orientali,
1015 3112 1033 3152 a
1058 3094 1255 3151 meridionali
1287 3109 1382 3167 penes
1405 3095 1520 3152 curiam

255 3201 417 3259 reverendi
441 3201 525 3258 Galli
543 3201 671 3258 ecclesie
687 3202 894 3273 zagrabiensis
910 3202 1056 3268 canonici,
1073 3201 1113 3257 ab
1134 3200 1319 3257 occidentali
1338 3214 1414 3257 vero
1431 3215 1520 3272 penes

255 3307 387 3365 fundum
403 3308 558 3364 desertum
575 3307 706 3364 condam
730 3310 858 3365 honeste
883 3307 977 3365 vidue
998 3308 1103 3365 relicte
1126 3306 1262 3363 condam
1285 3306 1428 3378 magistri
1444 3307 1519 3362 Lau·

259 3416 354 3471 rencii
389 3416 572 3487 carpentarii
608 3415 722 3483 uxoris,
757 3429 774 3469 a
810 3413 1055 3486 septemtrionali
1087 3419 1191 3470 autem
1214 3428 1252 3469 ex
1276 3413 1423 3486 opposito
1446 3411 1518 3469 dicti

255 3521 353 3577 nostri
376 3520 465 3577 beate
489 3521 584 3576 llarie
616 3521 794 3577 monasterii
826 3519 1008 3578 sanctuario.
1040 3519 1198 3575 existentis
1221 3525 1252 3575 et
1275 3519 1382 3576 habite
1407 3518 1515 3591 plagis,

256 3627 342 3701 prius
366 3628 449 3684 iuxta
474 3626 729 3683 consvetudinem
760 3626 899 3682 eiusdem
931 3625 1060 3681 abbacie
1093 3625 1123 3681 in
1148 3625 1198 3681 via
1221 3624 1349 3697 publica
1373 3641 1412 3682 ex
1437 3631 1520 3696 parte

257 3733 395 3790 eiusdem
427 3731 538 3787 domus
571 3731 820 3803 proclamacione
859 3730 948 3797 facta,
982 3732 1104 3788 nemine
1137 3732 1259 3802 penitus
1290 3731 1518 3788 contradicente

257 3840 368 3895 necin
392 3838 499 3911 aliquo
524 3854 561 3894 ex
585 3838 706 3894 civibus
728 3838 839 3894 nostris
863 3838 894 3894 in
918 3836 1025 3894 eadem
1050 3838 1179 3894 abbacia
1203 3843 1306 3894 nostra
1331 3852 1522 3895 commoran-

256 3945 339 4001 tibus
363 3945 564 4017 discrepante,
590 3945 655 4016 pari
679 3954 708 4000 et
732 3945 870 4000 unanimi
894 3950 967 4002 voto
990 3945 1263 4014 consencientibus,
1288 3944 1424 4017 provido
1457 3959 1519 4000 ma·

255 4051 352 4122 gistro
383 4050 534 4122 Gregorio
565 4049 706 4120 Shedina,
732 4050 770 4106 de
794 4050 862 4106 vico
885 4057 1027 4107 sutorum
1050 4052 1156 4119 sutori,
1179 4059 1209 4107 et
1232 4050 1358 4108 domine
1382 4050 1517 4109 consorti

256 4157 393 4213 eiusdem
419 4172 476 4228 pro
508 4156 642 4213 sedecim
673 4156 795 4212 florenis
819 4157 1072 4228 hungaricalibus
1096 4157 1164 4214 auri
1188 4157 1266 4229 puri,
1291 4157 1365 4214 boni
1390 4164 1421 4214 et
1443 4155 1515 4231 justi

257 4263 412 4336 ponderis,
433 4263 523 4319 nobis
549 4279 604 4335 per
627 4262 760 4319 eundern
785 4261 971 4333 Gregorium
989 4262 1123 4319 Shedina
1145 4263 1209 4319 iam
1226 4263 1318 4336 plene
1343 4264 1518 4336 persolutis,

256 4369 407 4439 dedimus,
442 4368 640 4426 vendidimus
674 4374 704 4426 et
738 4369 953 4441 inscripsimus
977 4373 1128 4441 perpetuo
1151 4383 1222 4425 cum
1246 4370 1364 4427 cunctis
1386 4368 1521 4427 eiusdem

257 4476 368 4532 domus
392 4483 421 4532 et
445 4474 533 4532 fundi
559 4476 746 4532 utilitatibus
770 4483 799 4532 et
831 4475 1028 4548 pertinenciis
1052 4474 1253 4546 quibuslibet,
1277 4476 1376 4533 immo
1401 4476 1519 4544 damus,

255 4581 418 4638 vendimus
442 4587 471 4637 et
493 4582 702 4651 inscribimus
725 4588 754 4639 et
784 4580 918 4638 eundem
942 4579 1129 4653 Gregorium
1154 4579 1289 4638 Shedina
1312 4582 1444 4656 eiusque
1468 4583 1520 4640 he·

256 4687 344 4743 redes
377 4695 406 4744 et
430 4695 571 4760 posteros
595 4689 756 4745 universos
779 4685 846 4760 jure
878 4694 1028 4760 perpetuo
1052 4693 1082 4744 et
1103 4687 1306 4745 irrevocabili
1327 4689 1387 4746 sub
1412 4689 1522 4747 soluci-

254 4792 366 4849 onibus
382 4801 485 4849 tamen
508 4800 537 4848 et
554 4795 764 4866 proventibus,
787 4807 906 4849 necnon
922 4793 1103 4850 muneribus
1117 4791 1196 4850 inira
1221 4792 1396 4866 declaratis,
1420 4796 1520 4863 nobis,

253 4898 544 4971 successoribusque
566 4901 678 4957 nostris
701 4907 731 4957 et
751 4899 872 4973 prefato
890 4900 1076 4956 monasterio
1099 4905 1204 4957 nostro
1227 4901 1308 4959 solvi
1332 4900 1519 4960 debentibus
