3278 5348
800 760 859 827 ⁷6.

298 937 380 986 Anno
402 948 479 999 1434,
499 947 523 1000 7.
544 935 705 1000 septembris.
725 936 875 1000 Zagrabiae.

195 1115 392 1186 Hemannus,
419 1115 517 1175 Cileae
536 1133 629 1176 comcs
651 1123 680 1173 et
705 1115 839 1174 Croatiae
861 1116 962 1186 banus,
985 1117 1108 1174 mandat
1126 1116 1253 1190 capitulo
1266 1116 1415 1189 lasmensi,
1430 1123 1467 1176 ut

263 1223 422 1297 capitelam
443 1222 566 1303 zagrab.
588 1223 619 1280 in
642 1223 799 1296 legitimam
813 1224 1018 1296 possessionem
1042 1222 1199 1298 Kraljevec
1220 1229 1376 1282 statuam.

296 1401 418 1462 Amicis
439 1402 505 1461 suis
526 1402 715 1474 reverendis,
738 1401 876 1477 capitulo
900 1400 1027 1459 ecclesie
1050 1401 1248 1472 chasmensis,
1286 1402 1463 1461 Hermanus

192 1508 281 1582 Cilie,
297 1509 490 1583 Zagorieque
513 1523 616 1566 comes
640 1515 695 1567 ete.
718 1510 806 1581 regni
828 1507 991 1566 Sclauonie
1007 1509 1114 1577 banus,
1131 1509 1302 1566 amiciciam
1319 1514 1461 1582 paratam

193 1631 265 1674 cum
288 1616 417 1674 honore.
441 1615 564 1674 Dicitur
584 1616 675 1673 nobis
689 1616 721 1674 in
751 1616 891 1689 personis
923 1612 1156 1673 honorabilium
1191 1617 1331 1673 virorum
1362 1616 1461 1676 domi·

191 1737 304 1780 norum
328 1723 546 1780 canonicorum
569 1722 608 1780 de
631 1722 769 1795 capitulo
792 1722 920 1780 ecclesie
951 1722 1159 1794 zagrabiensis
1189 1737 1225 1780 ac
1255 1725 1383 1781 rectoris
1416 1724 1462 1782 al·

194 1829 269 1887 taris
292 1832 397 1886 sancte
419 1828 519 1886 crucis
542 1828 574 1886 in
604 1827 713 1886 eadem
744 1828 875 1886 ecclesia
904 1827 1079 1886 kathedrali
1110 1829 1303 1900 zagrabiensi
1333 1828 1462 1901 fundati,

191 1933 350 2008 quomodo
372 1934 434 2008 ipsi
456 1934 489 1992 in
511 1932 684 1992 dominium
716 1935 947 2008 possessionum
978 1935 1168 2006 Kralyowch
1199 1950 1235 1992 ac
1269 1936 1391 2008 Cherye
1422 1936 1461 1993 ad

190 2042 290 2115 ipsam
313 2040 504 2114 Kralyowcb
527 2042 702 2115 spectantis,
728 2057 785 2099 nec
815 2056 877 2098 non
900 2042 1010 2099 tributi
1032 2042 1062 2098 in
1087 2040 1196 2098 eadem
1227 2042 1349 2114 Cherye
1379 2044 1461 2116 exigi

194 2147 286 2219 soliti,
310 2147 385 2205 item
408 2145 564 2221 Kobylalr,
586 2146 738 2220 Zywblye
752 2154 784 2207 et
806 2146 924 2206 Naarth
947 2152 1137 2218 vocatarum,
1169 2148 1199 2205 in
1232 2149 1382 2206 comitatu
1411 2164 1459 2207 aa·

190 2253 346 2326 grabiensi
362 2254 563 2313 existencium
580 2260 609 2313 et
624 2254 812 2326 habitarum,
835 2256 920 2327 ipsos
939 2253 1069 2331 juridice
1092 2256 1354 2325 concerneneium,
1372 2256 1460 2329 legit-

191 2361 266 2418 time
296 2359 416 2418 vellent
446 2361 582 2431 introire,
605 2377 699 2435 super
720 2376 783 2435 quo
811 2368 947 2419 vestram
980 2363 1154 2420 amiciciam
1186 2362 1383 2437 presentibus
1406 2379 1459 2437 pe·

188 2467 282 2524 timus
305 2474 491 2538 reverenter,
515 2473 667 2542 quatenus
690 2474 829 2527 vestrum
855 2469 984 2525 mittatis
1007 2469 1165 2527 hominem
1191 2485 1250 2544 pro
1282 2470 1459 2528 testimonio

188 2571 391 2644 fidedignum,
415 2588 477 2646 quo
500 2578 642 2647 presente
676 2573 823 2632 Nicolaus
859 2575 912 2631 vel
945 2573 1108 2648 Georgius,
1139 2576 1198 2634 filii
1231 2577 1377 2648 Ladislai,
1400 2576 1459 2634 filii

188 2679 364 2738 Ladomerii
388 2678 426 2736 dc
448 2679 652 2751 Radomerch,
677 2688 731 2738 aut
754 2681 885 2747 Marcus,
908 2681 993 2738 filius
1014 2682 1163 2763 Johannis
1187 2683 1225 2740 de
1254 2684 1378 2755 Cbawa,
1412 2684 1460 2741 sin

189 2786 330 2857 Michael,
354 2784 440 2844 filius
463 2786 583 2844 Nicolai
607 2786 645 2844 de
677 2787 819 2860 Kisgora,
851 2789 916 2845 slve
946 2789 1109 2870 johannes,
1141 2789 1225 2847 filius
1257 2790 1390 2849 Emerici
1420 2789 1460 2847 de

191 2891 337 2967 Nezpesa,
361 2893 431 2951 aliis
454 2893 643 2964 absentibus,
667 2893 762 2951 homo
785 2901 897 2964 noster,
921 2893 962 2951 ad
986 2894 1079 2952 facies
1111 2898 1356 2970 prescriptorum
1387 2911 1458 2970 pos·

191 3001 364 3058 sessionum
395 3005 426 3057 et
456 3000 566 3057 tributi
595 3000 704 3058 vicinis
728 3006 757 3058 et
788 3003 1007 3060 commetaneis
1039 3002 1219 3060 earumdem
1254 3011 1283 3060 et
1319 3002 1458 3062 eiusdem

186 3106 339 3165 universis
361 3106 440 3165 inibi
463 3107 615 3178 legittime
631 3108 808 3166 convocatis
821 3115 850 3166 et
867 3110 1061 3181 presentibus
1081 3109 1265 3180 accedendo,
1282 3109 1459 3168 introducat

192 3210 329 3285 prelatos
360 3212 504 3272 dominos
534 3215 696 3271 canonicos
735 3214 863 3272 ecclesie
899 3217 1107 3288 zagrabiensis
1137 3222 1167 3274 et
1198 3222 1351 3274 rectorem
1384 3215 1458 3275 dicti

187 3319 295 3378 altaris
319 3325 423 3378 sancte
446 3321 546 3377 erucis
569 3320 600 3377 in
631 3320 804 3377 dominium
835 3321 1017 3379 earumdem
1039 3328 1069 3380 et
1104 3322 1254 3394 eiusdem,
1276 3328 1452 3396 statuatque

186 3425 311 3484 easdem
336 3432 367 3485 et
389 3424 473 3484 idem
496 3425 614 3484 eisdem
645 3424 713 3503 jure
735 3428 812 3501 ipsis
836 3428 1033 3486 incumbente
1063 3436 1214 3503 perpetuo
1245 3429 1456 3504 possidendas,

186 3532 210 3588 si
232 3547 294 3590 non
318 3531 412 3590 tuerit
435 3532 676 3603 contradictum
707 3533 949 3592 contradictores
980 3551 1063 3605 vero,
1095 3537 1121 3594 si
1152 3538 1205 3609 qui
1238 3536 1360 3607 fuerint,
1385 3537 1458 3595 citet

185 3652 236 3696 eos
280 3645 388 3696 contra
420 3644 582 3697 annotatos
617 3639 759 3697 dominos
795 3642 957 3697 canonicos
991 3643 1205 3714 zagrabienses
1240 3648 1270 3700 et
1303 3648 1457 3701 rectorem

184 3744 291 3802 altaris
313 3743 445 3818 predicti
467 3749 606 3805 nostram
629 3747 659 3803 in
685 3747 878 3820 presenciam
901 3749 931 3805 in
955 3748 1060 3806 sedem
1076 3749 1308 3821 zagrabiensem
1332 3748 1372 3806 ad
1393 3755 1454 3808 ter·

184 3852 304 3909 minum
328 3858 565 3926 competentem,
588 3854 744 3928 racionem
777 3853 1031 3912 contradiecionis
1062 3870 1169 3912 eorum
1200 3855 1393 3926 reddituros;
1424 3861 1456 3914 et

184 3965 255 4030 post
277 3958 335 4015 hec
355 3959 494 4031 ipsarum
526 3959 765 4033 possessionarie
798 3960 1038 4019 introduccionis
1069 3967 1098 4019 et
1132 3963 1311 4019 statueionis
1342 3963 1455 4020 seriem

183 4079 252 4121 cum
275 4064 454 4122 nominibus
477 4065 739 4123 contradictorum
756 4072 785 4123 et
806 4067 979 4137 citatorum,
995 4068 1021 4124 si
1042 4068 1094 4140 qui
1112 4067 1233 4138 suerint,
1258 4070 1453 4142 terminoque

183 4171 337 4241 assignato
375 4171 467 4228 nobis
497 4172 703 4229 amicabiliter
740 4172 924 4230 rescribatis.
965 4173 1123 4231 Presentes
1154 4176 1259 4246 sigillo
1301 4174 1449 4249 Stephani

183 4275 353 4348 wainger
375 4275 413 4334 de
436 4276 583 4350 Bathyna,
611 4279 733 4335 comitis
758 4280 855 4336 nostri
871 4280 1087 4352 zagrablensis‚
1114 4280 1243 4338 fecimus
1270 4281 1453 4353 consignari.

181 4380 297 4440 Datum
327 4381 478 4456 Zagrabie
500 4385 532 4441 in
555 4385 663 4457 vigilia
686 4385 756 4443 festi
779 4386 947 4444 nativitatis
971 4387 1059 4445 beate
1082 4388 1177 4446 llarie
1200 4385 1338 4458 virginis.
1361 4387 1452 4445 Anno

182 4486 300 4547 domini
324 4489 494 4548 millesimo
517 4490 820 4564 quadringentesimo
845 4494 999 4551 tricesimo
1024 4501 1144 4566 quarto,

287 4678 312 4726 E
330 4683 491 4744 bamumpto
510 4677 617 4744 capituli
637 4680 802 4739 chasmensis.
823 4687 851 4730 ut
870 4681 986 4733 inferius.
1007 4682 1072 4732 Doc.
1092 4682 1133 4746 78.
