3278 5348
594 426 667 485 Dor.
685 438 758 502 552.
784 460 823 468 -
850 428 906 485 An.
929 425 1022 505 1489.
1385 450 1443 511 471

182 640 388 715 scholaribus,
421 642 661 717 procedentibus
696 648 726 699 et
758 644 958 722 pauperibus.
991 644 1069 703 Item
1101 645 1138 703 de
1162 647 1326 716 choratura
1349 648 1450 729 detra·

181 750 296 807 hantur
319 749 412 807 solidi
436 749 502 807 Xll.
525 756 554 807 et
577 749 722 807 similiter
746 748 808 806 fiat.
822 750 899 808 ltem
923 750 961 808 de
982 751 1113 809 lectione
1136 752 1339 811 detrahantur
1353 752 1448 829 ‚solidi

182 855 232 912 Vl.
256 861 286 912 et
309 856 453 913 similiter
477 855 539 914 fiat.
563 854 640 913 Item
658 854 696 912 de
710 856 881 929 ewangelio
904 863 934 913 et
958 858 1098 931 epistola,
1118 865 1259 932 tempore
1275 874 1338 932 quo
1354 876 1450 928 ¹rene-

182 961 384 1019 rendissimus
401 960 544 1019 dominus
567 962 731 1035 episcopus
747 962 884 1020 celebrat
901 977 956 1036 per
972 979 1012 1034 se,
1026 962 1205 1021 detrahatur
1216 980 1275 1037 per
1287 965 1342 1023 sol.
1353 965 1449 1025 XXV.

183 1074 213 1125 et
236 1068 380 1125 similiter
403 1067 465 1125 fiat.
488 1067 566 1126 Item
590 1067 629 1125 de
654 1068 763 1146 missis,
776 1067 954 1142 ewangeliis
971 1076 1001 1126 et
1017 1070 1157 1142 epistolis
1180 1070 1451 1152 ebdomadalibus,

182 1175 208 1232 si
232 1175 302 1247 quis
336 1174 535 1232 dominorum
558 1175 729 1247 neglexerit
751 1179 805 1232 aut
827 1191 885 1248 per
908 1190 940 1232 se
963 1181 1016 1232 aut
1033 1191 1088 1248 per
1103 1183 1366 1249 supportatorem‚
1390 1193 1449 1252 pro

184 1280 328 1353 quolibet
359 1278 481 1338 defectu
516 1280 683 1338 cuiuslibet
707 1280 768 1338 diei
792 1280 992 1339 detrahantur
1015 1283 1072 1340 sol.
1090 1282 1182 1353 XLV,
1207 1282 1367 1354 videlicet:
1393 1299 1449 1358 pro

182 1387 279 1444 missa
312 1385 408 1444 XXX
440 1402 498 1459 pro
522 1387 696 1458 ewangelio
729 1387 764 1445 X.
782 1392 811 1446 et
835 1402 893 1461 pro
933 1388 1064 1461 epistola
1089 1389 1124 1446 V.
1158 1405 1217 1472 que
1240 1389 1383 1448 similiter
1406 1389 1452 1448 di·

184 1498 368 1586 spepsentur
391 1493 470 1551 sicut
493 1494 606 1566 priora.
1258 1478 1261 1483 ¹
1292 1499 1294 1502 '
1341 1554 1345 1561 ,
1381 1571 1384 1575 ¹

291 1599 339 1656 Ad
373 1601 525 1673 premissa
553 1615 629 1658 vero
670 1599 851 1673 exequenda
886 1600 1017 1669 debeant
1052 1601 1217 1673 providere
1251 1607 1358 1663 cantor
1378 1619 1450 1661 cum

184 1720 241 1764 suo
264 1712 452 1784 succentore,
486 1707 540 1780 qui
570 1706 704 1764 debeant
735 1713 765 1763 et
796 1708 857 1764 sint
881 1707 1013 1779 obligati
1036 1723 1161 1794 servare
1184 1715 1215 1766 et
1239 1716 1342 1790 tenere
1366 1724 1450 1767 com·

183 1819 296 1885 putum
319 1812 553 1887 premissorum,
587 1813 670 1890 etin
695 1817 846 1885 quantum
870 1813 931 1886 ipsi
955 1827 1015 1883 non
1037 1812 1216 1871 sufficerent
1237 1814 1381 1873 dominus
1405 1816 1449 1873 vi·

183 1918 283 1976 carius
306 1924 407 1977 teneat
429 1918 595 1992 providere
619 1933 691 1976 cum
715 1919 801 1992 prius
824 1919 1009 1993 opportunis
1032 1926 1062 1977 et
1085 1919 1227 1992 superius
1252 1919 1374 2002 notatis.
1398 1995 1401 1999 Ι
1509 1940 1511 1944 “

288 2026 365 2083 ltem
387 2025 413 2083 si
436 2027 505 2099 quis
529 2024 728 2083 dominorum
751 2025 978 2083 collateralium
999 2026 1171 2099 neglexerit
1193 2025 1333 2085 officium
1355 2043 1447 2091 suurn

183 2136 325 2205 tempore
348 2138 533 2205 opportuno,
550 2147 608 2205 pro
632 2131 772 2204 quolibet
796 2130 916 2190 deiectu
939 2146 995 2189 suo
1018 2130 1218 2190 detrahantur
1238 2133 1287 2197 ¹sol
1310 2131 1407 2193 XXV.

259 2358 261 2361 v
290 2286 483 2363 Liberrubeus
502 2302 564 2337 vera·
578 2285 686 2351 capituli
704 2285 767 2336 eccl.
785 2284 965 2349 zagrabiensis.
986 2288 1018 2336 Iu
1036 2286 1152 2339 archivio
1170 2287 1231 2340 incl,
1250 2288 1334 2338 head.
1353 2288 1449 2339 Scieut.

183 2374 282 2425 Slavor.
302 2376 393 2426 merid.

782 2568 865 2635 352.
946 2623 969 2644 „

290 2712 370 2761 Anno
392 2712 466 2773 1489,
487 2714 519 2760 28
549 2711 697 2775 septembis.
716 2711 814 2760 Budae.

183 2836 325 2913 Angelus,
347 2840 420 2897 sedis
435 2841 607 2914 apostalicae
622 2841 743 2913 legatus,
761 2839 896 2912 plebanis
918 2840 1152 2912 zagrabiensibus
1174 2840 1302 2908 mandat,
1327 2848 1362 2897 ut
1374 2858 1449 2921 sam-

183 2956 294 3020 mopere
317 2948 473 3017 enr'tantur,
488 2956 523 3005 ut
542 2949 727 3004 communitas
742 2946 866 3003 civitatis
875 2954 991 3019 pacem,
1014 2965 1101 3020 quam
1124 2965 1185 3004 cum
1208 2948 1334 3020 capitulo
1357 2947 1449 3014 inivit.

704 3054 838 3126 scriptam
862 3053 934 3109 edat.
1385 3056 1387 3058 ’
1434 3038 1441 3047 ’

291 3199 437 3271 Angelus,
461 3199 511 3256 dei
534 3206 562 3256 et
586 3198 756 3271 apostolice
780 3197 987 3269 sedis'gracia
1013 3197 1178 3270 episcopus
1209 3197 1380 3255 ortanensis
1415 3213 1450 3254 ac

185 3306 318 3365 civitatis
341 3304 589 3374 Castellanensis,
612 3303 650 3361 ad
676 3303 884 3374 Germaniam,
920 3305 1121 3376 ilungariam‚
1155 3301 1317 3360 Poloniam
1340 3309 1370 3360 et
1393 3303 1449 3361 Bo·

184 3413 329 3483 hemiam,
354 3411 480 3484 illisque
504 3410 676 3468 adiacentes
700 3415 804 3483 partes
828 3417 921 3483 atque
945 3425 1039 3482 regna
1070 3424 1141 3467 cum
1174 3409 1267 3482 plena
1299 3415 1449 3483 potestate

186 3519 278 3593 legati
302 3518 340 3576 de
363 3519 468 3586 latere,
493 3517 620 3587 legatus.
645 3517 774 3574 Dilectis
799 3516 888 3574 nobis
912 3517 942 3573 in
966 3516 1090 3574 Christo
1116 3514 1255 3573 discretis
1275 3514 1357 3578 'viris
1382 3561 1387 3573 .
1412 3563 1417 3575 .
1443 3562 1448 3573 .

184 3627 278 3683 sancti
302 3624 433 3703 Emerici
458 3625 487 3680 in
512 3637 582 3680 area
606 3624 771 3695 capitulari
794 3623 984 3695 zagrabiensi
987 3668 1114 3692 .....
1138 3623 1234 3679 sancti
1256 3623 1380 3685 Martini
1409 3622 1448 3681 de

184 3734 255 3790 vico
279 3739 429 3801 sutorum,
446 3737 475 3788 et
501 3773 506 3785 .
525 3770 532 3783 .
551 3730 646 3787 sancti
658 3729 804 3787 Anthonii
820 3729 858 3786 de
876 3730 943 3786 vico
960 3728 1149 3798 Latinorum,
1166 3728 1366 3789 ecclesiarum
1383 3728 1449 3802 ple·

185 3838 281 3911 banis,
314 3837 462 3895 dioecesis
493 3836 708 3908 zagrabiensis‚
741 3836 873 3892 salutern
904 3835 933 3891 in
966 3834 1102 3904 domino,
1127 3833 1345 3899 benediccione
1376 3849 1448 3896 curn

184 3950 311 4019 paterna
335 3959 371 4001 ac
387 3943 418 4001 in
434 3943 607 4000 commissis
624 3941 761 4000 debitam
779 3941 975 4026 diligenciam
992 3940 1148 3997 adhibere.
1174 3939 1338 4010 Noveritis,
1355 3940 1446 3999 nobis

185 4065 242 4125 pro
267 4058 353 4124 parte
376 4055 406 4106 et
430 4064 561 4122 persona
585 4048 772 4105 uenerabilis
796 4047 935 4118 magistri
957 4044 1104 4119 Stephani
1129 4045 1280 4115 cruciferi,
1297 4045 1449 4119 prepositi

185 4156 447 4230 Glogonzanensis
471 4171 506 4212 ac
530 4156 667 4213 canonici
691 4154 906 4226 zagrabiensis‚
932 4153 1141 4220 ecclesiarum,
1158 4150 1253 4208 fuisse
1269 4151 1447 4224 expositum

184 4264 273 4336 gravi
296 4278 367 4321 cum
390 4263 516 4336 querela
541 4263 570 4319 in
595 4263 676 4319 hunc
700 4260 845 4318 modum:
870 4257 1028 4332 quomodo
1052 4258 1129 4315 alias
1153 4257 1231 4315 inter
1255 4240 1448 4315 venerabiles

185 4368 327 4429 dominos
360 4368 532 4442 capitulum
562 4368 689 4426 ecclesie
719 4365 925 4440 zagrabiensis
950 4364 990 4421 ab
1014 4379 1083 4434 una,
1107 4378 1142 4419 ac
1166 4361 1314 4436 providos
1338 4369 1368 4420 et
1391 4364 1448 4420 cir·

185 4481 379 4549 cumspectos
402 4476 493 4546 cives,
518 4476 643 4546 incolas,
667 4473 889 4532 inhabitatores
913 4476 941 4527 et
965 4476 1062 4528 totam
1095 4470 1350 4527 communitatem
1374 4467 1448 4525 civi·

185 4584 256 4642 tatis
279 4585 393 4641 montis
417 4583 578 4642 Grecensis
602 4583 642 4639 ab
666 4581 763 4638 altera
788 4578 936 4652 partibus,
968 4578 998 4635 in
1023 4577 1103 4634 sacto
1127 4582 1281 4635 certarum
1304 4573 1449 4633 differen-

185 4691 302 4748 ciarum
327 4696 357 4748 et
380 4705 486 4747 earum
511 4689 669 4747 occasione
692 4692 722 4744 et
738 4686 900 4760 presertim
920 4689 1062 4757 pretextu
1079 4689 1160 4740 certe
1176 4681 1337 4751 sentencie,
1353 4689 1446 4752 quam

184 4796 262 4854 olim
287 4795 474 4855 reverendus
497 4794 641 4852 dominus
663 4795 817 4876 Johannes
842 4792 1005 4865 episcopus
1030 4788 1167 4863 predicte
1192 4786 1318 4845 ecclesie
1342 4801 1447 4859 zagra-

184 4901 299 4961 biensis
323 4907 428 4962 contra
451 4903 535 4976 ipsos
556 4902 638 4958 cives
661 4915 697 4958 ac
719 4913 829 4958 eorum
849 4896 931 4954 filios
956 4896 1083 4967 tulisset,
1115 4893 1249 4967 quedam
1281 4891 1448 4965 disposicio
