3278 5348
575 422 649 478 Duc.
673 431 719 496 77.
743 416 793 497 78.
816 454 857 464 -
883 422 1051 498 An.1434.

287 776 367 824 Anno
391 787 465 838 1434,
488 787 526 838 14.
547 775 707 839 septembris.
728 775 841 826 l'osouii.

197 945 208 967 .
287 906 420 962 Evocata
445 910 548 962 autem
572 907 694 978 saepius
718 907 842 962 civitate
865 903 906 962 ad
930 906 1047 962 curiam
1071 906 1189 975 regiam
1214 905 1342 963 absente
1358 904 1449 979 Sigis-

182 1011 309 1082 mundo,
334 1017 363 1068 44
387 1013 449 1068 iam
473 1026 529 1084 per
560 1018 679 1068 ternam
703 1011 980 1084 proclamationem
996 1011 1122 1067 ,ratione
1144 1017 1370 1084 occupatarum
1394 1018 1450 1069 ter·

181 1129 297 1187 rarum,
322 1111 456 1174 aliarum
469 1118 696 1188 violentiarum,
714 1133 838 1191 semper
855 1101 1197 1176 tamen-contumaciter
1211 1133 1245 1174 se
1261 1119 1450 1188 absentante,

182 1240 273 1282 causa
294 1223 375 1281 finiri
399 1240 459 1281 non
484 1227 599 1297 potuit;
616 1224 686 1282 ideo
709 1216 925 1296 sigismundus
949 1224 988 1281 ad
1012 1223 1202 1297 parcendum
1226 1226 1382 1297 expensis,
1398 1227 1451 1282 ab·

181 1337 275 1405 rupto
299 1332 393 1401 longo
417 1346 572 1405 processu,
595 1333 697 1405 prima
721 1330 751 1389 in
777 1334 949 1404 praesentia
972 1346 1098 1399 causam
1121 1331 1309 1389 concludere
1327 1332 1451 1413 nolens,

180 1437 308 1527 mandat
332 1439 457 1508 civitati,
479 1445 513 1495 ut
536 1437 653 1495 Albam
676 1438 814 1508 regalem
839 1444 1017 1511 compareat
1041 1427 1152 1496 octavo
1176 1437 1226 1494 die
1250 1437 1451 1512 Epiphaniae.

288 1574 395 1639 Georgii
414 1573 585 1623 Marcelovid:
606 1576 724 1638 Regesta
743 1582 873 1640 utsupra.

786 1803 845 1869 78.

288 1946 369 1994 Anno
392 1957 465 2007 1434,
486 1957 526 2007 23.
546 1944 706 2009 septembris.
727 1929 842 1994 (fusniac.

189 2073 352 2146 Capitulum
368 2074 507 2131 desinente
522 2074 639 2130 leutitia!
652 2073 807 2146 capitulum
822 2073 1011 2145 srrgrabicnse
1026 2074 1057 2128 in
1065 2074 1269 2146 possessionem
1292 2072 1455 2149 Kraljearec

536 2180 596 2237 sine
618 2178 838 2237 contradictione
860 2197 919 2236 csse
940 2187 1091 2255 steinalum.

289 2324 470 2396 Capitulum
506 2324 632 2381 ecclesie
667 2324 862 2381 chasmensis.
887 2323 1040 2382 Omnibus
1064 2322 1180 2381 Christi
1210 2297 1370 2380 fidelibus·
1391 2298 1454 2382 tam

182 2430 379 2503 presentibus
414 2446 508 2502 quam
544 2429 656 2488 futuris
692 2432 887 2504 presencium
918 2432 1063 2488 noticiam
1088 2430 1240 2487 habituris
1263 2429 1400 2486 salutern
1424 2432 1455 2488 in

183 2537 325 2618 omnium
360 2537 523 2594 salvatore.
559 2537 608 2593 Ad
645 2538 861 2593 universorum
892 2537 1039 2593 noticiam
1069 2537 1181 2610 harum
1204 2536 1282 2592 serie
1307 2536 1455 2593 volumus

184 2644 355 2717 pervenire,
380 2643 464 2715 quod
488 2659 543 2699 nos
569 2643 686 2699 litteras
715 2643 894 2715 spectabilis
917 2650 946 2699 44
971 2642 1128 2714 magnifici
1153 2641 1270 2698 domini
1294 2642 1454 2713 Hermam,

184 2748 271 2819 Cilie,
306 2750 495 2821 Zagorierlue
527 2751 648 2806 comitis
679 2746 1454 2818 4444444154144044141444414440414440414544

183 2858 361 2913 statutorias
386 2858 474 2914 nobis
498 2856 638 2926 directas,
663 2858 778 2912 honore
802 2871 864 2927 quo
888 2855 999 2928 decuit,
1017 2856 1191 2928 recepimus
1214 2854 1244 2911 in
1268 2855 1325 2912 hec
1341 2856 1454 2939 verba:

183 2959 268 3040 (vide
292 2964 365 3020 Doc.
392 2963 439 3031 76.
465 2963 503 3018 de
526 2978 606 3018 anno
634 2976 727 3036 1434·
752 2961 801 3019 die
827 2976 855 3030 7.
880 2954 1086 3037 septembris).
1110 2953 1178 3021 Nos
1211 2962 1316 3034 itaque
1339 2964 1455 3020 amica·

185 3071 302 3128 bililius
327 3070 531 3143 peticionibus
555 3071 651 3142 ipsius
675 3068 792 3125 domini
828 3069 975 3125 Ilermani
1012 3068 1083 3124 bani
1106 3074 1284 3140 annuentes,
1317 3083 1452 3126 unacum

183 3178 303 3250 pretato
328 3177 464 3245 Nicolao
490 3177 556 3233 tilio
579 3176 723 3244 Ladislai,
745 3176 801 3231 tilii
828 3174 1003 3231 Ladomerii
1027 3174 1065 3231 de
1088 3173 1293 3246 Radomerclr,
1325 3175 1452 3233 homine

182 3285 279 3355 ipsius
303 3282 419 3339 domini
455 3283 535 3352 bani,
567 3289 706 3339 nostrum
743 3282 900 3338 hominem
930 3279 1131 3351 lidcdignum,
1153 3279 1322 3339 discretum
1346 3282 1453 3340 virum

184 3387 353 3471 Georgium
379 3389 586 3461 presbiterum
611 3389 696 3445 clrori
721 3387 817 3460 ipsius
841 3387 968 3442 ecclesie
1000 3393 1103 3443 nostre
1135 3386 1380 3460 prebendarium
1417 3387 1456 3446 ad

186 3496 370 3566 premissam
407 3496 680 3566 possessionariam
715 3494 920 3550 statueionem
957 3492 1129 3550 faciendam
1160 3499 1266 3550 nostro
1291 3509 1349 3568 pro
1372 3496 1456 3553 testi·

187 3602 292 3657 monio
316 3600 462 3657 duximus
478 3600 701 3658 destinandum.
727 3600 788 3673 Qui
812 3598 936 3656 tandem
960 3597 1070 3656 exinde
1093 3597 1132 3655 ad
1147 3575 1204 3656 nos
1219 3602 1346 3673 reversi,
1363 3602 1455 3658 nobis

188 3721 264 3764 voce
287 3721 419 3763 consona
442 3707 613 3763 retulerunt
637 3706 820 3764 istomodo:
846 3705 928 3779 quod
954 3705 1112 3778 predictus
1135 3707 1230 3764 homo
1246 3705 1320 3764 dicti
1336 3705 1457 3767 domini

187 3814 259 3871 bani
293 3819 433 3887 presente
470 3813 578 3870 codem
613 3822 719 3870 nostro
750 3815 924 3870 testimonio
956 3812 1033 3870 teria
1069 3814 1175 3885 quinta
1208 3813 1352 3886 proxima
1385 3820 1459 3888 post

186 3919 359 3994 predictum
397 3919 509 3976 festum
544 3920 713 3977 nativitatis
750 3921 837 3977 beate
868 3921 963 3977 Marie
995 3920 1133 3990 4144414ιί5,
1157 3935 1238 3977 nunc
1262 3920 1458 3992 preteritum,

188 4025 226 4082 ad
253 4025 347 4083 facies
377 4025 587 4099 predictarum
620 4028 850 4098 possessionum
880 4027 1062 4098 Kralyouch
1085 4041 1120 4083 ac
1144 4025 1273 4098 Cherye,
1291 4024 1331 4083 ad
1354 4027 1459 4100 ipsam

187 4132 367 4205 Kralyouch
403 4134 579 4205 spectantis,
618 4148 734 4190 necnon
759 4134 867 4190 tributi
901 4134 932 4188 in
956 4133 1096 4206 predicta
1119 4131 1240 4205 Cherye
1272 4133 1355 4205 exigi
1387 4149 1459 4192 con·

185 4240 273 4303 54441,
297 4240 373 4296 item
397 4237 552 4311 Kobylak,
578 4239 718 4310 Zywblie
742 4245 771 4295 44
795 4239 911 4295 Naarth
936 4245 1126 4308 vocatarum,
1163 4240 1194 4296 in
1218 4239 1369 4297 comitatu
1404 4255 1455 4299 za·

183 4347 339 4421 grabicnsi
376 4347 586 4418 existendum,
622 4347 731 4403 uicinis
762 4351 792 4403 44
827 4348 1046 4404 commetaneis
1082 4348 1224 4419 ipsarum
1253 4350 1284 4403 et
1302 4346 1457 4405 eiusdem

183 4454 335 4511 universis
367 4452 443 4510 inibi
474 4454 626 4526 legittime
655 4454 831 4510 convocatis
864 4461 893 4510 et
923 4453 1119 4527 presentibus
1148 4451 1324 4510 accedendo
1358 4454 1458 4514 intro-

184 4558 322 4616 duxisset
346 4558 483 4633 prefatos
508 4559 650 4617 dominos
674 4561 836 4617 canonicos
853 4559 933 4616 dicte
965 4560 1092 4617 ecclesie
1108 4559 1316 4631 zagrabiensis
1333 4574 1455 4619 necnon

185 4670 337 4723 rectorem
370 4665 444 4723 dicti
475 4666 581 4723 altaris
613 4672 715 4724 sancte
740 4667 839 4724 erucis
862 4667 894 4723 in
917 4666 1026 4724 eadem
1050 4666 1179 4723 ecelesia
1201 4664 1322 4723 fundati
1346 4666 1380 4723 in
1404 4666 1458 4725 do-

185 4772 317 4829 minium
340 4772 521 4830 earumdem
543 4778 572 4829 et
595 4772 741 4843 eiusdem,
766 4774 982 4846 statuissetque
1006 4771 1131 4829 easdem
1163 4778 1193 4830 et
1223 4770 1308 4829 idem
1340 4772 1459 4831 eisdem

181 4875 249 4953 jure
272 4878 348 4951 ipsis
372 4879 567 4936 incumbente
593 4883 743 4951 perpetuo
769 4878 978 4951 possidendas,
1002 4878 1091 4936 nullo
1123 4878 1245 4951 penitus
1278 4878 1460 4938 contradic·
