3278 5348
605 456 687 518 Dec.
712 453 780 513 182.
810 488 845 498 -
872 456 920 513 An
953 468 1040 535 1455.
1402 473 1461 536 245

191 673 281 732 ribus
302 677 333 730 et
355 673 592 746 gravaminibus
622 686 730 730 eorum
762 674 793 731 in
824 672 905 730 facto
935 672 1134 748 infrascripto
1170 689 1227 747 per
1249 677 1353 735 omnia
1376 675 1408 732 in
1431 690 1464 732 se

191 778 279 853 ipsos
305 779 484 851 assumptis,
507 792 611 837 coram
629 779 719 837 nobis
735 779 941 853 personaliter
956 779 1113 837 constituti
1131 777 1274 838 dixerunt
1300 786 1330 838 et
1353 787 1463 857 sponte

190 890 262 943 sunt
286 884 418 943 confessi
441 886 513 942 vive
536 886 622 943 vocis
645 899 754 943 eorum
776 885 912 943 oraculis
935 887 966 943 in
988 887 1071 943 hunc
1094 885 1239 944 modum:
1271 887 1364 960 Quod
1388 889 1461 962 quia

191 990 332 1065 prefatus
355 991 464 1048 Petrus
486 990 657 1063 Gwndych,
683 998 770 1064 pater
794 992 892 1065 ipsius
917 990 1002 1049 Galli
1027 999 1056 1048 et
1080 999 1209 1065 patruus
1234 991 1307 1051 dicti
1333 994 1461 1053 Fabiani

190 1111 227 1154 ac
249 1097 423 1155 avunculus
438 1101 579 1173 ipsorum
595 1097 685 1155 Pauli
701 1102 731 1155 et
746 1097 880 1168 Mathye,
895 1098 986 1155 certis
1002 1104 1032 1154 et
1047 1098 1290 1156 racionabilibus
1306 1116 1345 1157 ex
1360 1102 1459 1158 causis

191 1210 298 1262 contra
314 1204 449 1276 Petrum,
465 1203 567 1262 filium
583 1198 731 1276 Stephani
746 1202 916 1275 Swechych
940 1202 1058 1260 dictum
1081 1210 1111 1261 et
1129 1204 1338 1277 Valentinum,
1359 1205 1461 1266 filium

192 1311 364 1382 Mychaelis
387 1310 556 1383 Sarouych‚
591 1310 669 1368 alias
691 1307 827 1385 judicem
851 1325 887 1367 ac
910 1311 1071 1367 universos
1096 1312 1179 1368 cives
1202 1315 1232 1368 et
1256 1317 1353 1368 totam
1377 1327 1460 1369 corn-

191 1419 376 1474 munitatem
400 1418 514 1475 civium
540 1417 673 1475 civitatis
698 1416 811 1474 montis
834 1414 998 1472 Grccensis
1034 1415 1072 1472 de
1102 1414 1189 1490 juxta
1218 1416 1402 1488 Zagrabiam
1425 1420 1457 1477 in

190 1523 354 1582 manifesta
376 1522 553 1597 calumpnia
575 1523 677 1580 tribus
699 1523 821 1580 vicibus
844 1522 1008 1579 exstitisset
1032 1528 1182 1595 repertus,
1199 1538 1256 1596 per
1271 1523 1460 1598 eosdemque

191 1631 277 1688 cives
304 1636 333 1687 et
357 1628 472 1687 dictam
488 1629 743 1687 communitatem
760 1627 840 1685 dicte
857 1628 991 1684 civitatis
1007 1629 1121 1684 montis
1138 1627 1309 1700 Grecensis,
1334 1632 1457 1689 racione

190 1735 331 1794 eiusdem
353 1736 531 1809 calumpnie
554 1733 717 1792 manifeste
740 1735 899 1791 convictus
925 1733 1033 1791 fuisset
1057 1740 1084 1791 et
1109 1740 1305 1807 aggravatus,
1341 1744 1370 1794 et
1393 1742 1458 1795 tan-

191 1841 264 1898 dem
287 1840 374 1917 juxta
408 1857 463 1898 sua
486 1840 637 1899 demerita
671 1840 845 1914 captivatus
881 1845 910 1896 et
942 1841 972 1898 in
1004 1855 1159 1897 carcerem
1194 1841 1293 1913 ipsius
1325 1843 1458 1902 civitatis

190 1950 312 2019 missus,
347 1962 406 2022 pro
429 1947 546 2005 eisdem
570 1949 633 2005 suis
657 1947 834 2004 excessibus
868 1947 1092 2021 calumpniosis
1124 1947 1297 2019 puniturus,
1329 1957 1457 2023 propter

190 2054 275 2128 quod
310 2056 371 2128 ipsi
406 2053 525 2122 Gallus,
561 2054 724 2125 Fabianus,
761 2052 876 2110 Paulus
907 2063 936 2110 et
969 2054 1109 2125 Mathyas
1140 2052 1295 2127 prefatum
1332 2055 1456 2114 Petrum

190 2159 356 2232 Gwndych
380 2160 418 2218 de
442 2159 524 2217 dicta
547 2160 727 2232 captivitate
751 2165 780 2216 et
804 2161 980 2217 carceribus
1015 2161 1156 2232 ipsorum
1180 2161 1296 2218 civium
1322 2163 1456 2222 civitatis

190 2267 328 2341 predicte
352 2266 390 2323 ad
415 2266 607 2339 obligamina
631 2281 739 2323 eorum
775 2265 972 2340 infrascripta
1004 2267 1196 2340 excepissent
1219 2267 1275 2324 tali
1305 2268 1401 2326 modo
1424 2286 1456 2327 se

188 2372 364 2445 obligantes
387 2387 492 2431 coram
522 2372 628 2429 nobis:
663 2379 696 2428 ut
719 2373 745 2429 si
769 2373 835 2446 ipse
867 2373 974 2430 Petrus
1006 2372 1169 2444 Grr'ndych
1193 2379 1245 2431 aut
1269 2390 1325 2447 per
1348 2391 1380 2433 se
1403 2382 1456 2434 aut

189 2495 246 2552 per
268 2479 363 2536 aliam
394 2492 564 2551 personam
600 2493 838 2551 quamcumque,
870 2464 976 2536 contra
1008 2478 1164 2552 predictos
1188 2480 1271 2538 cives
1294 2488 1324 2538 et
1359 2486 1455 2539 totam

189 2586 444 2643 communitatem
467 2585 608 2657 ipsorum
632 2586 747 2643 civium
771 2585 851 2642 dicte
875 2585 1008 2643 civitatis
1032 2585 1144 2658 quovis
1161 2587 1310 2659 temporis
1333 2588 1364 2644 in
1382 2602 1454 2661 pro-

187 2706 275 2749 cessu
309 2689 409 2765 ipsam
448 2691 660 2764 calumpniam
691 2692 903 2761 reiteraverit,
928 2698 981 2748 aut
1015 2693 1045 2748 in
1080 2691 1189 2749 eadem
1212 2708 1265 2750 seu
1301 2694 1452 2752 insimili

189 2797 368 2871 calumpnia
391 2797 486 2855 modo
510 2812 707 2871 quocumque
730 2800 923 2871 processerit,
959 2805 1070 2856 extunc
1094 2812 1168 2855 mox
1191 2799 1260 2872 ipso
1283 2798 1363 2857 facto
1385 2816 1456 2873 pre·

187 2902 261 2962 dicti
284 2902 404 2974 Gallus,
439 2904 601 2973 Fabianus,
638 2904 753 2961 Paulus
777 2913 806 2961 et
831 2905 962 2963 Mathias
986 2904 1119 2962 eundem
1143 2905 1270 2963 Petrum
1290 2906 1453 2980 Gwndych

187 3010 392 3085 personaliter
414 3009 544 3083 prefatis
579 3011 701 3067 civibus
725 3016 755 3068 et
779 3011 994 3068 communitati
1025 3011 1081 3068 toti
1105 3012 1201 3084 ipsius
1225 3013 1358 3070 civitatis
1382 3031 1452 3088 pre·

188 3123 309 3173 sentare
342 3115 474 3173 debeant
508 3122 538 3173 et
562 3122 708 3187 teneatur,
743 3132 835 3189 quem
861 3118 887 3174 si
917 3117 1120 3190 personaliter
1157 3125 1334 3191 presentare
1358 3127 1388 3177 et
1412 3121 1450 3177 ad

191 3236 302 3279 manus
332 3236 441 3280 eorum
473 3221 546 3279 dare
580 3224 790 3295 nequiverint,
823 3230 934 3281 extunc
968 3224 999 3280 in
1030 3224 1197 3281 continenti
1228 3225 1452 3298 quinquaginta

184 3342 306 3385 marcas
330 3327 537 3399 denariorum,
569 3343 626 3402 pro
650 3336 791 3403 tempore
821 3331 1023 3400 currencium,
1048 3329 1174 3387 domino
1198 3331 1341 3404 ipsorum
1363 3340 1452 3390 natu-

185 3434 244 3492 rali
268 3450 323 3491 seu
346 3434 483 3491 terrestri
506 3441 536 3491 et
555 3435 632 3493 alias
670 3436 893 3509 quinquaginta
929 3451 1048 3493 marcas
1084 3435 1281 3495 denariorum
1313 3439 1451 3511 predicte

184 3540 400 3598 communitati
422 3540 562 3612 ipsorum
587 3542 701 3599 civium
726 3543 906 3615 persolvere
923 3542 1063 3613 debeant,
1087 3558 1123 3599 ac
1139 3543 1449 3617 dampntiacionem

188 3647 264 3721 ipsis
287 3646 409 3704 civibus
432 3652 461 3702 et
485 3648 540 3704 toti
565 3650 779 3706 communitati
802 3650 918 3705 civium
943 3627 1192 3722 supradictorum
1217 3655 1315 3708 toturn
1341 3651 1450 3726 damp-

184 3770 258 3812 num
283 3768 400 3825 eorum,
418 3755 500 3826 quod
525 3754 635 3811 exinde
657 3764 952 3827 consequererentur
976 3762 1005 3812 et
1028 3756 1168 3813 subirent
1192 3757 1328 3815 totaliter
1344 3758 1446 3816 refun-

184 3858 257 3918 dere
280 3867 309 3916 et
334 3860 512 3933 persolvere
544 3869 710 3919 teneantur,
746 3862 794 3918 Ad
827 3879 887 3935 que
911 3864 1062 3936 premissa
1086 3863 1277 3934 obligamina
1308 3865 1444 3922 annotati

184 3964 304 4036 Gallus
328 3966 491 4037 Fabianus,
516 3966 629 4023 Paulus
653 3977 682 4024 et
707 3969 837 4025 Mathias
856 3969 918 4025 suis
942 3977 971 4024 et
995 3984 1129 4040 quorum
1153 3984 1248 4043 supra
1269 3971 1447 4029 nominibus

183 4077 214 4129 et
237 4073 267 4129 in
291 4074 432 4146 personis
456 4090 488 4130 se
510 4078 678 4148 spontanea
703 4089 813 4130 eorum
837 4090 942 4131 coram
960 4076 1049 4131 nobis
1073 4075 1252 4145 obligarunt
1276 4076 1447 4135 voluntate.

182 4177 302 4235 Harum
327 4184 503 4236 nostrarum
535 4179 643 4251 vigore
667 4188 696 4237 et
728 4181 904 4237 testimonio
935 4181 1109 4238 litterarum
1134 4178 1295 4237 mediante.
1330 4181 1448 4239 Datum

183 4282 259 4341 feria
283 4289 369 4341 sexta
393 4285 422 4342 in
447 4283 525 4342 sesto
550 4284 692 4342 videlicet
711 4286 794 4342 beati
811 4287 920 4367 Jacobi
936 4288 1080 4360 apostoli.
1105 4289 1194 4344 Anno
1212 4285 1329 4345 domini
1346 4288 1448 4345 mille·

182 4388 261 4446 simo
285 4389 589 4462 quadringentesimo
613 4392 870 4464 quinquagesimo
895 4394 1011 4464 quinto.

288 4577 422 4641 Originale
447 4579 474 4628 iu
504 4579 599 4629 charta.
632 4581 658 4627 A
691 4587 763 4643 tergo
794 4581 930 4643 vestigium
950 4581 1068 4645 impressi
1088 4580 1175 4646 sigilli.
1202 4582 1233 4629 In
1258 4580 1353 4631 archiv.
1386 4578 1446 4632 incl.

184 4666 269 4717 Acad.
289 4667 384 4717 Scient.
399 4667 496 4718 Slavor.
510 4669 600 4718 merid.
