3278 5348
185 467 247 525 422
602 445 674 502 Dec.
693 458 768 523 332.
796 478 830 487 -
861 441 1030 523 An.1483.

185 662 312 735 aliquol
337 663 368 719 in
384 662 467 719 dicto
482 661 601 735 oppido
623 661 770 731 crisiensi,
793 660 848 718 sed
871 675 971 732 neque
992 661 1070 718 alias
1093 662 1212 733 inipso
1237 676 1337 734 regno
1352 669 1447 720 nostro

185 766 347 826 Sclauonie
369 768 493 840 exigere
509 767 686 825 hominibus
698 767 760 826 tuis
776 767 939 840 permittas
951 772 980 825 et
995 782 1096 841 neque
1107 765 1178 825 aliis
1203 767 1446 841 quibuscumque

184 876 321 947 permitti
346 873 446 933 lacere
470 874 598 944 debeas;
625 874 699 947 quin
723 873 831 948 pocius
854 872 979 931 eosdem
997 875 1027 931 in
1050 873 1232 932 huiusmodi
1257 874 1448 932 libertatibus

185 979 377 1051 eorumdem,
399 985 464 1039 tam
487 986 592 1038 contra
615 980 757 1038 homines
780 986 850 1038 tuos
873 995 909 1037 ac
932 979 1088 1054 prefatum
1113 979 1336 1038 Baltbasarem
1359 980 1446 1037 elPe·

185 1092 268 1144 trum
298 1086 442 1159 Bochlray
466 1101 560 1160 quam
584 1087 682 1145 eciam
714 1085 851 1145 oficiales
881 1092 1004 1145 nostros
1034 1093 1064 1143 et
1088 1087 1249 1159 quoslibet
1270 1088 1351 1145 alios
1373 1089 1447 1144 iuxta

185 1192 320 1250 formam
345 1193 496 1266 premisse
518 1199 622 1251 nostre
636 1191 799 1269 judiciarie
822 1192 1059 1251 deliberacionis
1074 1200 1103 1250 et
1119 1194 1352 1251 commissionis
1368 1194 1444 1262 tueri,

186 1305 349 1371 protegere
373 1304 403 1356 et
438 1313 622 1357 conservare
652 1315 688 1358 ac
722 1298 931 1373 indempniter
965 1306 1165 1357 manutenere
1202 1298 1321 1358 debeas
1354 1308 1448 1357 nostre

185 1404 353 1462 maiestatis
387 1405 418 1462 in
452 1419 585 1477 persona
618 1411 649 1463 et
682 1406 873 1476 auctoritate,
908 1405 1104 1479 presentibus
1138 1405 1195 1463 tibi
1229 1407 1261 1464 in
1285 1408 1345 1464 hac
1369 1411 1447 1480 parte

184 1510 347 1569 atttributa
370 1517 400 1567 ct
416 1511 535 1568 iusticia
552 1510 714 1570 mediante.
730 1510 824 1569 Secus
839 1526 901 1569 non
917 1510 1061 1569 facturus.
1083 1511 1283 1569 Prcseutibus
1299 1512 1445 1586 perlectis,

183 1615 341 1674 exhibenti
372 1617 529 1674 restitutis.
552 1617 670 1674 Datum
702 1617 826 1676 Posonii
849 1616 925 1676 seria
950 1618 1056 1691 quinta
1080 1619 1227 1692 proxima
1251 1625 1324 1677 ante
1339 1617 1443 1676 festum

186 1722 275 1778 beate
298 1723 492 1795 Margarethe
524 1724 661 1796 virginis.
695 1725 785 1782 Anno
808 1723 927 1781 domini
950 1724 1120 1782 millesimo
1144 1724 1443 1798 quadringentesimo

185 1827 374 1898 octogesimo
398 1826 541 1885 secundo.
560 1827 738 1900 Regnorum
750 1835 927 1886 nostrorum
949 1843 1030 1886 anno
1046 1829 1205 1902 Hungarie
1229 1838 1279 1888 etc
1303 1832 1445 1905 vigesimo

186 1933 303 2007 quinto,
328 1933 474 1991 Bohemie
497 1948 573 1992 vero
596 1934 838 2007 quartodecimo.

291 2120 425 2184 Originale
444 2123 471 2170 in
490 2121 636 2175 charia.1n
655 2123 769 2186 margine
794 2122 909 2172 inferiori
930 2125 1101 2189 imppressum
1120 2131 1160 2173 est
1179 2123 1303 2188 sigillum
1333 2127 1366 2175 In
1382 2125 1441 2174 ercli.

189 2208 248 2257 incl.
269 2210 353 2261 Aced.
373 2209 468 2261 Scient.
488 2209 586 2263 slavor.
605 2211 695 2263 merid.

769 2493 856 2559 332.

290 2741 372 2790 Anno
394 2742 468 2803 1483,
489 2752 530 2804 25.
549 2739 680 2790 februarii.
700 2739 848 2803 Zugrabiee.

187 2917 333 2976 stanam
356 2921 477 2992 capituli
498 2920 694 2992 zagrabiensis
716 2919 750 2976 dc
764 2928 862 2993 poena
884 2919 1078 2978 constituenda
1101 2921 1132 2976 in
1154 2921 1250 2996 illum,
1274 2925 1328 2996 qui
1347 2922 1443 2979 clariis

184 3042 295 3112 scrinii,
318 3062 374 3118 quo
395 3045 519 3116 capituli
538 3044 663 3117 regillum
686 3053 880 3115 conservatur,
902 3045 948 3102 dic
969 3045 1153 3118 sugillationes
1168 3064 1226 3101 non
1253 3045 1445 3119 deportaverit.

292 3244 382 3299 Anno
417 3241 534 3300 domini
566 3243 734 3301 millesimo
769 3243 1073 3316 quadringentesimo
1104 3244 1318 3325 octuagesimo
1349 3244 1445 3312 tercio,

187 3349 262 3406 feria
286 3349 380 3405 tercia
404 3350 547 3422 proxima
572 3355 642 3421 post
667 3348 779 3407 festum
805 3350 886 3407 beati
910 3350 1024 3408 Mathie
1047 3348 1192 3422 apostoli,
1208 3350 1390 3408 conclusum
1406 3353 1445 3406 est

186 3455 416 3528 capitulariter:
440 3454 523 3527 quod
548 3455 737 3528 quicumque
769 3455 885 3513 clavim
915 3454 953 3512 ad
985 3455 1126 3528 sigillum
1157 3460 1304 3529 tempore
1338 3456 1447 3528 sigilla·

187 3561 282 3618 cionis
317 3561 581 3617 munimentorum
617 3554 703 3638 (non)
739 3560 959 3634 deportaverit,
989 3561 1045 3619 ille
1068 3560 1181 3619 debeat
1204 3562 1330 3620 solvere
1353 3575 1441 3621 unum

186 3666 336 3723 ssorenum
362 3668 428 3724 auri
452 3667 491 3722 ad
515 3682 623 3724 manus
647 3666 791 3738 custodis,
815 3683 908 3740 quem
932 3667 1015 3726 idem
1038 3672 1141 3725 custos
1164 3672 1308 3727 teneatur
1330 3670 1445 3742 exigere

187 3772 434 3842 irremisibiliter,
459 3781 489 3830 et
512 3774 538 3830 si
561 3788 623 3831 non
646 3779 776 3845 curaret,
800 3779 911 3830 extunc
935 3772 1046 3831 debeat
1068 3773 1192 3831 solvere
1208 3772 1363 3833 florenum
1378 3787 1442 3849 pru·

186 3879 301 3951 prium.
326 3879 411 3949 ltem,
435 3880 460 3936 si
485 3880 624 3953 aliquem
647 3880 809 3952 contigerit
832 3878 998 3950 discedere,
1022 3879 1188 3938 habentem
1220 3880 1346 3939 clavem
1378 3877 1444 3938 dicti

185 3983 289 4054 sigilli,
321 3993 432 4041 extunc
467 4000 546 4058 pena
578 3987 637 4043 sub
667 3985 774 4043 eadem
813 3991 913 4043 teneat
937 3985 1011 4043 dare
1034 3985 1073 4043 ad
1096 3985 1244 4044 noticiam
1267 3988 1378 4046 lectori
1399 3989 1443 4044 aut

185 4101 241 4144 suo
266 4088 392 4158 vicario,
427 4091 510 4162 apud
542 4107 635 4164 quem
671 4108 709 4150 ex
744 4091 878 4150 dominis
901 4092 1021 4149 miserit
1042 4092 1165 4151 clavem
1188 4093 1372 4167 predictam,
1394 4096 1437 4151 aut

99 4216 104 4225 ·
186 4190 237 4248 det
261 4206 329 4247 eam
363 4192 456 4250 alicui
493 4211 530 4252 ex
563 4196 705 4268 dominis,
736 4199 790 4272 qui
814 4198 918 4255 claves
941 4213 1002 4255 non
1025 4198 1150 4260 babent.
1174 4199 1311 4258 Michael
1333 4212 1436 4276 prepo-

187 4297 273 4366 situs,
296 4310 336 4351 m.
361 4311 391 4368 p.
416 4298 454 4355 de
478 4302 625 4361 mandato
649 4304 787 4377 capituli.

292 4481 370 4529 Liber
388 4484 481 4534 rubeus
500 4504 557 4538 ven.
578 4491 654 4557 Capit
681 4493 774 4557 zagrab
802 4495 833 4542 In
852 4492 921 4544 arch.
941 4493 1002 4547 incl.
1021 4495 1106 4545 Acnd.
1125 4494 1222 4547 Scient.
1241 4495 1313 4548 Slev.
1327 4495 1411 4547 merid
