3278 5348
192 399 251 472 248
606 392 677 449 Doc.
703 387 771 466 185.
799 423 834 434 -
861 391 917 447 An.
940 384 1031 465 1456.

187 613 343 679 ignorant.
368 623 484 665 census.
510 605 639 676 fructus,
663 606 812 675 redditus,
837 614 1015 680 proventus,
1039 614 1145 675 terras,
1161 602 1280 662 domos
1306 606 1452 678 grangias,

188 716 312 784 casalia,
337 714 452 788 predia,
478 714 624 781 maneria,
641 715 754 781 vineas,
778 724 872 781 ortos,
888 727 1026 786 campos,
1041 710 1187 783 virgulta
1211 720 1312 784 prata,
1337 727 1452 785 pascua,

189 837 323 890 nemora,
348 823 452 879 silvas.
489 819 674 889 molendina,
706 827 825 892 stagna.
857 820 951 889 lacus,
983 819 1141 893 piscarias.
1174 819 1318 892 piscinas.
1353 832 1452 890 aquas,

187 944 340 1002 aquarum
364 927 520 993 decursus,
557 927 693 987 arbores.
726 927 876 983 arborum
908 925 1036 991 fructus,
1071 924 1165 997 ligna,
1200 934 1316 997 postes.
1346 925 1452 994 trabes,

189 1037 319 1110 plantas,
344 1035 416 1101 vini,
440 1032 537 1091 bladi.
562 1031 717 1097 frumenti,
742 1031 838 1101 ordei,
862 1047 968 1091 arene.
992 1032 1133 1103 siliginis.
1156 1031 1228 1099 olei,
1251 1031 1452 1102 leguminum,

189 1143 266 1206 auri,
302 1141 420 1212 argenti
452 1140 601 1195 monetati
631 1148 660 1194 ct
690 1153 750 1195 non
781 1139 930 1196 monetati
961 1139 1156 1210 quantitates,
1186 1137 1309 1206 calices,
1342 1152 1451 1205 cruces,

191 1254 372 1305 ornamenta
389 1245 604 1313 ecclesiastica,
630 1245 752 1313 tocalia,
776 1251 898 1312 tasseas
923 1245 1040 1317 ciphos,
1057 1243 1240 1312 cochlearia,
1263 1258 1340 1300 rasa
1355 1258 1451 1301 aurea.

188 1359 331 1426 argentea
356 1362 386 1408 et
410 1350 564 1419 deaurata,
589 1366 667 1419 crea,
691 1358 826 1420 stannea,
849 1365 969 1424 pannos
1000 1350 1114 1420 laneos,
1138 1350 1237 1406 lineos
1261 1357 1291 1406 et
1316 1351 1450 1419 sericeos,

187 1459 292 1529 lectos,
326 1459 512 1526 linteamina,
546 1458 730 1530 copertoria,
767 1457 918 1526 bancalia,
955 1456 1123 1513 domorum
1156 1455 1312 1525 utensilia,
1347 1461 1449 1523 vestes,

188 1566 313 1634 tunicas,
338 1563 540 1634 foderaturas,
564 1563 737 1625 mantellos,
755 1577 879 1635 cappas,
903 1564 1041 1636 capucia,
1058 1575 1163 1634 equos,
1180 1563 1328 1631 iumenta,
1351 1563 1449 1631 boves,

188 1647 304 1733 vaccas,
329 1685 411 1737 ores,
448 1684 568 1742 porcos,
597 1684 708 1748 capras
731 1677 760 1725 et
784 1669 845 1726 alia
870 1670 1026 1737 animalia,
1051 1668 1158 1736 libros,
1195 1668 1315 1725 litteras
1339 1675 1449 1725 autten-

188 1778 271 1838 ticas.
296 1778 499 1833 instrumenta
531 1778 666 1850 publica,
702 1781 884 1846 contractus,
921 1775 1114 1844 documenta,
1146 1775 1282 1840 cedulas.
1318 1776 1449 1848 recogni-

187 1884 293 1953 tiones,
320 1883 534 1955 obligationes.
559 1884 696 1954 registra.
732 1883 896 1955 armagis,
932 1888 1123 1951 testamenta,
1155 1881 1327 1951 codicillos,
1359 1889 1448 1949 notas,

184 1991 314 2060 chartas,
337 1989 541 2062 protliocolla,
578 1989 691 2058 debita,
727 1988 850 2053 credita,
882 1988 992 2059 legata,
1024 1989 1224 2061 pecuniarum
1250 2002 1399 2057 summas,
1421 1994 1446 2043 et

187 2096 335 2153 nonnulla
359 2097 420 2152 alia
444 2096 575 2152 mobilia
599 2104 628 2151 et
652 2097 827 2152 immobilia
859 2096 939 2152 bona
964 2094 1004 2152 ad
1027 2093 1180 2168 prefatam
1212 2093 1345 2151 domum
1369 2110 1448 2168 spec·

185 2203 279 2258 tantia
305 2211 419 2258 temere
444 2213 472 2257 et
497 2201 649 2258 malitiose
685 2201 840 2258 occultare
864 2208 894 2258 et
917 2202 1037 2257 occulte
1061 2200 1197 2258 detinere
1220 2207 1446 2273 persummunt,

187 2323 247 2365 non
272 2315 411 2364 curantes
439 2323 473 2364 ea
510 2306 637 2380 prefatis
673 2308 770 2381 priori
795 2318 824 2364 et
855 2307 1003 2364 fratribus
1036 2308 1182 2364 exhibere
1213 2309 1244 2363 in
1276 2309 1447 2366 animarum

185 2429 311 2470 suarum
343 2415 517 2485 periculum
554 2421 583 2470 et
622 2416 762 2487 ipsorum
800 2416 913 2486 prioris
949 2422 978 2470 et
1015 2413 1148 2470 fratrum
1181 2428 1216 2469 ac
1249 2412 1363 2470 domus
1393 2429 1448 2472 non

184 2520 342 2577 modicum
376 2520 616 2589 detrimentum;
647 2537 740 2594 super
771 2537 832 2595 quo
864 2521 957 2579 iidem
991 2523 1077 2594 prior
1100 2525 1129 2576 et
1151 2519 1261 2577 fratres
1282 2521 1449 2592 apostolice

184 2625 264 2682 sedis
288 2627 460 2683 remedium
486 2628 702 2700 implorarunt.
740 2628 892 2700 Quocirca
917 2627 1099 2685 discrecioni
1123 2633 1224 2683 vestre
1249 2641 1306 2699 per
1329 2633 1450 2700 aposto·

183 2733 242 2788 lica
265 2734 380 2805 scripta
405 2732 597 2802 mandamus,
633 2735 777 2806 quatinus
810 2735 923 2790 curatis
958 2734 1103 2790 omnibus
1137 2731 1238 2788 modis
1270 2732 1447 2790 huiusmodi

183 2839 321 2894 occultos
346 2837 520 2895 detentores
541 2855 698 2904 censuum,
716 2840 881 2909 fructuum,
906 2838 1084 2895 reddituum
1101 2843 1130 2894 et
1145 2837 1281 2895 aliorum
1297 2837 1449 2897 bonorum

184 2944 406 3017 predictorum,
431 2945 557 3016 publice
581 2946 610 3002 in
635 2946 772 3002 ecclesiis
796 2961 901 3001 coram
938 2945 1057 3018 populo
1088 2960 1145 3017 per
1178 2958 1242 3014 vos,
1277 2944 1331 3001 vel
1355 2945 1449 3003 alium

186 3067 237 3106 seu
263 3051 340 3107 alios
363 3053 522 3119 moneatis,
558 3061 591 3109 ut
614 3051 693 3109 infra
729 3057 956 3125 competentem
993 3052 1169 3122 terminum,
1193 3066 1288 3123 quem
1312 3052 1357 3109 eis
1383 3068 1449 3126 pre·

183 3158 311 3213 fixeritis
336 3157 377 3212 ita
402 3156 529 3228 prefatis
554 3159 651 3230 priori
675 3165 705 3214 et
729 3157 877 3215 fratribus
902 3174 919 3214 a
941 3174 973 3214 se
999 3157 1102 3214 debita
1125 3157 1286 3213 restituant
1310 3165 1340 3214 et
1364 3174 1449 3216 reve-

183 3263 252 3331 lent,
290 3277 324 3317 ac
349 3262 482 3335 deipsis
519 3266 644 3336 plenam
668 3273 698 3321 ct
718 3265 855 3321 debitam
894 3264 1133 3321 satisfactionem
1158 3262 1348 3336 impendant,
1372 3266 1449 3322 etsi

183 3367 210 3423 id
239 3383 296 3423 non
322 3367 562 3440 adimpleverint
598 3370 677 3426 infra
701 3371 798 3427 alium
824 3376 1052 3443 competentem
1077 3369 1257 3438 terminum,
1289 3385 1384 3442 quem
1408 3372 1450 3428 eis

182 3472 217 3527 ad
244 3476 300 3529 lroc
326 3478 533 3547 peremptorie
569 3476 717 3533 duxeritis
754 3476 979 3550 prefigendum,
1004 3481 1116 3532 extunc
1140 3477 1170 3533 in
1197 3490 1249 3532 cos
1272 3478 1449 3547 generalem

181 3581 505 3637 excommunicationis
523 3585 705 3639 sententiam
725 3582 889 3655 proferatis
907 3588 936 3638 et
952 3598 1021 3638 eam
1047 3581 1167 3639 faciatis
1192 3582 1247 3639 ubi
1271 3589 1301 3639 et
1325 3583 1449 3655 quando

181 3684 326 3755 expetire
351 3686 489 3742 videritis
515 3690 673 3759 usquead
711 3689 950 3746 satisfactionem
983 3689 1169 3760 condignam
1200 3689 1371 3747 solenniter
1393 3706 1449 3764 pu·

182 3790 297 3847 llican.
323 3792 412 3862 Quod
438 3795 462 3849 si
487 3811 546 3850 non
571 3797 664 3851 ambo
690 3797 747 3851 niis
785 3796 971 3866 exequendis
995 3796 1157 3867 potueritis
1181 3795 1337 3867 interesse,
1370 3797 1447 3854 alter

182 3906 318 3951 vestrum
343 3914 377 3953 ea
396 3900 597 3957 nihilominus
614 3911 791 3973 exequatur.
814 3903 928 3958 ilatum
946 3903 1043 3958 Rome
1066 3900 1149 3974 apud
1174 3908 1295 3958 santam
1312 3903 1442 3960 Mariam

185 4003 341 4059 maiorem.
380 4007 466 4061 Anno
490 4008 706 4063 incarnationis
743 4008 895 4064 dominice
933 4008 1102 4064 millesimo
1138 4007 1443 4080 quadringentesimo

182 4110 437 4181 quinquagesimo
469 4123 564 4182 sexto.
600 4114 738 4170 kalendis
774 4116 968 4186 septembris.
1005 4114 1203 4172 I’ontificatus
1237 4116 1336 4172 nostri
1369 4128 1446 4172 anno

181 4215 323 4272 secundo.

1037 4305 1079 4366 Jo.
1100 4304 1132 4351 de
1151 4303 1378 4354 Cremonensibus.

286 4478 418 4536 (triginnle
438 4480 463 4526 in
485 4479 628 4525 membrnnn
658 4480 734 4527 llulln
754 4480 885 4543 pontificia
905 4500 917 4526 e
937 4496 1000 4528 nouo
1019 4481 1122 4528 canabis
1142 4480 1280 4545 dependet.
1301 4483 1333 4530 Iu
1351 4482 1443 4533 archiv.

179 4581 235 4618 ven.
258 4566 340 4628 t'apit.
360 4566 459 4628 rngrnb.
