3256 5346
699 435 770 491 Doc.
788 427 865 509 378.
892 462 932 474 -
958 431 1127 507 An.1495.

883 659 971 728 3¹18.

389 825 469 873 Anno
490 833 565 887 1495,
588 834 627 881 19.
647 820 777 869 februarii.
798 818 966 870 Viroviticae.

291 995 456 1054 Vludsilous
479 995 580 1067 Hung.
603 1000 643 1050 etc
665 1010 727 1063 rex,
749 992 874 1066 capitulo
885 992 1003 1065 zagrab.
1027 989 1154 1060 mandat,
1179 996 1214 1046 ut
1232 988 1372 1046 sacellum
1396 1006 1419 1047 s.
1436 988 1554 1061 spt'rs'tus

386 1102 416 1158 in
438 1101 512 1157 bona
534 1106 674 1174 quattuor
694 1098 848 1157 sessionum
864 1097 1098 1173 jobagionulium
1120 1094 1301 1152 redditorum
1324 1093 1454 1153 inducat.

390 1260 583 1320 wladislaus
600 1260 648 1318 dei
672 1260 775 1334 gracia
798 1275 853 1318 rex
876 1260 1035 1333 Hungarie
1058 1266 1088 1317 et
1111 1257 1260 1316 Bohemie
1281 1262 1340 1315 etc.
1364 1254 1552 1314 Honorabili

287 1370 425 1445 capitulo
457 1368 584 1426 ecclesie
614 1366 822 1441 zagrabiensis
852 1367 986 1424 salutem
1018 1372 1047 1424 et
1070 1365 1218 1439 graciam.
1245 1363 1328 1420 Cum
1350 1378 1409 1420 nos
1432 1361 1484 1420 illi
1507 1377 1551 1418 re·

287 1475 434 1545 missioni,
451 1474 641 1532 restitucioni
664 1481 694 1531 et
717 1472 1024 1548 perpetualidacioni,
1047 1488 1142 1547 quam
1165 1470 1268 1529 fidelis
1291 1476 1398 1527 noster
1421 1469 1550 1526 illustris

282 1583 438 1666 Johannes
461 1580 623 1652 Coruinus,
647 1580 775 1654 Opawie
799 1584 830 1637 et
851 1578 1036 1653 Lypthowie
1059 1577 1122 1636 dux
1146 1585 1201 1636 etc.
1219 1576 1258 1634 de
1271 1574 1464 1649 quibusdam
1477 1588 1550 1648 qua·

284 1693 356 1745 tuor
387 1686 575 1745 sessionibus
607 1684 857 1760 jobagionalibus
889 1686 920 1743 in
958 1685 1151 1758 possessione
1175 1682 1409 1742 Chernomercz
1434 1687 1549 1752 vocata,

282 1793 314 1851 in
337 1793 484 1850 comitatu
508 1792 699 1864 zagrabiensi
722 1792 844 1862 habitis,
868 1786 920 1869 (ad
948 1790 1128 1864 cappellam
1151 1789 1247 1848 sancti
1271 1780 1414 1864 spiritus)
1438 1787 1470 1844 in
1495 1801 1548 1860 pa·

283 1900 388 1957 rochia
423 1898 568 1972 plebanis
591 1899 719 1956 ecclesie
749 1898 839 1956 beate
862 1898 1057 1970 Margarethe
1089 1897 1218 1969 virginis
1241 1896 1273 1953 in
1296 1893 1452 1952 suburbio
1475 1894 1549 1951 ciri·

283 2005 354 2063 tatis
386 2005 500 2062 montis
530 2003 692 2062 Grecensis
724 2003 851 2061 fundate
881 2003 1113 2078 pertinentibus,
1147 2001 1255 2075 vigore
1287 2006 1447 2058 certarum
1471 1999 1549 2057 litte·

283 2126 388 2168 rarum
420 2125 547 2168 suarum
586 2109 687 2168 eidem
718 2110 848 2183 capelle,
879 2109 1080 2182 eiusdemque
1115 2108 1286 2166 rectoribus
1318 2121 1378 2180 pro
1410 2114 1549 2179 tempore

282 2216 454 2274 constitutis
476 2215 582 2274 fecisse
605 2215 781 2287 dinoscitur,
805 2219 947 2273 nostrum
969 2215 1090 2287 regium
1114 2227 1296 2271 consensum
1319 2213 1546 2287 prebuerimus,

283 2328 313 2380 et
328 2322 548 2380 nichilominus
574 2326 673 2379 toturn
687 2329 717 2379 et
739 2336 832 2379 omne
844 2322 892 2379 ius
915 2326 1057 2379 nostrum
1071 2321 1201 2394 regium,
1218 2319 1245 2377 si
1261 2318 1346 2392 quod
1362 2320 1395 2376 in
1433 2318 1547 2376 eisdem

284 2433 417 2503 quatuor
452 2428 640 2485 sessionibus
674 2425 926 2502 jobagionalibus
963 2427 1232 2501 qualitercumque
1268 2425 1468 2497 haberemus,
1499 2429 1548 2481 aut

285 2533 393 2593 eedem
423 2540 564 2591 nostram
595 2549 633 2590 err
664 2534 914 2607 quibuscumque
945 2534 1053 2602 causis,
1077 2534 1145 2604 viis,
1169 2531 1272 2591 modis
1294 2525 1338 2610 (et
1360 2523 1547 2606 nacionibus)

286 2644 504 2698 concernerent
528 2640 728 2711 maiestatem,
759 2640 854 2697 simul
879 2655 950 2698 curn
974 2640 1095 2698 cunctis
1118 2638 1286 2697 earundem
1309 2638 1498 2695 utilitatibus
1519 2643 1548 2693 et

286 2746 481 2821 pertinenciis
512 2751 682 2803 memorate
712 2745 832 2818 capelle
862 2746 959 2804 sancti
992 2747 1120 2821 spiritus
1149 2750 1179 2803 et
1209 2743 1348 2803 eiusdem
1379 2743 1547 2802 rectoribus

287 2852 416 2927 prefatis
439 2845 571 2930 (vigore)
595 2852 789 2926 presencium
812 2853 1045 2925 contulerimus,
1070 2853 1265 2925 velimusque
1287 2849 1419 2909 eandem
1442 2851 1474 2908 in
1496 2848 1545 2906 do

285 2959 417 3017 minium
441 2958 622 3017 earumdem
645 2974 701 3032 per
731 2965 873 3017 nostrum
896 2965 926 3016 et
948 2966 1086 3018 vestrum
1110 2959 1252 3017 homines
1272 2957 1428 3031 legittime
1451 2955 1548 3014 facere

286 3064 448 3124 introduci.
473 3065 574 3139 Super
597 3081 659 3138 quo
675 3064 820 3123 fidelitati
834 3073 936 3123 vestre
959 3067 1164 3139 precipientes
1187 3063 1382 3136 mandamus,
1401 3069 1548 3137 quatenus

285 3178 424 3230 vestrum
456 3172 584 3230 mittatis
616 3171 774 3228 hominem
806 3186 863 3244 pro
884 3173 1060 3232 testimonio
1085 3172 1286 3245 fidedignum,
1313 3184 1376 3245 quo
1401 3174 1547 3245 presente,

285 3280 459 3353 Stephanus
482 3279 602 3336 Kasnar
625 3277 663 3335 de
699 3277 893 3352 Glawnycza,
931 3280 981 3339 vel
1003 3280 1112 3337 Petrus
1140 3278 1177 3336 de
1201 3280 1351 3349 Marencz,
1374 3281 1430 3335 aut
1452 3275 1545 3334 Geor·

285 3388 354 3460 gius
374 3386 411 3442 de
434 3385 613 3457 Schytaryo‚
636 3384 705 3442 aliis
728 3386 916 3461 absentibus,
939 3390 1034 3445 homo
1056 3392 1169 3458 noster,
1192 3384 1232 3443 ad
1255 3383 1349 3442 facies
1373 3384 1544 3458 prescripte

291 3492 493 3566 possessionis
509 3491 733 3551 Chernomercz
750 3502 970 3569 consequenter
986 3494 1199 3569 predictarum
1222 3497 1357 3566 quatuor
1379 3492 1548 3549 sessionum

287 3598 531 3674 J'obagionalium
565 3599 642 3655 inihi
673 3600 859 3672 habitarum,
883 3601 991 3660 vicinis
1014 3606 1044 3658 et
1067 3599 1287 3658 commetaneis
1310 3598 1374 3656 suis
1398 3597 1548 3656 universis

292 3705 443 3777 legittime
473 3705 649 3761 convocatis
681 3712 710 3762 et
742 3708 936 3778 presentibus
967 3707 1155 3778 accedentes,
1178 3704 1355 3764 introducat
1378 3703 1546 3763 discretum

289 3810 472 3868 Michaelem
496 3810 666 3882 plebanum
692 3804 785 3887 (dicte
801 3814 929 3871 ecclesie
942 3812 1030 3871 beate
1048 3805 1255 3889 Margarethe)
1270 3810 1412 3885 virginis,
1428 3811 1550 3869 nomine

288 3917 367 3974 dicte
393 3916 513 3988 capelle
537 3917 568 3973 in
591 3916 763 3975 dominium
796 3920 985 3990 earumdem,
1008 3925 1184 3993 statuatque
1207 3917 1333 3976 easdem
1357 3917 1461 3976 eidem
1483 3932 1550 3992 pre·

285 4023 379 4080 missu
402 4021 478 4097 juris
501 4023 592 4080 titulo
615 4023 675 4080 sibi
687 4025 893 4097 incumbente,
917 4032 1068 4100 perpetuo
1090 4024 1300 4101 possidendas,
1318 4026 1345 4082 si
1366 4039 1430 4083 non
1453 4023 1545 4082 fuerit

285 4127 516 4186 contradictum.
542 4128 791 4188 Contradictores
815 4147 897 4203 vero,
922 4131 1017 4205 siqui
1042 4131 1166 4204 fuerint,
1181 4136 1291 4190 evocet
1304 4130 1434 4189 eosdem
1446 4135 1548 4190 contra

286 4242 467 4292 annotatum
498 4235 680 4292 Michaelem
713 4238 884 4310 plebanum
918 4237 955 4294 ad
981 4239 1150 4296 terminum
1173 4244 1404 4312 competentem
1428 4238 1459 4295 in
1483 4252 1548 4312 pre·

286 4342 421 4398 senciam
451 4341 523 4398 bani
552 4343 649 4399 nostri
672 4343 712 4399 ad
742 4345 910 4402 terminum
933 4350 1170 4418 competentem,
1195 4344 1353 4402 racionem
1378 4342 1545 4402 contradic·

287 4447 382 4504 cionis
420 4462 528 4503 eurum
562 4448 755 4520 reddituros;
787 4457 911 4524 etpost
940 4451 996 4508 hec
1032 4448 1211 4507 huiusmodi
1243 4448 1487 4509 introduccionis
1520 4455 1548 4506 et

285 4552 463 4611 statucionis
486 4554 598 4611 seriem
623 4570 693 4611 cum
725 4557 986 4614 contradictorum
1010 4561 1040 4614 et
1063 4562 1272 4628 evocatorum,
1296 4557 1400 4631 siqui
1426 4557 1547 4627 fuerint,

284 4659 520 4733 vicinorumque
545 4666 575 4717 et
598 4669 892 4735 commetaneorum,
909 4664 962 4736 qui
987 4664 1138 4737 premisse
1161 4664 1327 4722 statucioni
1350 4664 1545 4724 interfuerint

282 4766 470 4837 nominibus,
502 4767 697 4840 terminoque
726 4769 899 4849 assignato,
923 4769 1024 4827 eidem
1048 4771 1131 4827 bano
1153 4774 1260 4827 nostro
1283 4784 1341 4828 suo
1375 4770 1473 4829 modo
1503 4785 1548 4829 re·

282 4871 431 4929 scribatis.
459 4873 574 4930 Datum
598 4874 629 4930 in
653 4874 771 4948 oppido
802 4875 979 4934 Werewcze
1003 4875 1080 4934 feria
1104 4876 1212 4949 quinta
1242 4877 1389 4951 proxima
1412 4883 1483 4937 ante
1505 4876 1547 4936 ie·
