<?xml version="1.0" encoding="UTF-8"?>
<!DOCTYPE html PUBLIC "-//W3C//DTD XHTML 1.0 Transitional//EN"
    "http://www.w3.org/TR/xhtml1/DTD/xhtml1-transitional.dtd">
<html xmlns="http://www.w3.org/1999/xhtml" xml:lang="en" lang="en">
 <head>
  <title>
</title>
<meta http-equiv="Content-Type" content="text/html;charset=utf-8" />
  <meta name='ocr-system' content='tesseract 3.04.00' />
  <meta name='ocr-capabilities' content='ocr_page ocr_carea ocr_par ocr_line ocrx_word'/>
</head>
<body>
  <div class='ocr_page' id='page_1' title='image "./monumentahistor01laszgoog_0595.png"; bbox 0 0 3278 5348; ppageno 0'>
   <div class='ocr_carea' id='block_1_1' title="bbox 601 453 1449 538">
    <p class='ocr_par' dir='ltr' id='par_1_1' title="bbox 601 453 1449 538">
     <span class='ocr_line' id='line_1_1' title="bbox 601 453 1449 538; baseline 0.001 -23"><span class='ocrx_word' id='word_1_1' title='bbox 601 457 673 517; x_wconf 85' lang='lat' dir='ltr'>Doc.</span> <span class='ocrx_word' id='word_1_2' title='bbox 695 453 769 535; x_wconf 78' lang='lat'><em>264.</em></span> <span class='ocrx_word' id='word_1_3' title='bbox 796 492 835 500; x_wconf 94' lang='lat'>-</span> <span class='ocrx_word' id='word_1_4' title='bbox 861 458 916 516; x_wconf 86' lang='lat' dir='ltr'>An.</span> <span class='ocrx_word' id='word_1_5' title='bbox 942 455 1033 536; x_wconf 80' lang='lat'><em>1469.</em></span> <span class='ocrx_word' id='word_1_6' title='bbox 1388 479 1449 538; x_wconf 80' lang='lat'>327</span> 
     </span>
    </p>
   </div>
   <div class='ocr_carea' id='block_1_2' title="bbox 186 559 1447 576">
    <p class='ocr_par' dir='ltr' id='par_1_2' title="bbox 186 559 1447 576">
     <span class='ocr_line' id='line_1_2' title="bbox 186 559 1447 576; baseline 0.006 -10"><span class='ocrx_word' id='word_1_7' title='bbox 186 559 381 567; x_wconf 67' lang='grc' dir='ltr'>α--...-..-</span> <span class='ocrx_word' id='word_1_8' title='bbox 393 562 438 567; x_wconf 74' lang='grc'>..--</span> <span class='ocrx_word' id='word_1_9' title='bbox 473 561 533 567; x_wconf 77' lang='grc'>--.</span> <span class='ocrx_word' id='word_1_10' title='bbox 601 561 687 567; x_wconf 78' lang='lat'><strong>---—-</strong></span> <span class='ocrx_word' id='word_1_11' title='bbox 699 562 702 567; x_wconf 86' lang='lat'>-</span> <span class='ocrx_word' id='word_1_12' title='bbox 715 562 762 568; x_wconf 76' lang='lat'>——-</span> <span class='ocrx_word' id='word_1_13' title='bbox 795 563 828 568; x_wconf 81' lang='lat'><em>-</em></span> <span class='ocrx_word' id='word_1_14' title='bbox 843 562 1447 576; x_wconf 71' lang='lat'><em>-—-—————-—-—--——·--—-——-</em></span> 
     </span>
    </p>
   </div>
   <div class='ocr_carea' id='block_1_3' title="bbox 182 672 1454 4354">
    <p class='ocr_par' dir='ltr' id='par_1_3' title="bbox 182 672 1454 4354">
     <span class='ocr_line' id='line_1_3' title="bbox 184 672 1451 752; baseline 0.006 -24"><span class='ocrx_word' id='word_1_15' title='bbox 184 672 269 729; x_wconf 91' lang='lat' dir='ltr'>tibus</span> <span class='ocrx_word' id='word_1_16' title='bbox 292 673 455 746; x_wconf 88' lang='lat' dir='ltr'>apreciatis</span> <span class='ocrx_word' id='word_1_17' title='bbox 479 679 508 730; x_wconf 94' lang='lat' dir='ltr'>et</span> <span class='ocrx_word' id='word_1_18' title='bbox 532 673 570 730; x_wconf 91' lang='lat' dir='ltr'>ad</span> <span class='ocrx_word' id='word_1_19' title='bbox 594 674 696 747; x_wconf 85' lang='lat' dir='ltr'>ipsam</span> <span class='ocrx_word' id='word_1_20' title='bbox 727 674 885 733; x_wconf 87' lang='lat' dir='ltr'>civitatem</span> <span class='ocrx_word' id='word_1_21' title='bbox 909 674 1098 734; x_wconf 85' lang='lat' dir='ltr'>adducendis</span> <span class='ocrx_word' id='word_1_22' title='bbox 1122 677 1330 750; x_wconf 87' lang='lat' dir='ltr'>suspicionem</span> <span class='ocrx_word' id='word_1_23' title='bbox 1356 693 1451 752; x_wconf 89' lang='lat' dir='ltr'>super</span> 
     </span>
     <span class='ocr_line' id='line_1_4' title="bbox 184 778 1448 857; baseline 0.006 -23"><span class='ocrx_word' id='word_1_24' title='bbox 184 792 222 835; x_wconf 89' lang='lat' dir='ltr'>eo</span> <span class='ocrx_word' id='word_1_25' title='bbox 245 778 395 836; x_wconf 89' lang='lat' dir='ltr'>haherent</span> <span class='ocrx_word' id='word_1_26' title='bbox 418 780 467 836; x_wconf 89' lang='lat' dir='ltr'>vel</span> <span class='ocrx_word' id='word_1_27' title='bbox 501 780 638 851; x_wconf 90' lang='lat' dir='ltr'>haberet,</span> <span class='ocrx_word' id='word_1_28' title='bbox 670 779 752 852; x_wconf 91' lang='lat' dir='ltr'>quod</span> <span class='ocrx_word' id='word_1_29' title='bbox 785 796 841 839; x_wconf 93' lang='lat' dir='ltr'>nos</span> <span class='ocrx_word' id='word_1_30' title='bbox 864 780 1003 854; x_wconf 88' lang='lat' dir='ltr'>aliquem</span> <span class='ocrx_word' id='word_1_31' title='bbox 1027 783 1079 840; x_wconf 87' lang='lat' dir='ltr'>vel</span> <span class='ocrx_word' id='word_1_32' title='bbox 1102 783 1225 857; x_wconf 90' lang='lat' dir='ltr'>aliquos</span> <span class='ocrx_word' id='word_1_33' title='bbox 1248 784 1281 841; x_wconf 93' lang='lat' dir='ltr'>in</span> <span class='ocrx_word' id='word_1_34' title='bbox 1304 782 1448 842; x_wconf 82' lang='lat' dir='ltr'>fraudem</span> 
     </span>
     <span class='ocr_line' id='line_1_5' title="bbox 183 883 1450 959; baseline 0.005 -19"><span class='ocrx_word' id='word_1_35' title='bbox 183 883 363 942; x_wconf 90' lang='lat' dir='ltr'>huiusmodi</span> <span class='ocrx_word' id='word_1_36' title='bbox 388 886 529 959; x_wconf 86' lang='lat' dir='ltr'>ipsorum</span> <span class='ocrx_word' id='word_1_37' title='bbox 553 887 671 956; x_wconf 91' lang='lat' dir='ltr'>tributi,</span> <span class='ocrx_word' id='word_1_38' title='bbox 693 893 799 945; x_wconf 90' lang='lat' dir='ltr'>nostra</span> <span class='ocrx_word' id='word_1_39' title='bbox 822 887 903 945; x_wconf 86' lang='lat' dir='ltr'>bona</span> <span class='ocrx_word' id='word_1_40' title='bbox 927 895 979 945; x_wconf 93' lang='lat' dir='ltr'>aut</span> <span class='ocrx_word' id='word_1_41' title='bbox 1003 889 1130 946; x_wconf 89' lang='lat' dir='ltr'>alterius</span> <span class='ocrx_word' id='word_1_42' title='bbox 1154 889 1252 946; x_wconf 84' lang='lat' dir='ltr'>nostri</span> <span class='ocrx_word' id='word_1_43' title='bbox 1275 889 1450 958; x_wconf 89' lang='lat' dir='ltr'>asserendo,</span> 
     </span>
     <span class='ocr_line' id='line_1_6' title="bbox 182 988 1448 1069; baseline 0.006 -23"><span class='ocrx_word' id='word_1_44' title='bbox 182 988 331 1047; x_wconf 90' lang='lat' dir='ltr'>libertare</span> <span class='ocrx_word' id='word_1_45' title='bbox 360 991 561 1064; x_wconf 88' lang='lat' dir='ltr'>voluerimus,</span> <span class='ocrx_word' id='word_1_46' title='bbox 585 999 697 1050; x_wconf 86' lang='lat' dir='ltr'>extunc</span> <span class='ocrx_word' id='word_1_47' title='bbox 720 1007 775 1050; x_wconf 90' lang='lat' dir='ltr'>nos</span> <span class='ocrx_word' id='word_1_48' title='bbox 798 1003 851 1051; x_wconf 88' lang='lat' dir='ltr'>aut</span> <span class='ocrx_word' id='word_1_49' title='bbox 874 995 953 1051; x_wconf 91' lang='lat' dir='ltr'>alter</span> <span class='ocrx_word' id='word_1_50' title='bbox 976 1002 1125 1057; x_wconf 85' lang='lat' dir='ltr'>nostrum.</span> <span class='ocrx_word' id='word_1_51' title='bbox 1149 992 1324 1069; x_wconf 81' lang='lat' dir='ltr'>juramento</span> <span class='ocrx_word' id='word_1_52' title='bbox 1349 994 1448 1053; x_wconf 89' lang='lat' dir='ltr'>medi·</span> 
     </span>
     <span class='ocr_line' id='line_1_7' title="bbox 184 1096 1451 1174; baseline 0.006 -23"><span class='ocrx_word' id='word_1_53' title='bbox 184 1102 256 1152; x_wconf 92' lang='lat' dir='ltr'>ante</span> <span class='ocrx_word' id='word_1_54' title='bbox 279 1096 319 1153; x_wconf 89' lang='lat' dir='ltr'>ad</span> <span class='ocrx_word' id='word_1_55' title='bbox 351 1112 441 1153; x_wconf 91' lang='lat' dir='ltr'>suam</span> <span class='ocrx_word' id='word_1_56' title='bbox 474 1097 525 1154; x_wconf 84' lang='lat' dir='ltr'>vel</span> <span class='ocrx_word' id='word_1_57' title='bbox 548 1112 659 1156; x_wconf 90' lang='lat' dir='ltr'>eorum</span> <span class='ocrx_word' id='word_1_58' title='bbox 682 1099 944 1170; x_wconf 84' lang='lat' dir='ltr'>expurgacionem</span> <span class='ocrx_word' id='word_1_59' title='bbox 968 1116 1001 1157; x_wconf 93' lang='lat' dir='ltr'>se</span> <span class='ocrx_word' id='word_1_60' title='bbox 1022 1116 1196 1174; x_wconf 85' lang='lat' dir='ltr'>expurgare</span> <span class='ocrx_word' id='word_1_61' title='bbox 1220 1115 1326 1158; x_wconf 90' lang='lat' dir='ltr'>coram</span> <span class='ocrx_word' id='word_1_62' title='bbox 1350 1101 1451 1158; x_wconf 89' lang='lat' dir='ltr'>tribu·</span> 
     </span>
     <span class='ocr_line' id='line_1_8' title="bbox 184 1200 1450 1279; baseline 0.005 -22"><span class='ocrx_word' id='word_1_63' title='bbox 184 1200 264 1257; x_wconf 89' lang='lat' dir='ltr'>tario</span> <span class='ocrx_word' id='word_1_64' title='bbox 282 1216 391 1259; x_wconf 93' lang='lat' dir='ltr'>eorum</span> <span class='ocrx_word' id='word_1_65' title='bbox 415 1205 601 1261; x_wconf 89' lang='lat' dir='ltr'>tenebuntur</span> <span class='ocrx_word' id='word_1_66' title='bbox 625 1211 655 1261; x_wconf 93' lang='lat' dir='ltr'>et</span> <span class='ocrx_word' id='word_1_67' title='bbox 678 1205 840 1262; x_wconf 83' lang='lat' dir='ltr'>tenebitur.</span> <span class='ocrx_word' id='word_1_68' title='bbox 865 1205 951 1271; x_wconf 89' lang='lat' dir='ltr'>Item,</span> <span class='ocrx_word' id='word_1_69' title='bbox 976 1205 1057 1278; x_wconf 93' lang='lat' dir='ltr'>quod</span> <span class='ocrx_word' id='word_1_70' title='bbox 1083 1207 1143 1279; x_wconf 91' lang='lat' dir='ltr'>ipsi</span> <span class='ocrx_word' id='word_1_71' title='bbox 1167 1206 1284 1264; x_wconf 90' lang='lat' dir='ltr'>domini</span> <span class='ocrx_word' id='word_1_72' title='bbox 1310 1205 1348 1263; x_wconf 94' lang='lat' dir='ltr'>de</span> <span class='ocrx_word' id='word_1_73' title='bbox 1366 1205 1450 1263; x_wconf 94' lang='lat' dir='ltr'>dicto</span> 
     </span>
     <span class='ocr_line' id='line_1_9' title="bbox 184 1307 1450 1384; baseline 0.005 -22"><span class='ocrx_word' id='word_1_74' title='bbox 184 1307 322 1380; x_wconf 89' lang='lat' dir='ltr'>capitulo</span> <span class='ocrx_word' id='word_1_75' title='bbox 345 1316 397 1366; x_wconf 88' lang='lat' dir='ltr'>aut</span> <span class='ocrx_word' id='word_1_76' title='bbox 421 1308 623 1367; x_wconf 85' lang='lat' dir='ltr'>decimatores</span> <span class='ocrx_word' id='word_1_77' title='bbox 646 1325 755 1368; x_wconf 91' lang='lat' dir='ltr'>eorum</span> <span class='ocrx_word' id='word_1_78' title='bbox 779 1316 921 1384; x_wconf 90' lang='lat' dir='ltr'>tempore</span> <span class='ocrx_word' id='word_1_79' title='bbox 945 1311 1095 1371; x_wconf 88' lang='lat' dir='ltr'>vindemii</span> <span class='ocrx_word' id='word_1_80' title='bbox 1116 1313 1148 1370; x_wconf 91' lang='lat' dir='ltr'>in</span> <span class='ocrx_word' id='word_1_81' title='bbox 1172 1312 1300 1370; x_wconf 88' lang='lat' dir='ltr'>konchis</span> <span class='ocrx_word' id='word_1_82' title='bbox 1316 1319 1345 1370; x_wconf 89' lang='lat' dir='ltr'>et</span> <span class='ocrx_word' id='word_1_83' title='bbox 1373 1311 1450 1370; x_wconf 90' lang='lat' dir='ltr'>locis</span> 
     </span>
     <span class='ocr_line' id='line_1_10' title="bbox 183 1413 1449 1491; baseline 0.004 -22"><span class='ocrx_word' id='word_1_84' title='bbox 183 1413 215 1469; x_wconf 93' lang='lat' dir='ltr'>in</span> <span class='ocrx_word' id='word_1_85' title='bbox 239 1414 396 1471; x_wconf 89' lang='lat' dir='ltr'>territorio</span> <span class='ocrx_word' id='word_1_86' title='bbox 428 1416 525 1488; x_wconf 87' lang='lat' dir='ltr'>ipsius</span> <span class='ocrx_word' id='word_1_87' title='bbox 557 1416 691 1473; x_wconf 91' lang='lat' dir='ltr'>civitatis</span> <span class='ocrx_word' id='word_1_88' title='bbox 713 1423 817 1474; x_wconf 91' lang='lat' dir='ltr'>nostre</span> <span class='ocrx_word' id='word_1_89' title='bbox 841 1416 977 1474; x_wconf 88' lang='lat' dir='ltr'>decimas</span> <span class='ocrx_word' id='word_1_90' title='bbox 1001 1419 1065 1475; x_wconf 89' lang='lat' dir='ltr'>vini</span> <span class='ocrx_word' id='word_1_91' title='bbox 1088 1433 1141 1475; x_wconf 91' lang='lat' dir='ltr'>seu</span> <span class='ocrx_word' id='word_1_92' title='bbox 1166 1420 1259 1476; x_wconf 91' lang='lat' dir='ltr'>musti</span> <span class='ocrx_word' id='word_1_93' title='bbox 1282 1418 1449 1491; x_wconf 80' lang='lat' dir='ltr'>exigentes,</span> 
     </span>
     <span class='ocr_line' id='line_1_11' title="bbox 183 1517 1450 1596; baseline 0.006 -23"><span class='ocrx_word' id='word_1_94' title='bbox 183 1517 306 1577; x_wconf 90' lang='lat' dir='ltr'>dumet</span> <span class='ocrx_word' id='word_1_95' title='bbox 322 1520 524 1593; x_wconf 86' lang='lat' dir='ltr'>quoadusque</span> <span class='ocrx_word' id='word_1_96' title='bbox 547 1523 576 1579; x_wconf 92' lang='lat' dir='ltr'>in</span> <span class='ocrx_word' id='word_1_97' title='bbox 600 1522 676 1596; x_wconf 90' lang='lat' dir='ltr'>ipsis</span> <span class='ocrx_word' id='word_1_98' title='bbox 699 1521 827 1580; x_wconf 90' lang='lat' dir='ltr'>decimis</span> <span class='ocrx_word' id='word_1_99' title='bbox 850 1533 879 1580; x_wconf 87' lang='lat' dir='ltr'>et</span> <span class='ocrx_word' id='word_1_100' title='bbox 902 1522 1030 1581; x_wconf 89' lang='lat' dir='ltr'>konchis</span> <span class='ocrx_word' id='word_1_101' title='bbox 1056 1526 1087 1581; x_wconf 93' lang='lat' dir='ltr'>in</span> <span class='ocrx_word' id='word_1_102' title='bbox 1110 1523 1268 1596; x_wconf 82' lang='lat' dir='ltr'>exigendis</span> <span class='ocrx_word' id='word_1_103' title='bbox 1292 1525 1373 1583; x_wconf 87' lang='lat' dir='ltr'>vinis</span> <span class='ocrx_word' id='word_1_104' title='bbox 1395 1539 1450 1581; x_wconf 91' lang='lat' dir='ltr'>seu</span> 
     </span>
     <span class='ocr_line' id='line_1_12' title="bbox 184 1624 1451 1698; baseline 0.005 -18"><span class='ocrx_word' id='word_1_105' title='bbox 184 1624 295 1681; x_wconf 90' lang='lat' dir='ltr'>mustis</span> <span class='ocrx_word' id='word_1_106' title='bbox 319 1628 594 1698; x_wconf 85' lang='lat' dir='ltr'>perseveraverint,</span> <span class='ocrx_word' id='word_1_107' title='bbox 610 1632 674 1684; x_wconf 89' lang='lat' dir='ltr'>tarn</span> <span class='ocrx_word' id='word_1_108' title='bbox 698 1642 753 1684; x_wconf 93' lang='lat' dir='ltr'>nos</span> <span class='ocrx_word' id='word_1_109' title='bbox 769 1627 916 1686; x_wconf 85' lang='lat' dir='ltr'>videlicet</span> <span class='ocrx_word' id='word_1_110' title='bbox 938 1629 1021 1686; x_wconf 87' lang='lat' dir='ltr'>cives</span> <span class='ocrx_word' id='word_1_111' title='bbox 1044 1644 1081 1685; x_wconf 88' lang='lat' dir='ltr'>ac</span> <span class='ocrx_word' id='word_1_112' title='bbox 1104 1631 1203 1687; x_wconf 90' lang='lat' dir='ltr'>eciam</span> <span class='ocrx_word' id='word_1_113' title='bbox 1227 1628 1451 1687; x_wconf 83' lang='lat' dir='ltr'>inhabitatores</span> 
     </span>
     <span class='ocr_line' id='line_1_13' title="bbox 185 1730 1448 1806; baseline 0.004 -19"><span class='ocrx_word' id='word_1_114' title='bbox 185 1739 215 1787; x_wconf 91' lang='lat' dir='ltr'>et</span> <span class='ocrx_word' id='word_1_115' title='bbox 244 1730 363 1789; x_wconf 90' lang='lat' dir='ltr'>incolas</span> <span class='ocrx_word' id='word_1_116' title='bbox 394 1732 475 1790; x_wconf 90' lang='lat' dir='ltr'>dicte</span> <span class='ocrx_word' id='word_1_117' title='bbox 505 1734 639 1791; x_wconf 88' lang='lat' dir='ltr'>civitatis</span> <span class='ocrx_word' id='word_1_118' title='bbox 670 1740 815 1806; x_wconf 87' lang='lat' dir='ltr'>pretextu</span> <span class='ocrx_word' id='word_1_119' title='bbox 850 1734 1013 1791; x_wconf 83' lang='lat' dir='ltr'>dumtaxat</span> <span class='ocrx_word' id='word_1_120' title='bbox 1043 1733 1222 1792; x_wconf 92' lang='lat' dir='ltr'>debitorum</span> <span class='ocrx_word' id='word_1_121' title='bbox 1246 1735 1310 1793; x_wconf 87' lang='lat' dir='ltr'>vini</span> <span class='ocrx_word' id='word_1_122' title='bbox 1334 1741 1363 1793; x_wconf 90' lang='lat' dir='ltr'>et</span> <span class='ocrx_word' id='word_1_123' title='bbox 1386 1750 1448 1792; x_wconf 93' lang='lat' dir='ltr'>non</span> 
     </span>
     <span class='ocr_line' id='line_1_14' title="bbox 184 1837 1451 1911; baseline 0.003 -17"><span class='ocrx_word' id='word_1_124' title='bbox 184 1837 319 1895; x_wconf 88' lang='lat' dir='ltr'>aliarum</span> <span class='ocrx_word' id='word_1_125' title='bbox 349 1854 462 1909; x_wconf 91' lang='lat' dir='ltr'>rerum,</span> <span class='ocrx_word' id='word_1_126' title='bbox 495 1854 588 1911; x_wconf 93' lang='lat' dir='ltr'>quam</span> <span class='ocrx_word' id='word_1_127' title='bbox 610 1839 709 1896; x_wconf 90' lang='lat' dir='ltr'>eciam</span> <span class='ocrx_word' id='word_1_128' title='bbox 742 1840 883 1897; x_wconf 90' lang='lat' dir='ltr'>homines</span> <span class='ocrx_word' id='word_1_129' title='bbox 907 1839 1044 1898; x_wconf 84' lang='lat' dir='ltr'>forenses</span> <span class='ocrx_word' id='word_1_130' title='bbox 1067 1856 1119 1897; x_wconf 95' lang='lat' dir='ltr'>seu</span> <span class='ocrx_word' id='word_1_131' title='bbox 1143 1846 1305 1898; x_wconf 89' lang='lat' dir='ltr'>extraneos</span> <span class='ocrx_word' id='word_1_132' title='bbox 1328 1842 1451 1898; x_wconf 89' lang='lat' dir='ltr'>racione</span> 
     </span>
     <span class='ocr_line' id='line_1_15' title="bbox 185 1941 1451 2021; baseline 0.002 -20"><span class='ocrx_word' id='word_1_133' title='bbox 185 1959 457 2017; x_wconf 89' lang='lat' dir='ltr'>quorumcumque</span> <span class='ocrx_word' id='word_1_134' title='bbox 500 1944 677 2003; x_wconf 89' lang='lat' dir='ltr'>debitorum</span> <span class='ocrx_word' id='word_1_135' title='bbox 713 1953 869 2015; x_wconf 90' lang='lat' dir='ltr'>arestare‚</span> <span class='ocrx_word' id='word_1_136' title='bbox 903 1941 1062 2020; x_wconf 77' lang='lat' dir='ltr'>judicare,</span> <span class='ocrx_word' id='word_1_137' title='bbox 1097 1946 1301 2020; x_wconf 91' lang='lat' dir='ltr'>ipsorumque</span> <span class='ocrx_word' id='word_1_138' title='bbox 1335 1944 1451 2021; x_wconf 90' lang='lat' dir='ltr'>judicio</span> 
     </span>
     <span class='ocr_line' id='line_1_16' title="bbox 184 2050 1450 2124; baseline 0.002 -18"><span class='ocrx_word' id='word_1_139' title='bbox 184 2050 383 2108; x_wconf 83' lang='lat' dir='ltr'>astarifacere</span> <span class='ocrx_word' id='word_1_140' title='bbox 414 2059 559 2124; x_wconf 89' lang='lat' dir='ltr'>poterunt</span> <span class='ocrx_word' id='word_1_141' title='bbox 583 2060 611 2108; x_wconf 91' lang='lat' dir='ltr'>et</span> <span class='ocrx_word' id='word_1_142' title='bbox 637 2052 794 2109; x_wconf 91' lang='lat' dir='ltr'>valebunt.</span> <span class='ocrx_word' id='word_1_143' title='bbox 820 2051 987 2109; x_wconf 76' lang='lat' dir='ltr'>Universos</span> <span class='ocrx_word' id='word_1_144' title='bbox 1011 2065 1136 2124; x_wconf 89' lang='lat' dir='ltr'>quoque</span> <span class='ocrx_word' id='word_1_145' title='bbox 1160 2053 1279 2110; x_wconf 87' lang='lat' dir='ltr'>litteras</span> <span class='ocrx_word' id='word_1_146' title='bbox 1302 2052 1450 2122; x_wconf 85' lang='lat' dir='ltr'>causales,</span> 
     </span>
     <span class='ocr_line' id='line_1_17' title="bbox 183 2157 1451 2230; baseline -0.001 -16"><span class='ocrx_word' id='word_1_147' title='bbox 183 2157 402 2230; x_wconf 88' lang='lat' dir='ltr'>inquisitorias,</span> <span class='ocrx_word' id='word_1_148' title='bbox 426 2158 667 2230; x_wconf 83' lang='lat' dir='ltr'>protestatorias,</span> <span class='ocrx_word' id='word_1_149' title='bbox 689 2157 897 2224; x_wconf 88' lang='lat' dir='ltr'>inhibitorias‚</span> <span class='ocrx_word' id='word_1_150' title='bbox 920 2157 1123 2226; x_wconf 84' lang='lat' dir='ltr'>evocatorias,</span> <span class='ocrx_word' id='word_1_151' title='bbox 1147 2157 1372 2226; x_wconf 66' lang='lat' dir='ltr'>insinuaturus,</span> <span class='ocrx_word' id='word_1_152' title='bbox 1395 2157 1451 2214; x_wconf 92' lang='lat' dir='ltr'>ob·</span> 
     </span>
     <span class='ocr_line' id='line_1_18' title="bbox 184 2261 1451 2338; baseline 0 -19"><span class='ocrx_word' id='word_1_153' title='bbox 184 2264 352 2335; x_wconf 74' lang='lat' dir='ltr'>ligatorias</span> <span class='ocrx_word' id='word_1_154' title='bbox 384 2263 626 2334; x_wconf 88' lang='lat' dir='ltr'>ammonitorias,</span> <span class='ocrx_word' id='word_1_155' title='bbox 649 2261 819 2338; x_wconf 82' lang='lat' dir='ltr'>judiciales,</span> <span class='ocrx_word' id='word_1_156' title='bbox 843 2263 1079 2320; x_wconf 88' lang='lat' dir='ltr'>obmissionales</span> <span class='ocrx_word' id='word_1_157' title='bbox 1103 2269 1133 2321; x_wconf 93' lang='lat' dir='ltr'>et</span> <span class='ocrx_word' id='word_1_158' title='bbox 1156 2262 1399 2322; x_wconf 85' lang='lat' dir='ltr'>sentencionales</span> <span class='ocrx_word' id='word_1_159' title='bbox 1421 2271 1451 2319; x_wconf 92' lang='lat' dir='ltr'>et</span> 
     </span>
     <span class='ocr_line' id='line_1_19' title="bbox 183 2367 1452 2443; baseline 0 -18"><span class='ocrx_word' id='word_1_160' title='bbox 183 2368 262 2427; x_wconf 89' lang='lat' dir='ltr'>alias</span> <span class='ocrx_word' id='word_1_161' title='bbox 285 2370 441 2443; x_wconf 90' lang='lat' dir='ltr'>quaslibet</span> <span class='ocrx_word' id='word_1_162' title='bbox 468 2384 525 2442; x_wconf 93' lang='lat' dir='ltr'>pro</span> <span class='ocrx_word' id='word_1_163' title='bbox 542 2377 630 2442; x_wconf 89' lang='lat' dir='ltr'>parte</span> <span class='ocrx_word' id='word_1_164' title='bbox 645 2377 750 2426; x_wconf 90' lang='lat' dir='ltr'>nostra</span> <span class='ocrx_word' id='word_1_165' title='bbox 767 2376 872 2427; x_wconf 89' lang='lat' dir='ltr'>contra</span> <span class='ocrx_word' id='word_1_166' title='bbox 896 2370 981 2443; x_wconf 89' lang='lat' dir='ltr'>ipsos</span> <span class='ocrx_word' id='word_1_167' title='bbox 997 2367 1139 2429; x_wconf 88' lang='lat' dir='ltr'>dominos</span> <span class='ocrx_word' id='word_1_168' title='bbox 1155 2368 1193 2426; x_wconf 94' lang='lat' dir='ltr'>de</span> <span class='ocrx_word' id='word_1_169' title='bbox 1217 2369 1298 2427; x_wconf 89' lang='lat' dir='ltr'>dicto</span> <span class='ocrx_word' id='word_1_170' title='bbox 1315 2369 1452 2442; x_wconf 91' lang='lat' dir='ltr'>capitulo</span> 
     </span>
     <span class='ocr_line' id='line_1_20' title="bbox 184 2473 1452 2548; baseline -0.001 -17"><span class='ocrx_word' id='word_1_171' title='bbox 184 2476 377 2547; x_wconf 90' lang='lat' dir='ltr'>zagrabiensi</span> <span class='ocrx_word' id='word_1_172' title='bbox 411 2475 469 2532; x_wconf 94' lang='lat' dir='ltr'>sub</span> <span class='ocrx_word' id='word_1_173' title='bbox 501 2490 698 2548; x_wconf 90' lang='lat' dir='ltr'>quacumque</span> <span class='ocrx_word' id='word_1_174' title='bbox 729 2475 830 2531; x_wconf 84' lang='lat' dir='ltr'>forma</span> <span class='ocrx_word' id='word_1_175' title='bbox 862 2476 1032 2531; x_wconf 88' lang='lat' dir='ltr'>verborum</span> <span class='ocrx_word' id='word_1_176' title='bbox 1064 2473 1218 2532; x_wconf 88' lang='lat' dir='ltr'>coniectas</span> <span class='ocrx_word' id='word_1_177' title='bbox 1241 2482 1272 2532; x_wconf 88' lang='lat' dir='ltr'>et</span> <span class='ocrx_word' id='word_1_178' title='bbox 1294 2480 1452 2532; x_wconf 88' lang='lat' dir='ltr'>emanatas</span> 
     </span>
     <span class='ocr_line' id='line_1_21' title="bbox 183 2579 1451 2655; baseline -0.002 -16"><span class='ocrx_word' id='word_1_179' title='bbox 183 2597 239 2638; x_wconf 91' lang='lat' dir='ltr'>seu</span> <span class='ocrx_word' id='word_1_180' title='bbox 262 2582 372 2639; x_wconf 90' lang='lat' dir='ltr'>confici</span> <span class='ocrx_word' id='word_1_181' title='bbox 396 2591 425 2639; x_wconf 91' lang='lat' dir='ltr'>et</span> <span class='ocrx_word' id='word_1_182' title='bbox 449 2583 586 2639; x_wconf 92' lang='lat' dir='ltr'>emanari</span> <span class='ocrx_word' id='word_1_183' title='bbox 610 2590 801 2655; x_wconf 90' lang='lat' dir='ltr'>procuratas,</span> <span class='ocrx_word' id='word_1_184' title='bbox 825 2580 969 2653; x_wconf 88' lang='lat' dir='ltr'>demptis,</span> <span class='ocrx_word' id='word_1_185' title='bbox 993 2581 1037 2638; x_wconf 90' lang='lat' dir='ltr'>sic</span> <span class='ocrx_word' id='word_1_186' title='bbox 1060 2588 1093 2638; x_wconf 91' lang='lat' dir='ltr'>ut</span> <span class='ocrx_word' id='word_1_187' title='bbox 1118 2581 1316 2653; x_wconf 88' lang='lat' dir='ltr'>premittitur,</span> <span class='ocrx_word' id='word_1_188' title='bbox 1339 2579 1451 2638; x_wconf 90' lang='lat' dir='ltr'>litteris</span> 
     </span>
     <span class='ocr_line' id='line_1_22' title="bbox 183 2686 1449 2764; baseline -0.003 -17"><span class='ocrx_word' id='word_1_189' title='bbox 183 2689 298 2747; x_wconf 90' lang='lat' dir='ltr'>nostris</span> <span class='ocrx_word' id='word_1_190' title='bbox 321 2687 436 2747; x_wconf 86' lang='lat' dir='ltr'>iactum</span> <span class='ocrx_word' id='word_1_191' title='bbox 459 2687 575 2764; x_wconf 90' lang='lat' dir='ltr'>jurium</span> <span class='ocrx_word' id='word_1_192' title='bbox 592 2694 770 2745; x_wconf 90' lang='lat' dir='ltr'>nostrorum</span> <span class='ocrx_word' id='word_1_193' title='bbox 787 2687 1100 2761; x_wconf 89' lang='lat' dir='ltr'>possessionariorum</span> <span class='ocrx_word' id='word_1_194' title='bbox 1123 2686 1328 2758; x_wconf 83' lang='lat' dir='ltr'>tangentibus,</span> <span class='ocrx_word' id='word_1_195' title='bbox 1345 2700 1449 2756; x_wconf 87' lang='lat' dir='ltr'>vanas,</span> 
     </span>
     <span class='ocr_line' id='line_1_23' title="bbox 184 2792 1453 2866; baseline -0.002 -14"><span class='ocrx_word' id='word_1_196' title='bbox 184 2794 324 2866; x_wconf 86' lang='lat' dir='ltr'>frivolas,</span> <span class='ocrx_word' id='word_1_197' title='bbox 348 2803 496 2865; x_wconf 88' lang='lat' dir='ltr'>mortuas,</span> <span class='ocrx_word' id='word_1_198' title='bbox 519 2809 621 2852; x_wconf 88' lang='lat' dir='ltr'>cassas</span> <span class='ocrx_word' id='word_1_199' title='bbox 643 2801 674 2851; x_wconf 91' lang='lat' dir='ltr'>et</span> <span class='ocrx_word' id='word_1_200' title='bbox 697 2795 832 2862; x_wconf 90' lang='lat' dir='ltr'>innanes,</span> <span class='ocrx_word' id='word_1_201' title='bbox 858 2794 1041 2865; x_wconf 88' lang='lat' dir='ltr'>viribusque</span> <span class='ocrx_word' id='word_1_202' title='bbox 1062 2793 1211 2849; x_wconf 87' lang='lat' dir='ltr'>carituras</span> <span class='ocrx_word' id='word_1_203' title='bbox 1235 2794 1357 2865; x_wconf 90' lang='lat' dir='ltr'>penitus</span> <span class='ocrx_word' id='word_1_204' title='bbox 1379 2792 1453 2850; x_wconf 90' lang='lat' dir='ltr'>reli·</span> 
     </span>
     <span class='ocr_line' id='line_1_24' title="bbox 183 2897 1452 2975; baseline -0.002 -17"><span class='ocrx_word' id='word_1_205' title='bbox 183 2902 318 2975; x_wconf 86' lang='lat' dir='ltr'>quimus,</span> <span class='ocrx_word' id='word_1_206' title='bbox 351 2903 553 2975; x_wconf 87' lang='lat' dir='ltr'>ipsarumque</span> <span class='ocrx_word' id='word_1_207' title='bbox 583 2901 750 2959; x_wconf 89' lang='lat' dir='ltr'>exhibitori</span> <span class='ocrx_word' id='word_1_208' title='bbox 783 2901 863 2958; x_wconf 90' lang='lat' dir='ltr'>intra</span> <span class='ocrx_word' id='word_1_209' title='bbox 895 2907 923 2957; x_wconf 91' lang='lat' dir='ltr'>et</span> <span class='ocrx_word' id='word_1_210' title='bbox 947 2905 1034 2956; x_wconf 91' lang='lat' dir='ltr'>extra</span> <span class='ocrx_word' id='word_1_211' title='bbox 1056 2897 1206 2974; x_wconf 87' lang='lat' dir='ltr'>judicium</span> <span class='ocrx_word' id='word_1_212' title='bbox 1230 2900 1348 2971; x_wconf 89' lang='lat' dir='ltr'>ubique</span> <span class='ocrx_word' id='word_1_213' title='bbox 1369 2899 1452 2956; x_wconf 87' lang='lat' dir='ltr'>noci-</span> 
     </span>
     <span class='ocr_line' id='line_1_25' title="bbox 184 3005 1452 3079; baseline -0.002 -14"><span class='ocrx_word' id='word_1_214' title='bbox 184 3016 270 3065; x_wconf 89' lang='lat' dir='ltr'>turas</span> <span class='ocrx_word' id='word_1_215' title='bbox 293 3008 514 3066; x_wconf 83' lang='lat' dir='ltr'>commisimus.</span> <span class='ocrx_word' id='word_1_216' title='bbox 545 3005 647 3079; x_wconf 87' lang='lat' dir='ltr'>Super</span> <span class='ocrx_word' id='word_1_217' title='bbox 671 3007 785 3079; x_wconf 90' lang='lat' dir='ltr'>quibus</span> <span class='ocrx_word' id='word_1_218' title='bbox 817 3007 964 3063; x_wconf 89' lang='lat' dir='ltr'>omnibus</span> <span class='ocrx_word' id='word_1_219' title='bbox 997 3005 1165 3079; x_wconf 79' lang='lat' dir='ltr'>premissis,</span> <span class='ocrx_word' id='word_1_220' title='bbox 1190 3007 1332 3078; x_wconf 91' lang='lat' dir='ltr'>superius</span> <span class='ocrx_word' id='word_1_221' title='bbox 1355 3005 1452 3077; x_wconf 90' lang='lat' dir='ltr'>speci·</span> 
     </span>
     <span class='ocr_line' id='line_1_26' title="bbox 183 3109 1451 3183; baseline -0.003 -11"><span class='ocrx_word' id='word_1_222' title='bbox 183 3113 284 3172; x_wconf 90' lang='lat' dir='ltr'>ficatis</span> <span class='ocrx_word' id='word_1_223' title='bbox 307 3119 337 3171; x_wconf 93' lang='lat' dir='ltr'>et</span> <span class='ocrx_word' id='word_1_224' title='bbox 360 3113 534 3183; x_wconf 89' lang='lat' dir='ltr'>declaratis,</span> <span class='ocrx_word' id='word_1_225' title='bbox 565 3128 620 3171; x_wconf 91' lang='lat' dir='ltr'>nos</span> <span class='ocrx_word' id='word_1_226' title='bbox 652 3113 858 3170; x_wconf 89' lang='lat' dir='ltr'>communitas</span> <span class='ocrx_word' id='word_1_227' title='bbox 891 3111 973 3169; x_wconf 90' lang='lat' dir='ltr'>dicte</span> <span class='ocrx_word' id='word_1_228' title='bbox 997 3111 1129 3169; x_wconf 88' lang='lat' dir='ltr'>civitatis</span> <span class='ocrx_word' id='word_1_229' title='bbox 1153 3111 1267 3168; x_wconf 91' lang='lat' dir='ltr'>montis</span> <span class='ocrx_word' id='word_1_230' title='bbox 1290 3109 1451 3170; x_wconf 88' lang='lat' dir='ltr'>Grecensis</span> 
     </span>
     <span class='ocr_line' id='line_1_27' title="bbox 183 3217 1452 3294; baseline -0.002 -17"><span class='ocrx_word' id='word_1_231' title='bbox 183 3235 221 3277; x_wconf 90' lang='lat' dir='ltr'>ac</span> <span class='ocrx_word' id='word_1_232' title='bbox 250 3220 311 3294; x_wconf 77' lang='lat' dir='ltr'>ipsi</span> <span class='ocrx_word' id='word_1_233' title='bbox 342 3218 462 3277; x_wconf 91' lang='lat' dir='ltr'>domini</span> <span class='ocrx_word' id='word_1_234' title='bbox 492 3219 531 3277; x_wconf 92' lang='lat' dir='ltr'>de</span> <span class='ocrx_word' id='word_1_235' title='bbox 561 3218 644 3277; x_wconf 90' lang='lat' dir='ltr'>dicto</span> <span class='ocrx_word' id='word_1_236' title='bbox 675 3218 813 3293; x_wconf 92' lang='lat' dir='ltr'>capitulo</span> <span class='ocrx_word' id='word_1_237' title='bbox 844 3218 1037 3290; x_wconf 85' lang='lat' dir='ltr'>zagrabiensi</span> <span class='ocrx_word' id='word_1_238' title='bbox 1069 3217 1228 3289; x_wconf 86' lang='lat' dir='ltr'>premissis</span> <span class='ocrx_word' id='word_1_239' title='bbox 1260 3217 1396 3275; x_wconf 90' lang='lat' dir='ltr'>motibus</span> <span class='ocrx_word' id='word_1_240' title='bbox 1422 3222 1452 3274; x_wconf 88' lang='lat' dir='ltr'>et</span> 
     </span>
     <span class='ocr_line' id='line_1_28' title="bbox 183 3323 1450 3399; baseline -0.002 -15"><span class='ocrx_word' id='word_1_241' title='bbox 183 3326 386 3399; x_wconf 89' lang='lat' dir='ltr'>respectibus,</span> <span class='ocrx_word' id='word_1_242' title='bbox 417 3325 644 3397; x_wconf 91' lang='lat' dir='ltr'>unionibusque</span> <span class='ocrx_word' id='word_1_243' title='bbox 675 3324 757 3382; x_wconf 89' lang='lat' dir='ltr'>initis</span> <span class='ocrx_word' id='word_1_244' title='bbox 788 3329 819 3382; x_wconf 91' lang='lat' dir='ltr'>et</span> <span class='ocrx_word' id='word_1_245' title='bbox 851 3323 946 3393; x_wconf 85' lang='lat' dir='ltr'>iactis,</span> <span class='ocrx_word' id='word_1_246' title='bbox 979 3323 1157 3380; x_wconf 89' lang='lat' dir='ltr'>alternatim</span> <span class='ocrx_word' id='word_1_247' title='bbox 1180 3329 1210 3380; x_wconf 91' lang='lat' dir='ltr'>et</span> <span class='ocrx_word' id='word_1_248' title='bbox 1230 3331 1337 3381; x_wconf 92' lang='lat' dir='ltr'>mutua</span> <span class='ocrx_word' id='word_1_249' title='bbox 1360 3324 1450 3381; x_wconf 86' lang='lat' dir='ltr'>vicis·</span> 
     </span>
     <span class='ocr_line' id='line_1_29' title="bbox 183 3429 1453 3503; baseline -0.002 -14"><span class='ocrx_word' id='word_1_250' title='bbox 183 3431 318 3490; x_wconf 89' lang='lat' dir='ltr'>situdine</span> <span class='ocrx_word' id='word_1_251' title='bbox 340 3432 534 3490; x_wconf 89' lang='lat' dir='ltr'>reddidimus</span> <span class='ocrx_word' id='word_1_252' title='bbox 563 3440 592 3489; x_wconf 91' lang='lat' dir='ltr'>et</span> <span class='ocrx_word' id='word_1_253' title='bbox 615 3431 830 3489; x_wconf 90' lang='lat' dir='ltr'>commisimus</span> <span class='ocrx_word' id='word_1_254' title='bbox 854 3429 921 3487; x_wconf 85' lang='lat' dir='ltr'>iore</span> <span class='ocrx_word' id='word_1_255' title='bbox 944 3429 1106 3502; x_wconf 89' lang='lat' dir='ltr'>expeditos</span> <span class='ocrx_word' id='word_1_256' title='bbox 1130 3430 1247 3503; x_wconf 90' lang='lat' dir='ltr'>pariter</span> <span class='ocrx_word' id='word_1_257' title='bbox 1271 3435 1301 3486; x_wconf 91' lang='lat' dir='ltr'>et</span> <span class='ocrx_word' id='word_1_258' title='bbox 1323 3430 1453 3501; x_wconf 91' lang='lat' dir='ltr'>quietos,</span> 
     </span>
     <span class='ocr_line' id='line_1_30' title="bbox 183 3534 1452 3611; baseline -0.004 -15"><span class='ocrx_word' id='word_1_259' title='bbox 183 3539 255 3596; x_wconf 90' lang='lat' dir='ltr'>aliis</span> <span class='ocrx_word' id='word_1_260' title='bbox 277 3538 561 3611; x_wconf 88' lang='lat' dir='ltr'>composicionibus</span> <span class='ocrx_word' id='word_1_261' title='bbox 584 3546 614 3594; x_wconf 93' lang='lat' dir='ltr'>et</span> <span class='ocrx_word' id='word_1_262' title='bbox 638 3536 811 3594; x_wconf 92' lang='lat' dir='ltr'>concordiis</span> <span class='ocrx_word' id='word_1_263' title='bbox 834 3536 946 3593; x_wconf 89' lang='lat' dir='ltr'>nostris</span> <span class='ocrx_word' id='word_1_264' title='bbox 971 3537 1057 3609; x_wconf 89' lang='lat' dir='ltr'>prius</span> <span class='ocrx_word' id='word_1_265' title='bbox 1080 3551 1152 3592; x_wconf 91' lang='lat' dir='ltr'>cum</span> <span class='ocrx_word' id='word_1_266' title='bbox 1175 3534 1292 3592; x_wconf 91' lang='lat' dir='ltr'>eisdem</span> <span class='ocrx_word' id='word_1_267' title='bbox 1316 3535 1452 3593; x_wconf 88' lang='lat' dir='ltr'>dominis</span> 
     </span>
     <span class='ocr_line' id='line_1_31' title="bbox 184 3641 1452 3719; baseline -0.004 -17"><span class='ocrx_word' id='word_1_268' title='bbox 184 3645 225 3703; x_wconf 90' lang='lat' dir='ltr'>de</span> <span class='ocrx_word' id='word_1_269' title='bbox 255 3645 337 3703; x_wconf 94' lang='lat' dir='ltr'>dicto</span> <span class='ocrx_word' id='word_1_270' title='bbox 368 3645 506 3719; x_wconf 90' lang='lat' dir='ltr'>capitulo</span> <span class='ocrx_word' id='word_1_271' title='bbox 534 3644 727 3718; x_wconf 85' lang='lat' dir='ltr'>zagrabiensi</span> <span class='ocrx_word' id='word_1_272' title='bbox 760 3643 849 3701; x_wconf 84' lang='lat' dir='ltr'>iactis</span> <span class='ocrx_word' id='word_1_273' title='bbox 880 3652 910 3701; x_wconf 91' lang='lat' dir='ltr'>et</span> <span class='ocrx_word' id='word_1_274' title='bbox 942 3644 1055 3701; x_wconf 91' lang='lat' dir='ltr'>habitis</span> <span class='ocrx_word' id='word_1_275' title='bbox 1088 3645 1118 3700; x_wconf 92' lang='lat' dir='ltr'>in</span> <span class='ocrx_word' id='word_1_276' title='bbox 1151 3658 1258 3700; x_wconf 92' lang='lat' dir='ltr'>earum</span> <span class='ocrx_word' id='word_1_277' title='bbox 1291 3641 1452 3712; x_wconf 87' lang='lat' dir='ltr'>vigoribus</span> 
     </span>
     <span class='ocr_line' id='line_1_32' title="bbox 183 3747 1451 3825; baseline -0.003 -16"><span class='ocrx_word' id='word_1_278' title='bbox 183 3767 310 3825; x_wconf 89' lang='lat' dir='ltr'>semper</span> <span class='ocrx_word' id='word_1_279' title='bbox 339 3751 435 3809; x_wconf 87' lang='lat' dir='ltr'>salvis</span> <span class='ocrx_word' id='word_1_280' title='bbox 465 3751 706 3809; x_wconf 87' lang='lat' dir='ltr'>remanentibus.</span> <span class='ocrx_word' id='word_1_281' title='bbox 739 3750 773 3808; x_wconf 88' lang='lat' dir='ltr'>in</span> <span class='ocrx_word' id='word_1_282' title='bbox 807 3766 942 3822; x_wconf 85' lang='lat' dir='ltr'>quorum</span> <span class='ocrx_word' id='word_1_283' title='bbox 966 3750 1107 3807; x_wconf 92' lang='lat' dir='ltr'>omnium</span> <span class='ocrx_word' id='word_1_284' title='bbox 1130 3750 1228 3806; x_wconf 87' lang='lat' dir='ltr'>robur</span> <span class='ocrx_word' id='word_1_285' title='bbox 1250 3755 1344 3820; x_wconf 89' lang='lat' dir='ltr'>atque</span> <span class='ocrx_word' id='word_1_286' title='bbox 1368 3747 1451 3805; x_wconf 91' lang='lat' dir='ltr'>testi·</span> 
     </span>
     <span class='ocr_line' id='line_1_33' title="bbox 184 3853 1452 3931; baseline -0.003 -16"><span class='ocrx_word' id='word_1_287' title='bbox 184 3858 327 3915; x_wconf 91' lang='lat' dir='ltr'>monium</span> <span class='ocrx_word' id='word_1_288' title='bbox 346 3859 579 3931; x_wconf 89' lang='lat' dir='ltr'>premissorum,</span> <span class='ocrx_word' id='word_1_289' title='bbox 598 3855 844 3928; x_wconf 88' lang='lat' dir='ltr'>firmitatemque</span> <span class='ocrx_word' id='word_1_290' title='bbox 861 3862 1052 3929; x_wconf 89' lang='lat' dir='ltr'>perpetuam,</span> <span class='ocrx_word' id='word_1_291' title='bbox 1078 3861 1234 3928; x_wconf 88' lang='lat' dir='ltr'>presentes</span> <span class='ocrx_word' id='word_1_292' title='bbox 1257 3853 1376 3910; x_wconf 91' lang='lat' dir='ltr'>litteras</span> <span class='ocrx_word' id='word_1_293' title='bbox 1398 3868 1452 3911; x_wconf 90' lang='lat' dir='ltr'>no-</span> 
     </span>
     <span class='ocr_line' id='line_1_34' title="bbox 184 3959 1454 4036; baseline -0.004 -16"><span class='ocrx_word' id='word_1_294' title='bbox 184 3971 265 4021; x_wconf 85' lang='lat' dir='ltr'>stras</span> <span class='ocrx_word' id='word_1_295' title='bbox 300 3964 512 4036; x_wconf 90' lang='lat' dir='ltr'>privilegiales</span> <span class='ocrx_word' id='word_1_296' title='bbox 535 3970 641 4021; x_wconf 90' lang='lat' dir='ltr'>nostro</span> <span class='ocrx_word' id='word_1_297' title='bbox 663 3964 822 4019; x_wconf 90' lang='lat' dir='ltr'>communi</span> <span class='ocrx_word' id='word_1_298' title='bbox 846 3962 951 4034; x_wconf 91' lang='lat' dir='ltr'>sigillo</span> <span class='ocrx_word' id='word_1_299' title='bbox 974 3960 1166 4035; x_wconf 91' lang='lat' dir='ltr'>impendenti</span> <span class='ocrx_word' id='word_1_300' title='bbox 1188 3959 1380 4030; x_wconf 89' lang='lat' dir='ltr'>consignatas</span> <span class='ocrx_word' id='word_1_301' title='bbox 1397 3960 1454 4016; x_wconf 91' lang='lat' dir='ltr'>eis·</span> 
     </span>
     <span class='ocr_line' id='line_1_35' title="bbox 185 4064 1453 4142; baseline -0.004 -15"><span class='ocrx_word' id='word_1_302' title='bbox 185 4069 259 4127; x_wconf 92' lang='lat' dir='ltr'>dem</span> <span class='ocrx_word' id='word_1_303' title='bbox 293 4068 427 4127; x_wconf 92' lang='lat' dir='ltr'>dominis</span> <span class='ocrx_word' id='word_1_304' title='bbox 464 4069 502 4127; x_wconf 90' lang='lat' dir='ltr'>de</span> <span class='ocrx_word' id='word_1_305' title='bbox 537 4069 620 4127; x_wconf 91' lang='lat' dir='ltr'>dicto</span> <span class='ocrx_word' id='word_1_306' title='bbox 655 4068 792 4142; x_wconf 91' lang='lat' dir='ltr'>capitulo</span> <span class='ocrx_word' id='word_1_307' title='bbox 827 4068 1018 4140; x_wconf 89' lang='lat' dir='ltr'>zagrabiensi</span> <span class='ocrx_word' id='word_1_308' title='bbox 1054 4066 1201 4122; x_wconf 90' lang='lat' dir='ltr'>duximus</span> <span class='ocrx_word' id='word_1_309' title='bbox 1235 4064 1453 4122; x_wconf 91' lang='lat' dir='ltr'>concedendas.</span> 
     </span>
     <span class='ocr_line' id='line_1_36' title="bbox 185 4171 1452 4255; baseline -0.004 -23"><span class='ocrx_word' id='word_1_310' title='bbox 185 4175 302 4232; x_wconf 87' lang='lat' dir='ltr'>Datum</span> <span class='ocrx_word' id='word_1_311' title='bbox 326 4173 403 4233; x_wconf 83' lang='lat' dir='ltr'>feria</span> <span class='ocrx_word' id='word_1_312' title='bbox 427 4177 522 4233; x_wconf 88' lang='lat' dir='ltr'>tercia</span> <span class='ocrx_word' id='word_1_313' title='bbox 536 4175 680 4248; x_wconf 90' lang='lat' dir='ltr'>proxima</span> <span class='ocrx_word' id='word_1_314' title='bbox 704 4184 774 4248; x_wconf 89' lang='lat' dir='ltr'>post</span> <span class='ocrx_word' id='word_1_315' title='bbox 792 4173 904 4231; x_wconf 83' lang='lat' dir='ltr'>festum</span> <span class='ocrx_word' id='word_1_316' title='bbox 923 4174 1005 4230; x_wconf 86' lang='lat' dir='ltr'>beati</span> <span class='ocrx_word' id='word_1_317' title='bbox 1020 4171 1171 4255; x_wconf 85' lang='lat' dir='ltr'>Jeronimi</span> <span class='ocrx_word' id='word_1_318' title='bbox 1188 4171 1323 4229; x_wconf 88' lang='lat' dir='ltr'>doctoris</span> <span class='ocrx_word' id='word_1_319' title='bbox 1339 4171 1452 4228; x_wconf 86' lang='lat' dir='ltr'>eximii.</span> 
     </span>
     <span class='ocr_line' id='line_1_37' title="bbox 187 4279 1268 4354; baseline -0.004 -16"><span class='ocrx_word' id='word_1_320' title='bbox 187 4283 278 4338; x_wconf 83' lang='lat' dir='ltr'>Anno</span> <span class='ocrx_word' id='word_1_321' title='bbox 302 4281 420 4339; x_wconf 93' lang='lat' dir='ltr'>domini</span> <span class='ocrx_word' id='word_1_322' title='bbox 445 4282 613 4341; x_wconf 89' lang='lat' dir='ltr'>millesimo</span> <span class='ocrx_word' id='word_1_323' title='bbox 638 4281 942 4354; x_wconf 87' lang='lat' dir='ltr'>quadringentesimo</span> <span class='ocrx_word' id='word_1_324' title='bbox 966 4279 1158 4351; x_wconf 85' lang='lat' dir='ltr'>sexagesimo</span> <span class='ocrx_word' id='word_1_325' title='bbox 1179 4292 1268 4335; x_wconf 93' lang='lat' dir='ltr'>nono.</span> 
     </span>
    </p>
   </div>
   <div class='ocr_carea' id='block_1_4' title="bbox 186 4501 1454 4660">
    <p class='ocr_par' dir='ltr' id='par_1_4' title="bbox 186 4501 1454 4660">
     <span class='ocr_line' id='line_1_38' title="bbox 293 4501 1454 4569; baseline -0.005 -15"><span class='ocrx_word' id='word_1_326' title='bbox 293 4504 428 4569; x_wconf 87' lang='lat' dir='ltr'>Originale</span> <span class='ocrx_word' id='word_1_327' title='bbox 446 4506 473 4554; x_wconf 89' lang='lat' dir='ltr'>in</span> <span class='ocrx_word' id='word_1_328' title='bbox 493 4505 647 4556; x_wconf 86' lang='lat' dir='ltr'>membrana.</span> <span class='ocrx_word' id='word_1_329' title='bbox 677 4506 747 4554; x_wconf 84' lang='lat' dir='ltr'>Zona</span> <span class='ocrx_word' id='word_1_330' title='bbox 771 4505 868 4553; x_wconf 82' lang='lat' dir='ltr'>sericea</span> <span class='ocrx_word' id='word_1_331' title='bbox 886 4504 963 4552; x_wconf 89' lang='lat' dir='ltr'>rubra</span> <span class='ocrx_word' id='word_1_332' title='bbox 981 4510 1006 4552; x_wconf 91' lang='lat' dir='ltr'>et</span> <span class='ocrx_word' id='word_1_333' title='bbox 1024 4502 1140 4552; x_wconf 87' lang='lat' dir='ltr'>violacea</span> <span class='ocrx_word' id='word_1_334' title='bbox 1156 4502 1285 4567; x_wconf 84' lang='lat' dir='ltr'>appendet</span> <span class='ocrx_word' id='word_1_335' title='bbox 1304 4501 1402 4564; x_wconf 83' lang='lat' dir='ltr'>absque</span> <span class='ocrx_word' id='word_1_336' title='bbox 1421 4501 1454 4549; x_wconf 88' lang='lat' dir='ltr'>si·</span> 
     </span>
     <span class='ocr_line' id='line_1_39' title="bbox 186 4592 1101 4660; baseline -0.001 -17"><span class='ocrx_word' id='word_1_337' title='bbox 186 4593 262 4660; x_wconf 81' lang='lat' dir='ltr'>gillo.</span> <span class='ocrx_word' id='word_1_338' title='bbox 282 4595 314 4642; x_wconf 91' lang='lat' dir='ltr'>Iu</span> <span class='ocrx_word' id='word_1_339' title='bbox 332 4593 428 4646; x_wconf 81' lang='lat' dir='ltr'>archiv.</span> <span class='ocrx_word' id='word_1_340' title='bbox 447 4594 599 4659; x_wconf 87' lang='lat' dir='ltr'>archiepisc.</span> <span class='ocrx_word' id='word_1_341' title='bbox 619 4593 719 4657; x_wconf 86' lang='lat' dir='ltr'>zagrab.</span> <span class='ocrx_word' id='word_1_342' title='bbox 739 4592 879 4642; x_wconf 86' lang='lat' dir='ltr'>Politicum</span> <span class='ocrx_word' id='word_1_343' title='bbox 897 4593 958 4643; x_wconf 82' lang='lat' dir='ltr'>fasc.</span> <span class='ocrx_word' id='word_1_344' title='bbox 978 4593 1000 4644; x_wconf 90' lang='grc' dir='ltr'>Ι,</span> <span class='ocrx_word' id='word_1_345' title='bbox 1020 4608 1057 4643; x_wconf 90' lang='lat' dir='ltr'>nr.</span> <span class='ocrx_word' id='word_1_346' title='bbox 1078 4604 1101 4655; x_wconf 82' lang='lat'>3.</span> 
     </span>
    </p>
   </div>
   <div class='ocr_carea' id='block_1_5' title="bbox 0 0 1647 5348">
    <p class='ocr_par' dir='ltr' id='par_1_5' title="bbox 0 0 1647 5348">
     <span class='ocr_line' id='line_1_40' title="bbox 0 0 1647 5348; baseline 0 0"><span class='ocrx_word' id='word_1_347' title='bbox 0 0 1647 5348; x_wconf 95' lang='lat' dir='ltr'> </span> 
     </span>
    </p>
   </div>
  </div>
 </body>
</html>
