3278 5348
193 461 254 515 250
603 444 676 501 Dor.
700 440 771 519 187.
797 477 837 487 -
862 445 918 502 An.
945 454 1031 519 1457.

188 660 407 719 canonicorum
429 665 459 717 et
482 660 612 734 capituli
634 659 771 718 indebite
793 664 994 732 occupassent
1018 664 1047 718 et
1069 661 1172 735 ipsam
1195 674 1234 717 ex
1267 656 1450 716 induccione

189 770 220 824 et
244 766 374 825 consilio
399 765 609 840 quorumdam
632 767 810 824 emulorum
833 763 954 841 prefate
988 766 1115 824 ecclesie
1138 770 1168 824 et
1191 763 1323 839 capituli
1350 778 1451 837 cagra-

188 872 303 930 biensis
334 873 365 930 in
402 888 514 945 magna
545 874 593 931 sui
626 879 715 949 parte
748 873 830 931 dirui
864 872 1015 932 fecissent.
1049 872 1268 947 supplicantes
1302 871 1453 929 maiestati

187 983 292 1036 nostre
315 977 410 1037 iidem
433 979 524 1038 Vitus
546 981 724 1053 prepositus
748 986 777 1037 et
801 979 946 1038 Clemens
969 994 1005 1038 ac
1027 979 1165 1038 Thomas
1200 978 1341 1036 canonici
1371 981 1453 1034 ante·

187 1083 269 1142 dicte
292 1085 421 1143 ecclesie
443 1086 652 1159 zagrabiensis
675 1088 706 1144 in
739 1087 890 1160 personis,
926 1101 1060 1159 quorum
1098 1099 1202 1159 supra,
1236 1084 1400 1142 humiliter
1422 1089 1451 1141 et

187 1188 306 1261 devote,
330 1195 480 1264 quatenus
504 1191 619 1249 dictam
643 1193 764 1263 turrim,
789 1207 885 1265 quam
907 1193 984 1249 alias
1000 1191 1114 1266 prefati
1129 1189 1262 1249 condam
1274 1187 1451 1248 Fridericus

188 1302 218 1352 et
242 1296 366 1354 Vlricus
390 1299 526 1369 comites,
550 1303 585 1356 ut
607 1298 728 1369 dicitur,
746 1296 961 1373 potencialiter
984 1302 1193 1371 occupassent,
1217 1296 1294 1370 ipsis
1310 1295 1450 1368 graciose

187 1401 317 1460 reddere
341 1408 371 1461 et
393 1404 551 1463 remittere
574 1404 782 1477 dignaremur.
806 1404 870 1462 Nos
901 1420 984 1476 vero,
1021 1419 1093 1461 cum
1127 1404 1211 1476 ipsos
1245 1401 1285 1459 ad
1322 1399 1451 1458 eandem

191 1508 303 1566 turrim
326 1507 375 1585 jus
399 1509 515 1567 habere
549 1525 585 1568 ac
620 1512 722 1584 ipsam
757 1526 813 1584 per
846 1509 1003 1583 prefatum
1039 1509 1211 1583 capitulum
1245 1509 1287 1566 ab
1326 1507 1452 1581 antiquo

189 1627 363 1687 possessam
380 1617 626 1688 cognoverimus,
643 1618 684 1675 ob
701 1616 901 1675 devocionem
918 1621 1065 1688 nostram,
1081 1631 1175 1689 quam
1187 1614 1226 1672 ad
1239 1614 1450 1672 sanctissimos

186 1735 274 1793 reges
298 1719 489 1795 Stephanum
513 1722 738 1780 etLadislaum
755 1722 955 1794 confessores,
972 1723 1153 1795 inquorum
1177 1721 1306 1779 alterius
1328 1720 1451 1777 nomine

186 1825 306 1898 prefata
330 1828 457 1885 ecclesia
481 1830 689 1901 zagrabiensis
712 1835 896 1897 constructa,
927 1829 1008 1886 alter
1041 1843 1116 1886 vero
1151 1828 1251 1902 ipsam
1286 1827 1449 1884 ecclesiam

186 1931 330 1989 fundasse
354 1934 541 2007 perhibetur.
567 1936 704 2007 gerimus
726 1941 756 1993 et
779 1937 937 2007 habemus,
963 1941 992 1992 et
1016 1936 1180 2009 presertim
1203 1933 1321 1991 iusticie
1355 1947 1450 1989 annu-

186 2044 281 2110 entes,
315 2041 602 2112 supplicacionibus
637 2042 896 2115 antescriptorum
933 2042 997 2099 Viti
1032 2040 1191 2116 prepositi,
1226 2039 1447 2111 magistrorum

185 2142 355 2202 Clementis
377 2152 408 2202 et
430 2146 549 2204 Thome
572 2148 790 2205 canonicorum
816 2149 952 2221 sepelate
984 2148 1112 2205 ecclesie
1147 2144 1354 2219 zagrabiensis
1394 2159 1449 2218 per

186 2265 239 2308 cos
263 2252 293 2307 in
318 2253 465 2325 personis,
489 2269 622 2326 quorum
645 2269 749 2328 supra,
781 2261 883 2313 nostre
918 2255 1092 2312 humilliter
1123 2253 1273 2327 porrectis
1297 2249 1448 2308 maiestati

188 2371 301 2427 magna
325 2358 438 2431 pietate
461 2359 614 2417 exauditis
637 2368 666 2418 et
689 2361 858 2418 clementer
881 2361 1033 2431 admissis,
1057 2365 1228 2432 pretactam
1256 2357 1369 2416 turrim
1398 2370 1448 2412 an-

188 2461 355 2520 tefatorum
386 2465 604 2523 canonicorum
636 2472 665 2524 et
700 2467 829 2539 capituli
864 2467 1041 2540 supradicte
1075 2466 1204 2524 ecclesie
1239 2462 1446 2536 zagrabiensis

187 2569 314 2640 speciali
337 2571 439 2641 gracia
457 2579 560 2629 nostra
583 2577 614 2630 et
627 2574 786 2646 potestatis
802 2572 994 2646 plenitudine
1010 2590 1048 2630 ex
1063 2579 1207 2645 certaque
1223 2575 1327 2628 nostre
1354 2568 1446 2626 maie·

184 2675 271 2731 statis
293 2677 423 2734 sciencia
446 2683 476 2735 et
494 2678 598 2736 animo
622 2679 803 2749 deliberato,
835 2680 1028 2753 prelatorum
1052 2679 1149 2737 eciam
1173 2684 1203 2736 et
1226 2677 1382 2735 baronum
1412 2689 1447 2730 ac

186 2781 433 2839 consiliariorum
455 2790 631 2841 nostrorum
656 2785 695 2842 ad
719 2786 749 2843 id
774 2785 937 2843 accedente
949 2786 1087 2856 consilio,
1103 2784 1220 2842 eisdem
1243 2783 1397 2840 canonicis
1418 2786 1447 2838 et

184 2888 323 2958 capitulo
346 2889 473 2946 iamfate
496 2890 623 2948 ecclesie
644 2893 852 2963 zagrabiensis
876 2908 947 2949 cum
971 2893 1033 2949 suis
1068 2892 1150 2949 veris
1181 2890 1272 2947 metis
1302 2904 1338 2946 ac
1367 2903 1445 2955 area,

184 3007 301 3050 necnon
323 2995 409 3051 curia
432 3003 462 3052 et
496 2995 650 3068 domibus,
685 2999 855 3071 ceterisque
890 2999 960 3055 aliis
991 2998 1153 3055 structuris
1189 3002 1218 3054 et
1242 2995 1373 3053 edificiis
1405 2992 1444 3052 ad

182 3099 311 3155 eandem
336 3101 445 3157 turrim
470 3101 508 3158 de
530 3099 596 3175 jure
621 3108 650 3159 et
672 3104 712 3160 ab
736 3105 863 3176 antiquo
887 3105 1097 3176 spectantibus
1109 3110 1139 3160 et
1158 3102 1312 3175 pertinere
1328 3101 1442 3159 deben-

183 3204 265 3261 tibus
290 3205 435 3263 duximus
457 3208 673 3266 remittendam
699 3215 728 3267 et
751 3209 962 3281 relaxandam,
985 3211 1081 3267 immo
1105 3208 1293 3267 remittimus
1311 3214 1340 3266 et
1365 3209 1443 3266 rela-

165 3327 292 3371 .xamus
316 3328 372 3385 per
403 3313 527 3371 eosdem
549 3316 711 3373 canonicos
745 3322 775 3373 et
809 3317 981 3390 capitulum
1016 3316 1153 3390 predicte
1189 3315 1319 3373 ecclesie
1340 3330 1444 3388 zagra·

182 3418 296 3475 biensis
318 3433 355 3476 eo
378 3420 451 3487 iure,
475 3435 538 3492 quo
561 3435 629 3477 eam
654 3423 798 3494 perprius
823 3437 877 3480 seu
900 3424 940 3479 ab
964 3423 1090 3494 antiquo
1115 3426 1278 3478 tenuerunt
1313 3426 1343 3478 et
1374 3434 1441 3494 pos·

181 3524 333 3594 sederunt,
352 3525 526 3596 tenendam,
550 3527 770 3599 possidendam
795 3530 912 3602 pariter
934 3535 963 3586 et
987 3528 1172 3599 habendam,
1209 3527 1306 3585 salvis
1339 3533 1441 3585 tamen

180 3628 301 3706 juribus
324 3632 441 3690 alienis.
467 3633 499 3688 ln
523 3633 609 3690 cuius
629 3635 674 3691 rei
691 3635 886 3702 memoriam,
904 3634 1147 3707 firmitatemque
1163 3638 1360 3708 perpetuam,
1377 3648 1444 3707 pre·

182 3744 281 3793 sentes
304 3738 423 3795 litteras
446 3746 574 3809 nostras,
600 3742 714 3813 quihus
737 3747 896 3798 secretum
915 3741 1056 3813 sigillum
1079 3747 1230 3811 nostrum,
1255 3755 1319 3813 quo
1342 3746 1377 3798 ut
1392 3756 1443 3798 rer

182 3843 340 3913 ilungarie
364 3845 489 3913 utimur,
513 3852 558 3901 est
581 3861 764 3920 appensum,
788 3847 904 3904 eisdem
929 3848 1084 3904 canonicis
1119 3851 1149 3903 et
1188 3846 1329 3920 capitulo
1365 3846 1442 3904 dicte

182 3949 309 4004 ecclesie
331 3951 547 4020 zagrabiensis,
570 3951 716 4009 duximus
739 3952 956 4011 concedendas.
980 3954 1097 4010 Datum
1135 3952 1220 4010 Bude
1244 3950 1322 4010 feria
1351 3952 1442 4011 tercia

183 4055 325 4127 proxima
349 4061 418 4111 ante
449 4055 561 4113 festum
598 4058 792 4116 Ascensionis
826 4059 952 4116 domini.
987 4062 1076 4116 Anno
1111 4058 1249 4116 eiusdem
1275 4059 1442 4117 millesimo

181 4160 485 4232 quadringentesimo
502 4163 759 4235 quinquagesimo
776 4166 918 4236 septime.
936 4166 1115 4237 Regnorum
1133 4169 1237 4222 autem
1255 4171 1441 4235 nostrorum,

181 4281 262 4323 anno
283 4267 441 4338 llungarie
464 4273 519 4325 etc.
544 4268 663 4325 decimo
687 4271 828 4342 septim0,
855 4271 998 4328 Bohemie
1023 4286 1098 4329 vero
1121 4278 1241 4344 quarto.

287 4451 420 4516 Originale
439 4455 465 4502 in
485 4455 638 4506 membrana.
659 4457 685 4503 A
705 4472 769 4505 zona
788 4458 883 4506 sericea
902 4459 971 4507 rubri
991 4466 1016 4507 et
1035 4459 1124 4508 viridis
1143 4458 1237 4508 coloris
1261 4461 1392 4525 appendet
1409 4460 1440 4509 si·

181 4539 279 4603 pillum.
299 4541 330 4588 In
349 4542 443 4592 archiv.
464 4559 519 4594 ven.
540 4543 625 4607 Capit.
643 4545 735 4608 zagrab
765 4547 826 4596 Act.
847 4547 972 4610 Coponi
1000 4549 1060 4598 fasc.
1085 4560 1122 4597 lo.
1142 4563 1179 4598 nr.
1201 4560 1225 4612 5.
