3278 5348
207 423 270 483 ²44
505 404 577 462 Dec.
601 398 668 461 181.
694 399 763 459 182.
791 436 828 446 —
853 403 910 462 An.
935 414 1152 481 1454-1455.

801 614 877 680 181.

311 705 384 755 Circa
402 721 442 757 an.
467 717 541 769 1454.

428 831 540 889 Foedus
564 831 769 904 capitularium
787 839 848 904 pro
871 831 954 887 electo
977 832 1105 905 episcopo
1127 832 1245 904 sogrob.

309 977 455 1051 Sequitur
489 977 657 1048 registrum
691 975 899 1043 dominorum,
934 976 986 1049 qui
1010 992 1193 1035 consensum
1216 979 1408 1052 prebuerunt
1430 977 1465 1034 ad

204 1083 339 1141 dandam
364 1083 487 1156 copiam
511 1082 719 1139 absolucionis
744 1080 783 1137 ad
806 1096 931 1138 ornnem
953 1091 1100 1140 eventum
1130 1083 1257 1140 domino
1287 1085 1386 1142 electo
1412 1083 1466 1140 sub

204 1205 283 1264 pena
307 1189 492 1246 exclusionis
516 1188 554 1245 de
577 1189 735 1246 consorcio
759 1187 892 1246 fratrum
916 1196 946 1246 et
969 1189 1157 1263 privacionis
1180 1191 1321 1248 omnium
1340 1206 1466 1263 proven-

204 1305 301 1367 tuum,
332 1303 362 1353 et
393 1296 451 1352 hoc
482 1295 520 1352 de
552 1295 688 1352 unanimi
713 1310 861 1352 consensu
883 1296 1023 1352 omniurn
1047 1295 1319 1369 infrascriptarum
1343 1297 1374 1353 in
1397 1298 1465 1353 inte·

204 1404 280 1460 riori
303 1402 441 1459 sacristia
464 1403 713 1473 constitutorum,
736 1402 786 1471 ita,
811 1401 896 1474 quod
915 1418 1022 1459 omnes
1045 1404 1232 1460 unanimiter
1255 1417 1318 1459 uno
1341 1410 1421 1472 voto,
1442 1403 1466 1459 si

204 1509 278 1581 quid
303 1509 495 1580 contingerit,
520 1508 655 1564 vicissim
679 1523 711 1563 se
734 1507 906 1565 defendent.

307 1610 441 1674 Johannes
470 1607 550 1657 lector
577 1616 603 1656 et
630 1609 767 1657 canonicus
794 1625 870 1657 manu
898 1611 1001 1674 propria
1030 1626 1069 1658 me
1094 1610 1241 1674 subscripsi
1280 1611 1340 1674 Ego
1362 1609 1464 1658 Bartho-

202 1699 301 1748 lomeus
328 1706 416 1746 cantor
444 1705 468 1745 et
496 1714 552 1748 can.
579 1714 612 1748 m.
641 1713 666 1762 p.
695 1714 713 1747 s.
743 1699 801 1761 Ego
828 1699 920 1746 Petrus
949 1698 1103 1754 dubicensis,
1133 1715 1167 1748 m.
1194 1714 1217 1763 p.
1247 1714 1267 1748 s.
1299 1700 1360 1762 Ego
1378 1699 1464 1746 Petrus

203 1788 235 1836 de
264 1786 380 1835 Kemlek
408 1787 602 1836 archidiaconus
630 1793 654 1834 et
682 1802 737 1835 can.
766 1786 828 1838 eccl.
858 1788 1031 1850 zagrabiensis
1058 1804 1092 1839 m.
1118 1804 1143 1851 p.
1165 1803 1184 1836 s.
1212 1789 1271 1851 Ego
1290 1787 1466 1851 Sigismundns

203 1877 398 1926 archidiaconus
417 1884 442 1925 et
462 1892 516 1926 can.
536 1892 568 1926 m.
589 1892 614 1940 p.
635 1892 654 1928 s.
675 1878 733 1940 Ego
752 1877 923 1939 Marquardus
942 1877 1137 1925 archidiaconus
1161 1876 1193 1924 de
1213 1876 1353 1925 Vrbowicc
1371 1883 1396 1925 et
1415 1891 1464 1926 mn.

203 1983 235 2017 m.
256 1982 280 2031 p.
301 1982 320 2016 s.
341 1968 398 2029 Ego
418 1966 569 2014 Franciscus
596 1981 652 2018 can.
677 1966 781 2031 propria
808 1981 883 2013 mann
902 1982 959 2013 mea
977 1966 1076 2030 scripsi.
1097 1967 1154 2028 Ego
1179 1964 1317 2013 Ladislaus
1341 1972 1425 2014 custos
1442 1972 1465 2011 et

203 2070 257 2105 can.
278 2071 310 2104 m.
331 2071 355 2118 p.
375 2070 415 2101 me
435 2070 453 2103 s.
480 2056 538 2116 Ego
557 2054 687 2102 Fabianus
712 2069 766 2102 can.
787 2069 812 2118 p.
832 2070 864 2103 m.
884 2070 903 2103 s.
931 2056 987 2116 ligo
1007 2054 1128 2101 Mattheus
1147 2052 1287 2101 Keelkeed
1306 2069 1340 2104 m.
1359 2069 1383 2118 p.
1412 2055 1464 2116 Ego

204 2142 350 2207 Stephanus
370 2143 403 2190 de
421 2142 523 2191 Vizolrn
540 2158 574 2191 ιιι.
594 2159 619 2206 p.
640 2158 658 2193 s.
680 2144 737 2205 Ego
757 2142 903 2206 Stephanus
922 2142 1103 2190 Cherzthwecz
1122 2158 1155 2191 m.
1175 2158 1199 2205 p.
1220 2157 1239 2191 s.
1259 2142 1319 2205 Ego
1336 2143 1465 2206 Johannes

203 2232 235 2279 de
256 2231 397 2279 Marouclra
409 2232 544 2279 consencio
564 2231 732 2294 disposicioni
752 2231 882 2294 premisse.
903 2233 960 2293 Ego
977 2231 1091 2294 Jacobus
1110 2231 1199 2278 doctor
1217 2246 1274 2282 can.
1293 2229 1357 2283 eccl.
1368 2229 1464 2294 angrab.

203 2336 235 2370 m.
264 2335 289 2383 p.
314 2335 347 2369 m.
376 2335 395 2369 s.
422 2318 541 2368 Clemens
569 2320 600 2367 de
628 2320 698 2367 Gara
725 2335 756 2369 m.
778 2335 802 2382 p.
828 2320 885 2381 Ego
905 2319 986 2383 Elyas
1004 2326 1091 2367 custos
1110 2318 1269 2367 chasmensis
1287 2325 1313 2367 et
1333 2334 1388 2368 ean.
1407 2316 1463 2367 eccl.

202 2408 302 2471 oagrab.
323 2424 355 2458 m.
377 2424 401 2471 p.
421 2424 440 2457 s.
471 2410 527 2470 Ego
550 2407 683 2470 Johannes
711 2408 793 2455 Bexin
812 2423 844 2457 rn.
866 2423 889 2471 p.
919 2409 976 2470 ligo
1000 2407 1122 2471 Mathyas
1147 2408 1294 2471 prepositus
1313 2407 1464 2456 ehamensis

203 2513 257 2548 can,
277 2497 376 2560 zagrab.
397 2512 421 2544 m
450 2512 473 2559 p.
495 2495 598 2544 Blasius
616 2496 648 2543 ‹le
668 2495 830 2544 Nemesourk
850 2512 882 2543 m.
903 2512 926 2559 p.
947 2497 1005 2559 Ego
1030 2496 1134 2545 Leonm
1158 2496 1356 2545 archidiaconns
1370 2495 1463 2543 kamar-

202 2587 299 2634 czensis
318 2602 347 2634 ac
365 2602 420 2638 can,
439 2584 501 2636 eccl.
520 2586 620 2648 zagrab.
640 2602 672 2634 ιιι.
693 2601 716 2650 p.

309 2711 385 2758 Liber
405 2710 498 2758 rubens
518 2726 573 2758 ven,
594 2711 670 2775 Capit
698 2710 799 2772 zagrab.
824 2712 855 2757 ln
873 2711 969 2761 archiv.
988 2708 1045 2758 incl.
1068 2709 1152 2759 Acad.
1171 2710 1267 2760 Scient.
1287 2709 1358 2761 Slav,
1378 2707 1461 2758 merid.

310 3084 388 3128 Anno
411 3094 484 3145 1455,
507 3094 535 3145 25
564 3082 638 3144 Julii.
658 3083 805 3144 Zagrabiae.

203 3209 308 3265 Petrus
338 3209 463 3283 Gaetulis,
487 3214 537 3282 pur
559 3212 789 3268 ccrsrrrrronitotem
813 3210 983 3268 contosuclia
1006 3209 1110 3282 offleii,
1133 3227 1152 3263 a
1174 3207 1357 3280 sponsoribus
1376 3225 1463 3265 ecor-

645 3336 704 3376 cere
719 3319 845 3394 pccrtm'a
868 3316 1025 3384 redonetur,

307 3459 369 3515 Nos
404 3460 576 3531 capitulum
613 3463 739 3520 ecclesie
775 3461 989 3534 zagrabiensls.
1026 3459 1173 3517 Memorie
1208 3459 1461 3517 commendamus

202 3583 257 3640 per
282 3575 447 3639 presentes,
472 3568 553 3638 quod
580 3568 698 3638 Gallus,
723 3569 807 3626 iilius
832 3569 921 3638 Petri,
946 3566 1108 3638 Gwndych
1133 3565 1216 3637 dicti,
1239 3564 1300 3622 filii
1323 3564 1465 3639 Gregorii

201 3672 238 3729 de
268 3673 344 3730 villa
381 3674 564 3744 Wraguwcz
599 3682 715 3746 vocata,
751 3683 780 3731 et
804 3676 966 3744 Fabianus,
1002 3673 1087 3731 filius
1121 3671 1287 3740 Valentini,
1323 3671 1465 3729 similiter

201 3780 353 3839 Gundich
378 3780 459 3843 dicti,
496 3781 553 3837 filii
587 3781 697 3852 prefati
721 3782 864 3853 Gregorii
896 3781 934 3838 de
966 3781 1043 3837 villa
1068 3780 1213 3850 Kachynz
1238 3776 1396 3850 appelata,
1430 3791 1463 3834 ac

200 3887 322 3954 Paulus,
358 3886 442 3943 tilius
468 3887 563 3955 Pauli,
599 3886 636 3942 (le
669 3885 731 3959 jam
763 3887 843 3943 dieta
875 3887 952 3943 villa
975 3887 1148 3958 Wragovcz
1173 3900 1211 3941 ex
1235 3883 1347 3941 eodem
1371 3883 1464 3941 Paulo

199 4000 228 4050 et
252 4009 288 4048 ex
314 3991 445 4064 provida
471 3993 600 4048 muliere
626 3995 713 4048 Anna
737 3988 845 4049 vocata
869 4008 975 4049 sorore
998 3992 1117 4049 uterina
1141 3991 1239 4064 ipsius
1263 3989 1348 4048 Petri
1372 3989 1462 4047 Gwn·

199 4098 287 4170 dych,
312 4098 463 4169 legittime
486 4099 614 4169 genitus,
639 4107 668 4154 et
693 4099 831 4168 Mathias,
856 4099 940 4156 filius
974 4098 1101 4155 Fabiani
1135 4097 1173 4153 de
1209 4096 1405 4169 Milethyncz,
1428 4110 1462 4151 ex

198 4204 305 4261 eodem
333 4205 467 4262 Fabiano
491 4210 520 4260 et
544 4222 581 4260 ex
607 4204 736 4276 provida
762 4206 892 4262 muliere
917 4206 1011 4261 Elena
1037 4210 1155 4274 vocata,
1187 4217 1295 4261 sorore
1320 4203 1463 4259 similiter

199 4312 319 4367 uterina
343 4312 440 4383 ipsius
466 4312 546 4367 Petri
570 4310 733 4382 Gundych
758 4311 908 4382 legittime
926 4311 1115 4383 progenitus,
1140 4308 1177 4366 de
1201 4323 1346 4383 quorum,
1370 4307 1463 4375 Pauli,

196 4416 254 4474 filii
278 4417 366 4473 Pauli
392 4426 421 4473 et
445 4418 582 4488 llathye,
615 4417 672 4473 filii
706 4418 831 4474 Fabiani
867 4418 986 4474 noticiis
1011 4415 1238 4489 personalibus,
1272 4413 1463 4472 honorabilis

198 4524 245 4580 vir
270 4525 417 4595 magister
440 4524 561 4580 Blasius
586 4523 623 4578 de
646 4524 766 4593 Nemes,
802 4525 903 4579 socius
928 4529 956 4578 et
980 4522 1203 4579 concanonicus
1238 4527 1359 4589 noster;
1393 4521 1463 4578 item

196 4629 235 4686 de
260 4629 414 4687 dictorum
439 4628 532 4701 Galli,
557 4629 615 4686 filii
638 4631 735 4702 ipsius
759 4630 841 4686 Petri
873 4628 1036 4700 Gwndych
1060 4635 1090 4684 et
1114 4627 1251 4698 Fabiani,
1283 4625 1343 4684 filii
1367 4627 1461 4701 ipsius

197 4737 362 4806 Valentini,
396 4737 499 4793 fratris
534 4737 631 4809 ipsius
657 4735 738 4792 Petri
770 4734 942 4806 Gtvndych,
978 4735 1115 4791 annotati
1138 4733 1253 4790 Paulus
1276 4739 1306 4790 et
1330 4732 1460 4791 Mathias

194 4857 251 4900 nos
276 4842 484 4900 certificatum
509 4852 538 4899 et
561 4846 776 4898 assecurarunt
799 4842 829 4897 in
852 4842 993 4913 ipsorum
1011 4855 1046 4897 ac
1063 4840 1280 4898 universorum
1304 4837 1464 4903 heredum.

204 4949 346 5020 fratrum,
371 4950 586 5023 proximorum
613 4957 642 5004 et
673 4949 970 5020 consanguineorum
995 4947 1177 5004 eorumdem
1210 4946 1363 5020 personis,
1396 4958 1464 5002 one·
