3278 5348
616 424 689 484 Doc.
712 418 783 499 196.
809 454 849 466 -
870 423 926 480 An.
950 433 1037 500 1457.
1399 438 1459 495 257

187 639 287 698 Elena
312 644 429 710 vocata,
452 637 562 696 relicta
585 637 716 696 condam
740 638 897 696 Valentini
928 636 1049 707 claudi,
1078 637 1155 695 olim
1187 639 1322 696 concivis
1354 639 1461 708 nostri,

187 744 250 803 filii
273 744 428 817 Gregorii,
450 760 531 802 nunc
554 758 629 802 vero
653 750 794 802 consorte
817 743 970 816 legittima
986 743 1076 810 Petri,
1093 743 1152 801 filii
1167 742 1275 801 Radko
1292 742 1330 801 de
1346 744 1460 818 Koper,

189 850 318 910 concive
340 855 456 921 nostro,
480 850 652 923 empcionis
675 850 778 918 titulo,
800 851 916 923 partim
940 854 1054 920 autem,
1077 848 1223 908 videlicet
1247 855 1398 923 quantum
1420 848 1461 907 ad

191 957 321 1015 terciam
356 963 478 1031 partem
514 955 654 1014 eiusdem
687 957 776 1013 vinee
810 962 840 1013 et
863 955 991 1026 konche,
1014 957 1055 1013 ab
1079 955 1187 1013 eadem
1211 956 1306 1014 Elena
1329 956 1460 1014 muliere

190 1075 250 1137 pro
274 1062 411 1135 quadam
433 1063 497 1120 alia
519 1063 609 1120 vinea
632 1060 771 1120 eiusdem
793 1062 882 1119 Pauli
912 1063 1039 1119 sartoris
1063 1078 1133 1119 cum
1166 1061 1377 1120 additamento
1407 1077 1460 1136 pe·

190 1168 306 1226 cuniaii
340 1165 408 1243 jure
446 1168 688 1240 permutacionis
723 1174 753 1225 et
787 1167 960 1226 concambii
996 1168 1178 1226 litteratorie
1216 1172 1459 1239 concernentem,

190 1279 286 1347 prout
308 1273 367 1332 hoc
390 1275 422 1332 in
445 1273 581 1348 quadam
606 1275 710 1332 littera
732 1280 837 1332 nostra
861 1289 914 1331 seu
938 1275 1073 1331 civitatis
1097 1273 1234 1347 predicte
1257 1274 1458 1348 privilegiali,

191 1387 332 1454 tempore
354 1378 508 1456 judicatus
528 1380 588 1438 viri
611 1380 737 1455 providi
758 1386 788 1438 et
811 1381 1027 1454 circumspecti
1049 1380 1171 1438 Nicolai
1192 1381 1322 1440 senioris
1345 1377 1457 1456 judicis

191 1490 220 1544 et
243 1487 380 1545 concivis
401 1487 508 1559 nostri,
531 1485 589 1545 filii
612 1487 773 1558 Demetrii,
797 1487 836 1545 de
866 1501 946 1545 anno
978 1487 1097 1546 domini
1120 1488 1289 1547 millesimo
1313 1486 1459 1559 quadrin-

191 1593 362 1665 gentesimo
385 1594 643 1667 quinquagesimo
668 1595 776 1666 quinto
800 1594 831 1652 in
854 1592 934 1651 festo
957 1594 1075 1651 scilicet
1091 1595 1180 1651 beate
1197 1593 1313 1651 Cecilie
1328 1593 1458 1666 virginis

192 1702 221 1755 et
242 1699 380 1756 martiris
403 1698 528 1770 Christi,
552 1699 748 1773 aliquamdiu
771 1700 934 1773 preteritis
959 1714 1016 1775 pro
1040 1706 1127 1773 parte
1151 1701 1248 1774 ipsius
1279 1699 1369 1758 Pauli
1394 1713 1459 1758 sar·

192 1805 266 1862 toris
289 1804 456 1879 superinde
479 1804 617 1864 confecta
640 1812 670 1864 et
694 1812 835 1865 emanata
857 1822 894 1864 ac
917 1822 1023 1865 coram
1046 1808 1136 1864 nobis
1160 1808 1190 1864 in
1213 1806 1315 1880 specie
1331 1805 1458 1863 demon·

191 1916 288 1970 strata
310 1927 456 1986 expresse
479 1912 615 1971 vidimus
639 1914 796 1984 contineri,
819 1914 913 1971 simul
936 1929 1008 1971 cum
1032 1914 1177 1971 omnibus
1200 1911 1338 1970 eiusdem
1369 1912 1459 1970 vinee

191 2032 244 2075 sue
269 2018 374 2076 totalis
398 2024 428 2076 et
450 2019 548 2093 ipsius
570 2018 691 2078 konche
713 2020 833 2078 ibidem
855 2020 960 2077 habite
983 2021 1179 2091 utilitatibus,
1194 2017 1324 2094 juribus,
1340 2018 1457 2090 usibus,

190 2124 419 2197 integritatibus
443 2130 474 2182 et
495 2126 693 2198 pertinenciis
716 2127 877 2198 universis,
901 2131 1063 2200 prenotato
1088 2126 1235 2199 Philippo
1258 2126 1355 2182 sutori
1379 2129 1457 2183 tam·

190 2246 286 2304 quam
316 2232 370 2289 uni
399 2232 501 2289 vicino
533 2248 572 2290 ex
604 2248 752 2291 consensu
785 2231 904 2308 prefate
935 2234 1034 2291 vicine
1070 2248 1125 2290 sue
1159 2232 1304 2302 alterius,
1335 2247 1371 2289 ac
1400 2246 1458 2304 per

190 2335 322 2394 eundem
346 2337 530 2411 Philippum
553 2344 699 2409 sutorem,
722 2338 891 2397 heredibus
903 2341 966 2397 suis
982 2355 1040 2412 pro
1057 2338 1223 2397 duodecim
1239 2337 1362 2395 florenis
1378 2337 1455 2407 auri,

189 2442 292 2500 minus
315 2458 378 2501 uno
401 2444 482 2514 orth,
498 2459 551 2502 seu
573 2446 675 2503 minus
691 2452 802 2518 quarta
823 2452 911 2519 parte
935 2447 1025 2503 unius
1050 2444 1165 2515 doreni,
1184 2460 1240 2518 per
1264 2445 1367 2518 ipsum
1385 2442 1455 2500 Phi·

189 2548 314 2622 lippum
336 2555 476 2608 sutorem
499 2550 620 2624 prefato
643 2552 740 2609 Paulo
763 2553 884 2622 sartori,
901 2559 993 2626 prout
1016 2553 1150 2625 ipsemet
1166 2550 1256 2608 nobis
1271 2550 1377 2607 retulit
1392 2546 1455 2624 jam

188 2653 279 2729 plene
304 2654 471 2728 persolutis
486 2656 684 2728 vendidisset,
699 2658 796 2715 immo
814 2657 953 2716 vendidit
970 2673 1076 2716 coram
1098 2658 1188 2715 nobis
1212 2655 1279 2732 jure
1303 2661 1454 2729 perpetuo

189 2768 218 2818 et
234 2761 483 2819 irrevocabiliter
499 2761 727 2835 possidendam,
744 2763 916 2835 tenendam,
933 2765 1050 2838 pariter
1067 2771 1096 2821 et
1120 2762 1296 2820 habendam
1313 2776 1349 2818 ac
1369 2759 1455 2835 juxta

189 2867 401 2925 condicionem
437 2867 571 2926 civitatis
606 2875 765 2941 prenotate
799 2871 839 2927 ab
875 2871 1002 2942 antiquo
1040 2870 1248 2943 approbatam
1283 2865 1453 2940 quomodo·

188 2988 322 3045 cumque
345 2973 481 3030 volucrit
506 2974 536 3030 in
560 2975 624 3032 vita
647 2976 763 3048 pariter
786 2982 816 3033 et
838 2977 870 3034 in
902 2983 1002 3034 morte
1031 2975 1265 3048 disponendam.
1300 2975 1333 3032 In
1368 2974 1454 3030 cuius

187 3078 231 3136 rei
255 3080 441 3137 memoriam
464 3085 556 3152 atque
580 3082 801 3152 testimonium,
826 3083 1069 3155 firmitatemque
1093 3089 1276 3155 perpetuam
1296 3086 1454 3154 presentes

187 3184 305 3242 litteras
328 3190 449 3242 nostras
470 3185 684 3257 privilegiales
708 3193 813 3245 nostro
838 3190 996 3246 communi
1024 3188 1129 3259 sigillo
1158 3188 1319 3245 roboratas
1352 3185 1452 3242 eidem

188 3289 337 3366 Philippo
358 3293 456 3350 sutori
480 3308 535 3366 per
558 3294 722 3351 instantem
746 3295 843 3367 ipsius
867 3296 1051 3369 peticionem
1082 3294 1173 3366 digne
1205 3293 1351 3350 duximus
1382 3306 1452 3348 con·

184 3398 344 3457 cedendas.
367 3399 484 3456 Datum
508 3400 539 3458 in
563 3400 640 3457 testo
665 3401 747 3458 beati
771 3400 940 3459 Clementis
965 3417 1046 3475 pape
1069 3408 1098 3458 et
1123 3400 1268 3458 martiris.
1293 3400 1381 3455 Anno
1398 3397 1451 3454 do·

186 3506 263 3563 mini
285 3505 454 3563 millesimo
478 3506 783 3579 quadringentesimo
805 3509 1064 3581 quinquagesimo
1087 3509 1229 3581 septimo

293 3641 427 3705 Originale
445 3643 471 3691 in
491 3643 586 3693 charta.
608 3645 634 3692 A
655 3651 726 3706 tergo
745 3646 883 3706 vestigium
902 3647 1020 3708 impressi
1038 3644 1127 3707 sigilli.
1147 3646 1178 3693 In
1199 3645 1313 3693 archivio
1332 3644 1377 3695 lib.
1399 3662 1451 3709 reg.

185 3728 255 3780 civit.
274 3729 374 3792 zagrab.

776 3928 857 3994 196.

291 4083 372 4131 Anno
394 4095 467 4149 1457,
489 4083 530 4135 26.
551 4085 706 4136 novembris.
728 4086 874 4148 Zagrabiae.

184 4207 323 4277 Michael,
345 4208 404 4266 ord.
421 4210 558 4283 fratrum
582 4211 788 4280 Eremt'tarum,
811 4231 910 4270 corum
933 4214 1106 4284 rnagvsrralu
1123 4230 1226 4283 agrum
1243 4212 1449 4268 hereditarium

407 4316 549 4393 Johunni
570 4317 698 4376 Pivan'c‘
715 4319 779 4386 civi,
804 4320 919 4392 <rosque
933 4318 1083 4376 heredibus
1106 4317 1208 4375 vendit.

290 4457 354 4515 Nos
378 4458 561 4532 Anthonius,
583 4459 668 4519 filius
692 4461 819 4532 Thome,
850 4459 953 4536 judex,
985 4461 1137 4531 Clemens,
1175 4461 1359 4532 Demetrius,
1383 4459 1448 4517 Ste-

184 4563 315 4635 phanus,
332 4563 449 4637 Petrus,
466 4566 661 4638 Laurencius‚
685 4567 814 4639 Blasius,
839 4569 937 4625 Lucas
961 4574 990 4625 ct
1015 4568 1146 4625 Mathias
1161 4566 1263 4642 jurati,
1281 4568 1449 4626 consiliarii

183 4671 214 4725 et
235 4669 373 4728 universi
406 4671 489 4728 cives
513 4672 646 4730 civitatis
670 4673 784 4731 montis
807 4673 976 4731 Grecensis.
1011 4673 1160 4730 hiemorie
1194 4674 1448 4731 commendamus

183 4779 289 4832 tenore
312 4777 507 4850 presencium
531 4778 739 4851 significantes
763 4780 876 4852 quibus
900 4779 1026 4854 expedit
1048 4781 1208 4851 universis,
1235 4781 1318 4854 quod
1344 4781 1448 4853 religi·

182 4892 257 4937 osus
281 4880 329 4939 vir
357 4880 452 4941 frater
474 4885 606 4942 hlichael
641 4886 799 4957 heremita,
823 4886 907 4943 lilius
942 4887 1073 4944 condam
1109 4886 1267 4960 Stephani,
1301 4904 1382 4946 nunc
1417 4889 1447 4945 in

1366 5010 1400 5063 1r
