3278 5348
593 457 667 514 Doc.
692 467 763 529 229.
790 486 829 497 -
854 462 910 514 An.
934 449 1031 531 1464.

295 776 375 823 Anno
398 773 472 835 1464,
494 784 533 837 ¹7·
550 773 669 838 januarii.
689 757 803 821 Comae.

188 868 335 936 Matios,
357 867 536 939 Hungariae
556 874 605 923 etc.
628 884 689 937 rex,
714 865 872 932 Dorotcae,
898 863 1033 921 viduatae
1055 871 1143 921 morte
1159 863 1291 936 Heningr
1305 861 1339 919 de
1353 858 1439 928 Sused,

189 965 274 1026 octat,
297 964 332 1013 ut
352 958 382 1012 in
413 954 529 1012 Stuoica
551 955 727 1028 possessione
750 972 769 1007 a
791 953 899 1010 civibus
928 952 1161 1026 zagrobiensibus
1183 951 1321 1009 mutum
1341 956 1369 1006 ct
1386 948 1439 1006 tels»

676 1044 755 1098 nium
771 1049 865 1115 porro
881 1050 974 1118 petat.

914 1162 1068 1211 Commissio
1087 1162 1193 1226 propria
1210 1160 1310 1212 domini
1328 1160 1399 1223 regis.

294 1261 425 1318 Mathias
450 1259 498 1317 dei
515 1260 618 1332 gracia
633 1274 687 1316 rex
713 1259 879 1330 Hungarie,
896 1256 1064 1326 Dalmacie,
1083 1255 1211 1313 Croacie
1227 1261 1285 1314 ete
1302 1254 1440 1312 Generose

188 1366 312 1426 domine
325 1366 489 1434 Dorothee,
502 1364 609 1422 relicte
621 1363 753 1421 condam
766 1364 918 1435 llennyng
935 1362 974 1419 de
985 1360 1184 1433 Zomzedrar‚
1196 1362 1330 1419 salutem
1346 1366 1375 1417 et
1386 1372 1441 1432 gra·

187 1475 275 1532 ciam.
292 1472 475 1546 Expositum
491 1472 591 1528 extitit
607 1471 758 1527 maiestati
782 1479 884 1526 nostre
900 1470 931 1526 in
956 1469 1094 1541 personis
1116 1467 1261 1525 fidelium
1279 1474 1442 1524 nostrorum

186 1579 374 1654 prudentum
398 1584 427 1634 et
450 1577 744 1649 circumspectorum
769 1576 908 1633 virorum
935 1573 1044 1649 judicis
1067 1580 1098 1632 et
1122 1573 1308 1649 juratorum,
1339 1578 1441 1630 cetero·

186 1701 319 1759 rumque
343 1685 458 1741 civium
482 1690 511 1739 et
526 1683 623 1740 tocius
638 1681 869 1739 communitatis
893 1681 1025 1738 civitatis
1041 1688 1144 1737 nostre
1161 1680 1277 1737 montis
1293 1677 1443 1737 Grecensis

187 1791 357 1850 admodum
373 1790 478 1862 gravis
502 1789 635 1861 querele,
659 1786 742 1859 quod
766 1788 910 1858 quamvis
931 1786 1039 1844 eadem
1072 1786 1181 1844 civitas
1211 1793 1319 1843 nostra
1343 1784 1444 1842 montis

187 1899 348 1956 Grecensis
363 1912 398 1954 ac
415 1896 549 1953 universi
566 1896 657 1963 cives,
681 1894 817 1966 hospites
841 1901 870 1950 et
894 1893 1114 1950 inhabitatores
1137 1890 1278 1949 eiusdem
1295 1908 1352 1966 per
1367 1891 1444 1948 diros

187 2020 275 2076 reges
292 2003 458 2074 Hungarie,
477 2009 598 2058 nostros
622 1999 738 2057 scilicet
762 1999 1002 2072 predecessores,
1025 1998 1066 2055 ab
1082 1999 1167 2054 omni
1183 1997 1344 2054 solucione
1359 1998 1445 2055 tribu·

187 2119 290 2168 torum
314 2117 343 2167 et
363 2109 571 2165 theloniorum
595 2107 783 2177 ubicumque
806 2112 836 2162 et
859 2108 890 2162 in
913 2119 1110 2178 quocumque
1134 2104 1203 2161 loco
1219 2104 1252 2160 in
1276 2105 1379 2176 regnis
1400 2117 1446 2161 no·

186 2218 257 2273 stris
275 2215 440 2286 ilungarie,
465 2213 625 2270 Dalmacie
647 2219 676 2268 et
694 2212 820 2269 Croacie
845 2210 991 2284 predictis
1014 2225 1049 2266 ac
1075 2209 1218 2283 partibus
1240 2209 1361 2267 eisdem
1383 2211 1444 2267 sub

187 2324 272 2380 iectis
296 2322 475 2377 habitorum
500 2326 529 2375 et
551 2319 632 2389 exigi
648 2318 820 2385 solitorum,
837 2318 976 2388 graciose
999 2322 1144 2389 exempta
1159 2316 1200 2373 sit
1223 2322 1254 2372 et
1276 2315 1445 2391 supportati

186 2429 366 2497 habeantur,
392 2436 492 2482 tamen
519 2441 572 2482 vos
589 2427 619 2481 in
644 2425 835 2498 possessione
862 2423 1056 2495 Zthobyczan
1080 2429 1190 2480 vocata
1215 2422 1377 2496 quoddam
1399 2423 1443 2480 tn'·

186 2533 296 2590 butum
322 2548 438 2590 novum
457 2532 533 2603 erigi
559 2530 713 2600 fecissetis,
731 2537 760 2587 et
784 2532 814 2586 in
832 2530 941 2587 eodem
958 2545 1039 2587 novo
1064 2529 1181 2587 tributo
1205 2545 1301 2602 super
1318 2529 1446 2604 prefatos

186 2640 269 2696 cives
298 2644 420 2696 nostros
450 2654 485 2695 ac
509 2638 729 2694 inhabitatores
754 2637 833 2693 dicte
857 2638 989 2694 civitatis
1012 2644 1115 2693 nostre
1140 2637 1255 2694 montis
1279 2635 1444 2706 Grecensis,

186 2761 297 2817 resque
320 2753 350 2801 et
366 2747 446 2800 bona
464 2747 602 2816 ipsorum
623 2743 771 2815 quasdam
787 2745 966 2800 tributarias
982 2744 1160 2801 exacciones
1182 2751 1291 2800 contra
1319 2743 1447 2817 prelatas

186 2865 294 2907 eorum
313 2852 470 2907 libertates
487 2852 567 2921 exigi
585 2849 733 2919 taceretis,
750 2849 936 2923 eosdemque
958 2858 1122 2923 propterea
1146 2848 1303 2922 impediri,
1327 2850 1446 2907 turbare

186 2966 215 3012 et
240 2956 462 3028 dampnificare
483 2956 623 3014 faceretis
650 2959 678 3014 in
704 2958 842 3029 ipsorum
870 2957 1019 3013 libertatis
1044 2955 1262 3028 preludicium,
1280 2954 1446 3029 dampnum

187 3078 311 3133 quoque
336 3071 365 3118 et
396 3079 565 3134 gravamen
590 3063 680 3120 valde
704 3078 860 3134 magnum.
896 3063 932 3118 Et
956 3063 1027 3134 quia
1052 3078 1107 3118 nos
1132 3060 1270 3135 prefatos
1295 3063 1380 3118 cives
1402 3075 1447 3118 no

185 3174 265 3224 stros
290 3176 318 3223 et
343 3171 516 3239 quemlibet
539 3186 646 3227 eorum
672 3171 701 3226 in
726 3170 906 3242 prescriptis
930 3170 1069 3241 ipsorum
1091 3168 1227 3240 antiquis
1244 3168 1452 3235 libertatibus„

186 3271 371 3346 jurttnsqoe
403 3283 431 3330 et
464 3276 738 3333 consvetudinibus
769 3276 993 3333 inviolabiliter
1024 3275 1201 3331 conservari
1227 3275 1385 3343 volumus
1408 3276 1446 3348 ip·

189 3395 300 3448 sosque
335 3381 363 3433 in
389 3381 505 3437 eisdem
538 3399 594 3455 per
618 3384 797 3454 quempiam
831 3381 1028 3438 subditorum
1052 3388 1231 3441 nostrorum
1253 3381 1401 3454 impediri
1422 3388 1448 3437 et

188 3483 306 3538 turbari
341 3499 399 3540 non
434 3486 587 3557 volumus,
619 3487 688 3544 ideo
723 3488 813 3543 vobis
837 3489 948 3544 harum
972 3488 1051 3543 serie
1074 3486 1206 3543 firmiter
1229 3488 1447 3545 committimus

190 3597 217 3644 et
245 3589 436 3658 mandamus,
471 3598 620 3663 quatenus
652 3594 766 3649 amodo
790 3593 934 3666 deinceps
959 3592 1135 3650 huiusmodi
1160 3593 1343 3650 tributarias
1367 3608 1447 3651 exac-

185 3695 286 3749 ciones
318 3710 410 3767 super
443 3697 578 3768 prefatos
609 3702 699 3767 cives,
733 3700 868 3773 hospites
899 3708 928 3756 et
960 3700 1076 3757 incolas
1111 3697 1191 3756 dicte
1230 3699 1369 3757 civitatis
1400 3712 1447 3755 no·

185 3806 248 3855 stre
273 3802 384 3856 montis
409 3802 569 3860 Grecensis
600 3806 649 3861 vel
682 3807 819 3877 aliquem
851 3821 968 3877 eorum,
1000 3822 1048 3863 res
1084 3820 1208 3878 quoque
1237 3812 1266 3862 et
1292 3806 1375 3863 bona
1400 3819 1445 3862 eo·

187 3906 329 3962 rumdem
362 3917 467 3965 contra
499 3911 634 3982 prefatas
658 3913 796 3984 ipsorum
822 3914 962 3984 antiquas
987 3913 1146 3969 libertates
1168 3913 1200 3968 in
1225 3911 1347 3984 prefato
1371 3922 1447 3969 novo

189 4012 305 4068 tributo
329 4023 432 4070 vestro
458 4017 486 4071 in
511 4016 592 4073 dicta
616 4019 807 4089 possessione
832 4018 1027 4089 Zthobyczan
1051 4018 1133 4089 exigi
1156 4017 1249 4074 solito
1273 4023 1304 4075 et
1327 4019 1358 4075 in
1381 4017 1446 4076 aliis

184 4119 308 4174 tributis
340 4122 449 4177 vestris
473 4123 554 4193 exigi
580 4123 679 4180 lacere
703 4141 855 4196 nusquam
881 4133 910 4180 et
935 4139 1130 4196 nequaquam
1165 4125 1363 4195 presumatis
1388 4138 1448 4182 eos·

184 4223 317 4295 demque
350 4235 513 4298 propterea
551 4229 579 4283 in
611 4231 750 4309 ipsorum
787 4232 934 4302 personis,
975 4232 1130 4302 rebusque
1165 4235 1195 4286 et
1218 4229 1312 4287 bonis
1345 4243 1448 4288 eorum

185 4331 377 4401 quibuslibet
410 4333 570 4404 impediri,
603 4336 721 4391 turbari
756 4343 785 4392 et
821 4336 1036 4408 dampnificari
1068 4334 1169 4393 faeere
1209 4350 1271 4392 non
1315 4335 1448 4394 debeatis

183 4452 238 4492 nec
269 4436 335 4493 sitis
366 4439 432 4493 ausi
465 4438 557 4494 modo
589 4440 718 4511 aliquali
753 4443 854 4512 gracie
879 4450 981 4498 nostre
1004 4444 1062 4499 sub
1087 4448 1226 4514 optentu.
1252 4441 1448 4500 Presentibus

183 4542 336 4614 perlectis,
360 4544 517 4600 exhibenti
541 4546 696 4602 restitutis¹
732 4547 847 4603 Datum
872 4549 902 4605 in
927 4548 1061 4604 Chasma
1085 4547 1162 4606 feria
1185 4548 1280 4605 tercia
1306 4551 1448 4622 proxima

182 4653 252 4705 ante
285 4648 397 4706 testum
422 4650 509 4706 beate
533 4651 635 4707 Prisce
658 4653 794 4722 virginis.
823 4656 912 4711 rlnno
948 4653 1066 4711 domini
1102 4653 1273 4712 millesimo
1306 4655 1449 4729 quadrin-

182 4758 352 4827 gentesimo
375 4758 566 4827 sexagesimo
591 4769 711 4828 quarto.

288 4857 421 4918 Originalc
440 4858 466 4904 in
486 4857 580 4913 charta,
601 4859 626 4904 in
646 4875 696 4920 qua
716 4860 831 4920 sigillum
851 4863 932 4908 ninius
953 4863 1113 4924 impressum.
1134 4863 1164 4909 Iu
1181 4861 1276 4914 archiv.
1295 4862 1357 4914 incl.
1369 4862 1449 4912 Acad.

182 4927 277 4977 Sciunt.
297 4927 394 4978 Slavor.
415 4929 504 4976 merid.
