3278 5348
534 97 608 154 Dec.
623 108 677 171 32·
702 128 745 140 -
769 93 825 151 An.
851 107 938 169 1422.
1325 108 1365 166 3⁷

50 311 188 375 diebus
229 317 267 373 in
306 313 427 372 eisdem
460 310 573 370 litteris
607 310 720 368 nostris
751 308 867 367 eisdem
900 309 1029 385 pretiatis
1052 315 1082 368 et
1104 307 1293 367 sufficienter
1315 325 1368 366 ex-

51 423 195 495 pressis
226 435 344 480 coram
381 419 472 477 nobis
507 417 660 491 legittime
694 416 914 490 comparendo,
948 431 1005 474 nos
1039 416 1078 474 de
1112 415 1367 474 absolucionibus

47 542 200 600 eorum,
229 528 262 585 si
287 542 368 601 quas
390 526 542 584 haberent
563 539 582 582 a
604 524 743 599 pristinis
766 524 927 582 sentenciis
943 528 1009 582 tam
1024 521 1102 599 juris
1116 523 1255 580 canonici
1271 536 1366 595 quam

46 638 174 695 eciam
208 626 298 692 dicti
331 631 450 690 domini
483 630 633 714 Johannis
667 628 827 703 quondam
851 629 1060 702 zagrabiensis
1084 628 1234 703 episcopi,
1257 628 1366 701 prede·

44 743 222 802 cessoris
250 740 362 810 nostri,
375 744 406 796 et
428 738 506 795 alias
531 737 571 795 de
593 741 624 794 et
647 752 741 811 super
764 736 881 795 eisdem
905 737 1067 794 sentenciis
1091 740 1236 810 pretextu
1253 735 1366 809 prioris

43 838 269 907 invasionis
306 845 506 903 dominorum
539 842 579 900 de
613 843 768 915 capitulo,
804 842 1084 916 prebendariorum
1117 848 1147 899 et
1181 841 1366 900 clericorum

43 955 313 1027 predictorum
338 956 368 1009 et
391 949 616 1008 combustionis
639 948 769 1022 pristine
799 951 941 1023 superius
971 950 1069 1007 lacius
1099 949 1262 1023 expressis,
1294 947 1366 1005 latis

43 1060 91 1121 in
120 1058 279 1119 eosdem
303 1061 368 1114 tam
391 1057 422 1114 in
445 1055 557 1130 specie,
581 1069 676 1128 quarn
700 1054 731 1112 in
755 1071 866 1128 genere
889 1054 941 1111 vel
965 1055 1043 1112 alias
1066 1054 1289 1128 quoquomodo
1312 1055 1365 1113 vel

43 1171 185 1228 eciam
215 1163 430 1238 promulgatis
453 1162 529 1236 ipsis
548 1160 637 1232 datis,
660 1159 749 1218 sactis
773 1161 908 1235 desuper
930 1168 960 1219 et
983 1163 1134 1221 concessis
1164 1177 1199 1218 ac
1227 1160 1365 1219 satisfac·

41 1275 236 1335 cionibus
260 1269 407 1329 similiter
429 1283 490 1342 que
512 1247 551 1325 de
573 1264 641 1343 jure
664 1268 866 1340 requiruntur
887 1267 1054 1342 superinde
1078 1267 1207 1342 prefatis
1231 1267 1365 1326 dominis

42 1380 106 1441 cle
136 1376 299 1453 capitulo
319 1380 350 1434 et
371 1390 430 1450 pro
453 1374 614 1448 premissis
638 1380 667 1431 et
691 1373 835 1446 quolibet
851 1375 1076 1449 premissorum
1092 1390 1128 1432 ac
1143 1374 1214 1432 aliis
1230 1389 1365 1447 quorum

48 1490 226 1548 interest
252 1482 389 1556 inpensis
410 1486 441 1540 et
464 1480 611 1539 exhibitis
635 1480 727 1555 plene
751 1487 782 1538 et
804 1480 995 1540 sufficienter
1028 1481 1232 1540 informarent
1256 1487 1286 1539 et
1308 1494 1366 1555 pro

51 1595 245 1670 ipsorum
267 1588 443 1648 animarum
466 1588 567 1646 salute
590 1585 755 1646 edocerent
778 1587 938 1647 evidenter
960 1593 990 1645 et
1006 1589 1164 1662 signanter
1179 1589 1211 1646 in
1228 1587 1365 1661 quodam

50 1702 146 1761 alio
175 1697 319 1756 termino
342 1700 426 1754 certo
449 1694 599 1765 ulteriori,
612 1694 770 1752 similibus
786 1694 897 1753 litteris
912 1695 1026 1753 nostris
1042 1695 1161 1752 eisdem
1177 1693 1366 1754 sufficienter

53 1805 231 1883 prefixum
254 1816 361 1861 coram
383 1801 475 1859 nobis
499 1806 716 1874 comparerent
738 1800 890 1874 legittime
912 1801 964 1858 vel
989 1816 1044 1875 per
1066 1816 1138 1859 suos
1169 1802 1366 1875 responsales

54 1913 117 1973 de
148 1917 185 1970 et
211 1924 309 1983 super
326 1908 472 1966 omnibus
487 1907 557 1966 aliis
574 1907 734 1981 premissis
752 1913 858 1965 contra
875 1906 1029 1981 prefatam
1045 1908 1209 1966 ecelesiam
1225 1913 1364 1966 nostram

56 2036 143 2079 nec
170 2031 239 2075 uon
263 2014 388 2073 eosdem
410 2013 555 2072 dominos
578 2013 616 2071 de
633 2014 780 2087 capitulo,
796 2013 1021 2088 prebendarios
1037 2030 1073 2072 ac
1089 2015 1208 2072 clerum
1224 2020 1365 2074 nostrum

63 2124 154 2202 jam
182 2123 225 2181 de
248 2136 338 2193 novo,
361 2128 396 2180 ut
419 2122 618 2196 premittitur,
640 2122 784 2195 nequiter
813 2123 1009 2196 perpetratis,
1040 2124 1139 2195 nobis,
1174 2123 1227 2194 qui
1262 2122 1367 2179 huius·

68 2230 182 2291 modi
208 2227 391 2286 eorumdem
415 2228 544 2286 iniurias
564 2231 685 2285 nostras
708 2229 923 2302 reputavimus
947 2233 977 2285 et
1000 2234 1181 2301 reputamus
1196 2243 1232 2285 ac
1248 2227 1366 2285 eisdem

72 2336 272 2412 plenariam
295 2341 349 2392 aut
378 2334 491 2391 saltem
520 2338 749 2407 competentem
781 2334 1033 2393 satisfaccionom
1065 2333 1289 2408 impenderent,
1320 2333 1365 2391 ia·

74 2448 200 2503 cenent
225 2448 254 2499 et
277 2441 375 2499 eciam
399 2440 591 2511 exhiberent,
614 2440 737 2513 sibique
761 2440 799 2497 de
830 2440 933 2498 debite
970 2440 1179 2498 absolucionis
1214 2440 1366 2498 beneficio

80 2548 301 2624 providerent
324 2547 422 2605 eciam
446 2562 510 2620 quo
535 2546 575 2604 ad
598 2546 728 2620 plenum
752 2546 803 2603 vel
826 2561 952 2605 eausam
988 2562 1042 2604 seu
1078 2561 1194 2617 causas,
1228 2548 1254 2604 si
1289 2562 1366 2619 quas

85 2655 177 2714 sorte
201 2654 351 2712 haberent
372 2652 587 2723 racionabiles;
611 2667 707 2725 quare
730 2654 886 2726 premissa
909 2653 1014 2710 omnia
1037 2658 1067 2711 et
1091 2652 1213 2724 singula
1237 2653 1280 2710 sic
1297 2653 1365 2711 fieri

88 2767 126 2821 et
150 2761 262 2830 facere,
285 2761 443 2832 signanter
468 2773 564 2832 quare
587 2758 626 2816 de
650 2774 734 2818 novo
757 2761 927 2817 sentencias
951 2765 1021 2817 ante
1053 2760 1132 2817 latas
1163 2760 1194 2816 in
1226 2759 1303 2816 tales
1336 2765 1366 2817 et

91 2868 313 2943 promulgatas
336 2865 481 2925 incidisse
503 2865 748 2940 dampnabiliter
782 2866 936 2924 declarari
968 2873 999 2924 et
1034 2867 1112 2923 alias
1146 2866 1292 2923 similiter
1326 2865 1365 2922 de

92 2989 179 3032 novo
215 2980 280 3032 tam
314 2973 346 3031 in
381 2972 484 3046 specie
518 2987 614 3045 quam
644 2973 674 3029 in
709 2987 819 3045 genere
843 2974 1106 3030 excommunicari
1128 2972 1159 3029 in
1184 2965 1306 3044 scriptis
1330 2988 1366 3030 ac

98 3079 245 3154 suspendi
268 3086 299 3138 et
322 3080 463 3153 ipsorum
487 3079 637 3151 sacrilega
660 3080 865 3136 communitas
895 3094 930 3136 ac
962 3081 1021 3151 ipsi
1053 3094 1160 3137 omnes
1192 3080 1223 3137 in
1254 3094 1365 3151 genere

99 3201 150 3244 seu
174 3188 316 3261 ipsorum
339 3185 447 3244 civitas
471 3190 614 3260 pretensa
637 3185 818 3243 firmissimo
843 3184 1052 3242 ecclesiaatico
1077 3186 1176 3243 subici
1200 3185 1364 3244 interdicto

100 3308 159 3352 non
187 3292 336 3350 deberent
359 3292 520 3365 alegaturi,
543 3291 664 3363 dicturi,
688 3292 846 3365 excepturi
871 3297 900 3348 et
931 3291 1093 3348 deducturi
1123 3291 1222 3349 verbo
1250 3298 1303 3350 aut
1333 3294 1364 3351 in

102 3400 230 3474 scriptis,
254 3400 343 3458 citari
365 3398 496 3457 fecimus
517 3403 547 3456 et
569 3400 601 3457 in
624 3399 722 3457 nostri
747 3399 939 3472 presenciam
964 3399 1115 3470 legittime
1133 3400 1263 3456 evocari.
1288 3398 1365 3472 Qui-

101 3505 288 3580 busquidem
314 3505 455 3563 terminis
475 3504 712 3563 advenientibus
736 3512 767 3562 et
789 3521 856 3562 sese
880 3505 1081 3578 sequentibus
1104 3521 1159 3562 nec
1182 3520 1239 3578 per
1262 3521 1365 3564 senec

102 3629 154 3687 per
177 3613 351 3686 legittimos
372 3612 569 3686 responsales
602 3619 655 3670 aut
687 3614 815 3671 nuncios
850 3618 996 3670 curarunt
1031 3627 1221 3685 comparere,
1256 3627 1365 3684 ymmo

102 3726 243 3778 consvete
281 3718 464 3777 rebellionis
498 3719 677 3777 calcaneum
712 3720 853 3793 ipsorum
887 3733 922 3775 ac
957 3719 1120 3776 stimulum
1153 3718 1365 3777 inobediencie

102 3833 204 3884 contra
227 3839 285 3883 nos
314 3825 476 3898 erigentes,
499 3838 603 3882 coram
638 3825 729 3883 nobis
763 3826 987 3883 contumaciter
1020 3825 1231 3897 neglexerunt,
1270 3830 1363 3899 prout

102 3930 190 3991 hodie
224 3929 448 4002 contradicunt,
483 3945 672 4004 comparere.
707 3931 796 3991 Unde
820 3945 875 3988 nos
906 3945 965 4004 pro
996 3932 1146 3989 tribunali
1169 3930 1310 3988 sedentes
1334 3939 1363 3990 et

102 4038 198 4096 solum
215 4036 309 4096 deum
328 4053 383 4111 pre
407 4037 506 4095 oculis
528 4037 677 4096 habentes
700 4039 732 4097 iu
756 4038 899 4111 quolibet
922 4039 1127 4096 terminorum
1152 4037 1364 4110 predictorum

102 4141 127 4200 iu
150 4149 181 4203 et
204 4143 248 4201 ob
271 4143 499 4202 contumaciam
523 4158 630 4202 eorum
655 4160 690 4201 ac
712 4145 917 4202 rebellionem
942 4145 1084 4217 publicas
1120 4149 1149 4201 et
1185 4141 1364 4200 manifestas

103 4249 242 4309 similiter
265 4266 304 4308 ex
327 4248 434 4308 nitido
456 4255 563 4309 nostro
586 4252 677 4309 nobis
700 4251 891 4309 incumbenti
921 4251 1108 4325 supradicto,
1133 4249 1286 4307 dictorum
1310 4247 1363 4304 do

102 4357 253 4415 minorum
276 4362 305 4415 et
329 4356 461 4416 ecclesie
484 4357 612 4416 iniurias
635 4372 670 4415 ac
693 4372 836 4415 enormes
871 4358 1004 4415 offensas
1036 4362 1156 4415 nostras
1186 4358 1364 4428 reputantes

100 4462 134 4521 ad
156 4464 254 4522 nostri
276 4468 308 4523 et
322 4463 458 4523 ecclesie
480 4470 584 4522 nostre
607 4464 744 4538 predicte
767 4464 886 4537 syndici
909 4480 963 4522 seu
985 4462 1196 4537 procuratoris
1219 4461 1364 4533 legittimi

101 4567 276 4629 instanciam
301 4568 430 4630 eosdem
453 4568 546 4643 cives,
569 4571 718 4646 hospites,
741 4571 886 4646 populos,
909 4563 1036 4642 incolas,
1067 4569 1217 4639 homines,
1248 4565 1366 4644 judices
