3278 5348
185 430 221 471 aa
609 409 759 485 Doc.2,1.
784 440 823 450 -
849 406 906 464 An.
931 417 1017 484 1417.

181 626 331 684 traxerint
353 639 481 682 censura
505 624 609 694 simili,
633 622 848 697 appellacione
871 627 1016 696 cessante,
1033 623 1206 698 compellas
1222 625 1350 684 veritati
1364 625 1435 683 testi·

182 732 324 791 monium
347 731 520 804 perhibere.
544 731 661 788 Datum
684 729 874 800 Constancie,
897 729 1038 788 kalendis
1056 729 1148 814 Junii
1174 731 1263 790 Anno
1289 747 1309 790 a
1334 731 1438 791 nativi·

182 843 244 897 tate
267 837 386 896 domini
409 836 578 895 millesimo
601 835 907 911 quadringentesimo
929 834 1150 895 sextodecimo.
1174 836 1360 912 Apostolica
1376 837 1441 897 sede

181 951 318 1003 vacante.

287 1078 420 1143 Originale
438 1079 465 1127 in
485 1077 631 1127 membrana
649 1077 724 1127 valde
742 1094 846 1128 exesum
869 1086 894 1128 et
907 1079 1041 1144 illegibile.
1057 1079 1168 1132 Inarch.
1178 1095 1236 1132 ven.
1248 1080 1335 1146 Capit.
1348 1081 1445 1145 ηεαδ.

183 1167 244 1218 Act.
265 1167 327 1231 Cap.
347 1174 400 1219 ant.
419 1167 479 1218 fasc.
500 1167 523 1218 6.
544 1182 580 1218 nr.
602 1179 643 1217 20.

785 1360 845 1426 24

288 1504 367 1552 Anno
391 1515 464 1566 1417,
487 1515 525 1565 14.
545 1502 675 1552 februarii.
697 1504 845 1567 Zagrabiae.

182 1629 371 1686 Eberhardus
392 1631 535 1704 episcopus
558 1631 766 1706 zagrabiensiq
794 1631 918 1704 capitulo
947 1629 1076 1700 mandat,
1112 1636 1147 1686 ul
1169 1629 1449 1703 praebendanorum

182 1737 334 1808 collegium
358 1738 388 1791 in
419 1738 479 1793 eries
509 1720 763 1806 consocmdinibus,
786 1737 997 1809 Jmcttmmque
1025 1743 1054 1793 el
1074 1742 1270 1809 proventuum
1292 1737 1451 1810 perceptio·

182 1841 267 1900 m'bm
289 1842 433 1916 defendat,
456 1860 524 1899 treve
540 1842 821 1915 praebemlare'orum
843 1842 990 1915 collegium
1006 1840 1137 1915 parocho
1170 1841 1285 1899 cuilibet
1312 1850 1451 1915 quartam

648 1948 852 2026 parochialem
875 1949 977 2006 solvat.

288 2092 485 2151 Eberhardus
508 2093 558 2151 dei
581 2099 610 2151 et
633 2093 803 2166 apostolice
827 2091 909 2150 sedis
931 2092 1037 2165 gracia
1052 2091 1216 2166 episcopus
1232 2092 1452 2164 zagrabiensis,

182 2215 409 2273 sumpmusque
432 2200 636 2257 cancellarius
660 2199 744 2272 regie
767 2199 945 2256 maiestatis.
969 2198 1067 2256 Vobis
1099 2198 1332 2256 venerabilibus
1364 2199 1451 2270 viris,

182 2306 317 2364 dominis
340 2306 454 2364 Mathie
478 2307 646 2380 preposit0,
670 2303 811 2363 Gerardo
835 2305 952 2376 lectori,
975 2304 1108 2387 Johanni
1143 2305 1270 2376 cantori,
1301 2303 1450 2363 Ladislao

182 2405 357 2471 kathedrali
381 2417 410 2469 et
434 2411 586 2494 Gregorio
611 2411 649 2469 de
671 2412 776 2484 Bexin,
808 2410 1052 2483 archidyaconis,
1074 2426 1110 2468 ac
1138 2409 1292 2485 Gregorio
1319 2409 1452 2483 custodi,

182 2519 376 2591 singulisque
392 2519 554 2590 canonicis,
579 2519 696 2591 totique
719 2518 857 2592 capitulo
881 2517 1009 2575 ecclesie
1025 2522 1130 2575 nostre
1144 2517 1363 2590 zagrabiensis,
1388 2507 1450 2575 fra-

185 2625 286 2681 tribus
302 2625 414 2680 nostris
432 2624 461 2681 iu
478 2624 602 2682 Christo
620 2625 794 2696 carissimis,
811 2624 842 2682 in
859 2624 973 2682 virtute
989 2629 1091 2681 sancte
1117 2622 1296 2681 obediencie
1315 2621 1453 2682 firmiter

184 2730 376 2803 precipimus
394 2735 423 2786 et
440 2730 566 2787 omnino
581 2731 721 2788 volentes
737 2729 932 2802 mandamus,
949 2736 1099 2804 quatenus
1115 2729 1347 2804 prebendarios,
1363 2727 1452 2788 vide·

185 2836 258 2892 licet
281 2837 471 2910 presbiteros
495 2835 575 2894 dicte
606 2837 736 2895 ecclesie
767 2843 870 2895 nostre
901 2837 1117 2910 zagrabiensis,
1151 2841 1310 2910 presentes
1341 2839 1371 2893 et
1403 2835 1452 2894 fu-

183 2948 276 3009 turos,
298 2941 428 3014 singulis
452 2943 646 3015 temporibus
669 2943 791 3014 nostris,
815 2942 1063 3000 irrevocabiliter
1085 2943 1117 3001 in
1140 2941 1258 3000 eisdem
1286 2947 1452 3001 consvetu·

183 3046 307 3105 dinibus
342 3048 465 3119 directe,
500 3047 729 3121 fructuumque,
765 3049 890 3120 iurium,
925 3054 1133 3124 proventuum
1166 3055 1196 3107 et
1226 3049 1451 3108 alimentorum

182 3153 376 3226 singulorum
400 3154 617 3227 undecumque
640 3155 894 3229 proveniencium
917 3162 947 3213 et
970 3156 1046 3229 ipsis
1070 3155 1327 3215 testamentaliter
1342 3155 1452 3229 legan-

182 3259 295 3317 dorum
319 3269 348 3318 et
371 3262 448 3318 alias
471 3260 801 3319 amministraudorum
824 3261 918 3320 modo
942 3277 1140 3335 quocumque
1163 3267 1193 3320 et
1216 3262 1383 3337 presertim
1419 3263 1453 3322 in

183 3367 383 3426 oblacionum
407 3374 436 3425 et
465 3368 696 3426 offertoriorum
720 3368 978 3442 percepcionibus
1000 3369 1031 3426 in
1063 3370 1172 3442 vigilia
1202 3369 1452 3444 Epiphaniarum

183 3472 311 3544 domini,
336 3481 476 3547 tempore
498 3474 719 3547 processionali
744 3474 867 3532 vivifice
890 3476 989 3532 crucis
1013 3474 1113 3533 fiende
1135 3474 1266 3549 singulis
1297 3475 1385 3532 aunis
1410 3474 1452 3532 ad

184 3579 293 3636 domos
329 3580 485 3638 dictorum
520 3581 746 3652 canonicorum,
782 3587 816 3638 ut
850 3582 946 3639 moris
982 3587 1036 3654 est,
1070 3597 1106 3640 ac
1140 3580 1350 3656 deportande;
1378 3580 1453 3639 aliis

183 3700 306 3759 quoque
330 3687 406 3743 locis
431 3692 458 3744 et
483 3687 678 3760 temporibus
702 3689 887 3762 opportunis
911 3689 1029 3745 eisdem
1063 3687 1307 3752 succedencium.
1342 3693 1453 3746 contra

184 3807 397 3864 quoscumque
421 3792 581 3850 defensare
605 3800 634 3850 et
658 3800 858 3852 manutenere
890 3794 1037 3867 debeatis,
1072 3801 1107 3851 ut
1140 3795 1172 3852 in
1205 3799 1309 3852 nostra
1340 3808 1453 3867 ragra-

182 3899 281 3955 biensi
306 3899 434 3955 ecclesia
457 3914 474 3955 a
498 3904 638 3973 tempore
662 3902 749 3958 cuius
771 3902 802 3958 in
825 3904 1016 3960 contrarium
1032 3900 1184 3959 memoria
1199 3900 1363 3958 homiuum
1387 3916 1453 3960 non

184 4005 294 4076 existit,
330 4019 454 4078 semper
488 4005 546 4063 fuit
580 4013 610 4064 et
644 4012 690 4064 est
715 4008 863 4065 hactenus
895 4010 1106 4079 observatum,
1129 4007 1311 4065 auctoritate
1333 4012 1453 4080 nostra,

182 4112 248 4167 sive
267 4118 376 4184 quarte
399 4112 565 4184 solucione,
588 4114 654 4171 sive
678 4114 806 4172 alterius
830 4115 985 4187 porcionis
1001 4113 1149 4187 aliqualis
1173 4113 1357 4185 cuicumque
1381 4112 1454 4186 ple-

183 4216 264 4274 bano
299 4222 402 4274 nostre
438 4217 587 4290 dyocesis,
621 4220 720 4277 eciam
755 4219 794 4277 de
828 4221 894 4277 iure
918 4218 1059 4277 debende
1082 4225 1135 4277 aut
1157 4217 1307 4278 solvende
1329 4224 1360 4276 et
1380 4235 1454 4293 pre-

181 4317 290 4381 sertim
314 4329 420 4382 contra
444 4325 600 4399 quendam
624 4326 791 4383 llartinum
815 4327 1026 4384 sublectorem
1049 4341 1085 4383 ac
1113 4325 1285 4400 plebanum
1319 4325 1453 4385 ecclesie

182 4431 278 4488 sancti
302 4431 435 4489 Emerici
459 4432 547 4489 ducis
570 4431 609 4488 de
632 4431 784 4504 Zagrabia
808 4448 893 4490 nunc·
923 4439 952 4489 et
987 4431 1026 4491 de
1054 4433 1189 4506 presenti
1216 4430 1343 4490 eosdem
1375 4447 1450 4505 pre·

182 4536 347 4594 bendarios
371 4538 402 4594 in
436 4537 605 4610 premissis,
637 4542 670 4595 ut
704 4537 841 4595 veridica
864 4539 1033 4612 recipimus
1063 4538 1217 4596 relacione
1249 4536 1305 4597 sed
1335 4536 1449 4612 displi-

182 4647 293 4715 center,
317 4643 492 4716 plurimum
517 4643 741 4715 molestantem,
765 4659 800 4702 ac
823 4650 940 4703 ceteros
971 4645 1123 4720 plebanos
1145 4643 1285 4703 eiusdem
1314 4643 1447 4704 ecclesie

184 4749 281 4807 sancti
306 4749 440 4807 Emerici
470 4749 576 4823 ducis,
611 4757 768 4825 presentes
802 4758 832 4810 et
862 4751 993 4823 futuros,
1025 4766 1239 4826 quoscumque
1275 4765 1335 4826 pro
1370 4756 1451 4811 tem-

182 4869 259 4929 pore
281 4856 453 4930 existentes,
475 4857 589 4931 quibus
623 4874 717 4932 super
748 4858 808 4917 hiis
843 4866 1031 4934 perpetuum
1064 4859 1228 4945 silencium
1251 4856 1450 4945 presencium
