3278 5348
605 425 679 483 Dor.
703 438 771 502 13⁰·
798 456 838 466 -
862 425 920 484 An.
943 438 1033 504 1441.
1377 430 1437 505 183

166 640 333 715 loquentes
356 646 387 700 et
409 639 551 712 directas,
575 639 756 700 obediencia
791 656 854 715 qua
888 641 991 701 decuit
1022 646 1053 701 et
1087 641 1176 701 licuit
1209 642 1357 702 noveritis
1379 657 1436 702 nos

167 747 322 821 recepisse
344 747 376 805 in
398 747 456 805 hec
479 747 592 806 verba:
616 739 701 826 (vide
723 747 801 806 Doc.
829 747 898 807 128.
923 748 961 807 de
984 763 1065 807 anno
1092 762 1184 824 1439.
1201 747 1251 807 die
1270 762 1318 823 13.
1340 741 1437 832 Julii).

168 850 232 911 Nos
254 852 361 927 itaque
380 852 534 912 mandatis
554 853 653 927 ipsius
669 859 771 912 vestre
786 855 958 914 serenitatis
980 858 1104 930 semper
1128 854 1256 914 obedire
1271 855 1437 933 cupientes,

167 964 202 1017 ut
225 965 378 1032 tenemur,
401 966 544 1018 nostrum
565 959 725 1017 hominem
749 959 894 1020 videlicet
928 961 1097 1020 discretum
1133 961 1237 1020 virum
1272 960 1435 1019 dominum

169 1062 365 1140 Stephanum
396 1066 606 1141 presbiterum
629 1072 782 1125 rectorem
805 1068 927 1142 capelle
948 1069 1045 1126 sancti
1067 1068 1216 1151 Johannis
1239 1068 1437 1142 ewangeliste

168 1187 264 1247 supra
288 1171 412 1231 Novam
436 1173 549 1231 villam
568 1173 735 1244 existentis,
758 1174 846 1232 chori
867 1174 995 1232 ecclesie
1011 1179 1116 1232 nostre
1139 1173 1381 1248 prebendarium
1396 1173 1436 1232 ad

168 1278 321 1351 premissa
343 1278 479 1337 fideliter
501 1277 678 1353 peragenda
700 1284 808 1337 nostro
831 1293 890 1353 pro
906 1279 1083 1339 testimonio
1106 1279 1335 1338 transmisimus
1359 1278 1436 1337 fide·

167 1382 308 1457 dignum.
330 1383 392 1458 Qui
415 1384 543 1443 tandem
566 1384 677 1443 exinde
700 1383 740 1442 ad
777 1400 833 1442 nos
856 1400 1001 1444 reversus
1037 1389 1067 1443 et
1102 1401 1158 1459 per
1191 1400 1248 1444 nos
1270 1384 1437 1459 diligenter

166 1490 334 1564 requisitus
356 1489 396 1548 ad
430 1491 619 1549 consciencie
648 1506 702 1548 sue
725 1491 895 1565 puritatem
924 1493 1032 1549 retulit
1067 1506 1103 1549 eo
1139 1490 1243 1562 modo,
1275 1489 1434 1564 quomodo

165 1595 233 1671 ipse
256 1594 334 1654 feria
357 1604 444 1655 sexta
459 1597 605 1656 videlicet
621 1597 653 1654 in
670 1596 778 1671 vigilia
795 1596 866 1655 festi
887 1597 972 1655 beati
993 1597 1104 1680 Jacobi
1127 1597 1263 1672 apostoli
1285 1597 1431 1671 proxime

166 1703 310 1776 preteriti
335 1704 417 1762 circa
458 1702 596 1778 prefatos
619 1700 763 1779 judicem,
796 1701 924 1779 juratos,
958 1710 1137 1777 ceterosque
1171 1704 1254 1762 cives
1284 1708 1315 1761 et
1336 1708 1435 1761 totam

165 1809 421 1867 communitatem
438 1808 576 1884 predicte
592 1809 726 1868 civitatis
750 1813 853 1867 vestre
875 1809 1049 1868 serenitatis
1073 1810 1187 1868 montis
1210 1807 1372 1867 Grecensis
1396 1807 1434 1866 de

165 1912 319 1987 Zagrabia
340 1914 381 1972 ad
397 1915 528 1973 domum
544 1915 666 1973 consilii
688 1913 828 1973 eiusdem
843 1915 986 1987 civitatis,
1009 1916 1065 1973 ubi
1087 1914 1127 1972 ad
1150 1930 1261 1973 sonum
1284 1928 1434 1988 campane

165 2021 353 2093 generaliter
376 2026 407 2079 et
428 2021 628 2095 singulariter
659 2034 767 2079 omnes
797 2035 833 2078 ac
863 2020 1080 2079 universaliter
1109 2020 1224 2080 luerint
1246 2001 1432 2095 congregati,

165 2126 373 2201 personaliter
387 2127 573 2197 accessisset,
595 2127 703 2200 ibique
717 2124 847 2200 prefatis
863 2123 967 2201 judici,
983 2124 1100 2202 juratis,
1118 2127 1288 2200 ceterisque
1311 2126 1433 2185 civibus

165 2236 195 2291 et
217 2233 275 2292 toti
299 2233 515 2292 communitati
546 2232 685 2307 predicte
715 2233 849 2291 civitatis
880 2242 982 2291 vestre
1015 2234 1187 2292 serenitatis
1218 2234 1332 2292 montis
1356 2232 1432 2292 Gre-

165 2340 264 2398 censis
286 2341 476 2414 prescriptas
500 2340 619 2397 litteras
632 2349 735 2397 vestre
747 2338 939 2397 celsitudinis
955 2339 1145 2398 exhibuisset
1169 2346 1199 2397 et
1219 2345 1432 2414 presentasset.

165 2445 358 2521 Quiquidem
382 2448 465 2504 cives
489 2445 607 2504 eisdem
631 2445 744 2503 litteris
767 2449 868 2503 vestre
891 2447 1064 2504 serenitatis
1088 2462 1158 2505 cum
1182 2445 1361 2505 obediencia
1383 2462 1432 2505 re·

165 2553 261 2628 ceptis
285 2560 316 2611 et
338 2567 446 2610 earum
470 2551 694 2610 continenciam
717 2550 882 2625 diligenter
904 2551 1051 2626 perlectis
1074 2551 1112 2611 ad
1137 2557 1279 2611 contenta
1310 2567 1431 2610 earum·

165 2656 236 2717 dem
259 2659 365 2717 taliter
386 2657 627 2732 respondissent,
651 2656 734 2730 quod
754 2658 815 2731 ipsi
838 2656 942 2716 nullas
958 2659 1059 2716 minas
1075 2675 1129 2716 seu
1149 2659 1305 2717 minarum
1328 2659 1429 2732 impo-

165 2766 292 2825 siciones
315 2763 449 2823 dominis
472 2763 510 2822 de
533 2762 616 2822 dicto
651 2764 789 2838 capitulo
824 2769 855 2823 et
889 2778 997 2822 eorum
1031 2765 1210 2824 hominibus
1244 2765 1431 2823 intullissent

165 2887 217 2930 uec
239 2869 390 2930 inferrent
414 2869 452 2928 de
474 2871 617 2945 presenti,
634 2875 664 2927 et
676 2869 829 2944 quidquid
846 2877 952 2929 contra
973 2872 1057 2945 ipsos
1081 2870 1200 2946 prefate
1221 2873 1305 2945 regie
1320 2872 1430 2929 maies-

165 2979 217 3038 tati
239 2984 402 3037 narratum
425 2977 575 3036 extitisset
597 2977 829 3050 perverbum:
860 2975 935 3034 deus
966 2992 1029 3035 non
1059 2978 1119 3049 det,
1143 2977 1224 3036 iacta
1246 2977 1314 3036 iore
1336 2976 1434 3035 abne'

165 3090 294 3159 gassent.
318 3085 435 3142 Datum
458 3084 535 3143 seria
558 3084 653 3142 tercia
666 3083 810 3158 proxima
827 3089 898 3159 post
914 3082 1027 3140 iestum
1056 3085 1140 3142 beati
1162 3085 1272 3169 Jacobi
1295 3084 1429 3159 apostoli

165 3196 367 3266 prenotatum.
392 3193 483 3249 Anno
506 3190 626 3249 domini
644 3188 834 3265 supradicte.

265 3325 401 3389 Originale
419 3292 559 3376 in'charta.
580 3326 608 3374 A
627 3331 699 3388 tergo
717 3325 855 3388 vestigium
873 3325 991 3390 impressi
1004 3323 1093 3389 sigilli.
1113 3326 1146 3374 In
1161 3326 1256 3378 archiv.
1270 3342 1328 3379 ven.
1342 3324 1428 3391 Cepit.

165 3414 342 3479 ngrabiensis.
363 3415 424 3465 Act.
444 3413 507 3479 Cap.
527 3421 580 3463 ant.
599 3415 660 3464 fasc.
684 3425 723 3464 ιο.
743 3429 781 3465 nr.
804 3422 843 3464 12.

755 3644 837 3714 130.

265 3771 347 3820 Anno
370 3782 444 3834 1441,
466 3782 505 3831 19.
525 3769 623 3836 aprilis.
643 3772 727 3835 Prope
747 3769 888 3823 Sabariam.

165 3895 399 3957 Commum‘tatcm
421 3899 550 3957 crbr'tatis
573 3899 676 3956 orontis
710 3896 861 3956 Grecensis
883 3916 903 3954 a
925 3899 1077 3959 Friderico
1099 3909 1127 3959 et
1153 3901 1260 3971 Uln'co,
1282 3899 1427 3958 comitibus

331 4002 430 4074 Cilrbc,
453 4004 603 4078 exagitari
631 4004 806 4075 Vladt'slaus,
828 4004 1007 4079 Hungariae
1029 4014 1077 4064 etc.
1102 4025 1166 4077 rex,
1191 4014 1275 4067 vetat.

865 4142 1020 4193 Commissio
1039 4144 1143 4209 propria
1159 4143 1257 4194 domini
1276 4144 1352 4208 regis.

165 4275 173 4293 ·
263 4252 458 4312 Wladislaus
475 4253 526 4313 dei
548 4256 652 4328 gracia
673 4256 840 4329 ilungarie,
863 4255 998 4327 Polonie,
1022 4257 1191 4328 Dalmacie,
1217 4255 1345 4314 Croacie
1368 4262 1425 4316 etc.

165 4377 220 4435 rex,
243 4361 487 4434 Lythwanieque
511 4362 656 4435 princeps
679 4378 844 4436 supremus
867 4377 903 4420 ac
926 4364 1015 4421 heres
1038 4364 1149 4421 Ruscie
1173 4369 1228 4420 etc
1264 4361 1425 4422 Fidelibus

165 4466 268 4526 rostris
303 4466 421 4524 sincere
456 4466 585 4539 dilectis,
610 4467 786 4527 illustribus
819 4469 1015 4543 principibus
1049 4467 1206 4527 Friderico
1243 4473 1273 4527 et
1307 4468 1423 4540 Vlrim,

165 4570 244 4644 :ilie
268 4571 478 4646 Ortemburge
502 4580 531 4631 et
555 4573 684 4647 Zagorie
708 4575 882 4646 comitibus,
906 4575 1091 4633 salutemet
1121 4574 1267 4649 graciam.
1301 4573 1424 4632 Intelle-

165 4679 263 4737 ximus
286 4679 422 4752 qualiter
445 4695 501 4736 vos
525 4686 555 4738 et
577 4680 693 4739 nobilis
716 4680 842 4739 domina
865 4696 991 4739 consors
1027 4687 1138 4751 vestra,
1173 4680 1290 4740 scilicet
1320 4695 1424 4740 comes

165 4784 276 4855 Vlrice,
299 4785 435 4843 nescitur
457 4800 519 4859 qua
541 4785 580 4844 de
603 4802 695 4844 causa
718 4788 800 4845 cives
823 4787 956 4846 civitatis
985 4794 1090 4846 nostre
1120 4788 1235 4847 montis
1259 4786 1422 4847 Grecensis

165 4888 367 4951 liversimode
389 4891 582 4966 impediretis
605 4897 636 4951 et
658 4893 892 4968 perturbaretiS,
912 4894 1127 4970 impedireque
1149 4912 1211 4955 non
1232 4895 1423 4957 desisteretis
