3278 5348
195 409 257 468 ²30
628 391 703 449 Doc.
730 386 797 467 167.
822 423 864 434 -
888 392 943 448 An.
970 402 1057 469 1453.

196 610 319 668 Andree
334 609 445 686 judicis
462 609 555 668 modo
571 607 749 683 supradicto
766 606 937 666 confectam
962 613 992 665 et
1016 614 1200 680 emanatam,
1225 623 1288 667 non
1304 610 1453 681 abrasam,

121 712 128 727 '
192 733 253 776 non
281 718 491 788 cancellatam,
505 735 560 775 nec
583 717 615 776 in
638 716 744 789 aliqua
759 716 807 773 sui
823 721 911 790 parte
927 716 1073 775 viciatam
1096 716 1151 774 sed
1171 718 1300 775 omnino
1317 717 1451 790 quolibet

197 824 278 882 vicio
301 830 331 881 et
354 825 489 898 suspicio
504 830 660 882 carentem
676 822 872 896 reperientes,
889 822 1084 895 presentibus
1101 823 1212 881 litteris
1228 825 1344 882 nostris
1363 825 1453 897 privi-

192 930 359 1003 legialibus
375 931 467 988 inseri
484 930 629 988 facientes
645 933 675 987 et
692 927 798 1001 sigillo
813 934 920 985 nostro
938 931 1095 988 communi
1114 936 1264 1004 perpetuo
1290 931 1453 989 valituram

192 1035 418 1106 confirmantes,
443 1037 651 1111 prescriptum
675 1033 888 1092 molendinum
913 1035 945 1092 in
968 1036 1132 1106 vicinitate,
1156 1035 1339 1110 supradicto
1364 1036 1453 1095 modd

193 1142 362 1216 premisso,
385 1142 527 1200 habitum
552 1147 581 1199 et
604 1141 737 1200 existens
764 1155 799 1196 ac
836 1140 1010 1211 decurrens,
1043 1157 1113 1200 cum
1148 1143 1309 1215 premissis
1344 1143 1456 1201 cunctis

190 1248 254 1305 suis
277 1248 471 1318 utilitatibus,
494 1246 624 1323 juribus,
648 1247 764 1316 usibus,
786 1244 989 1321 subjacenciis
1012 1252 1042 1305 et
1074 1249 1272 1322 pertinenciis
1295 1249 1455 1320 universis,

190 1355 249 1412 sub
272 1355 337 1412 eius
360 1355 526 1428 prioribus,
550 1360 583 1411 ut
607 1352 786 1427 predicitur,
810 1353 893 1409 veris
917 1368 952 1409 ac
976 1354 1111 1427 antiquis
1131 1355 1231 1424 metis,
1254 1360 1351 1428 prout
1372 1355 1453 1413 ide'm

190 1459 404 1517 molendinum
428 1475 446 1517 a
469 1459 700 1518 construccione
723 1460 771 1516 sui
794 1466 823 1516 et
847 1459 1007 1531 primevos
1030 1474 1102 1517 suos
1135 1474 1330 1534 possessores
1365 1478 1455 1521 veros

191 1571 220 1623 et
243 1566 412 1638 legittimos
435 1566 582 1624 hactenus
604 1567 664 1624 rite
688 1571 718 1623 et
741 1565 893 1637 legittime
917 1579 952 1622 ac
974 1563 1055 1640 justo
1080 1565 1174 1623 modo
1198 1572 1319 1633 tentum
1343 1568 1402 1627 suit
1426 1575 1455 1628 et

190 1685 375 1745 possessum,
403 1672 549 1745 predictis
573 1671 721 1740 fratribus
735 1677 903 1728 conventus
919 1673 1073 1745 prenotati
1089 1671 1217 1731 claustri
1241 1675 1340 1733 sancti
1363 1675 1456 1733 Fran·

191 1778 263 1836 cisci
293 1779 488 1852 presentibus
524 1779 640 1852 pariter
675 1785 705 1834 et
740 1776 852 1834 futuris
888 1777 920 1835 in
954 1776 1063 1835 eodem
1102 1777 1238 1836 claustro
1262 1779 1320 1838 deo
1345 1779 1456 1840 devote

192 1883 414 1943 famulantibus
436 1901 489 1942 seu
513 1884 702 1942 famulandis
726 1883 878 1958 premisso
902 1884 1073 1957 empcionis
1109 1885 1199 1942 titulo
1232 1886 1310 1959 ipsis
1338 1888 1456 1946 incum-

191 1991 290 2061 bente,
314 1991 429 2049 eisdem
454 1992 565 2050 litteris
587 1993 700 2050 nostris
724 1991 919 2064 presentibus
950 1990 1200 2063 privilegialibus
1235 1993 1402 2052 statuimus
1426 1999 1455 2054 et

191 2095 411 2155 confirmamus
433 2098 608 2155 racionibus
631 2103 661 2156 et
684 2098 784 2155 causis
798 2111 847 2154 'ex
871 2098 1039 2170 premissis,
1061 2094 1129 2173 jure
1153 2102 1305 2172 perpetuo
1327 2106 1359 2157 et
1383 2101 1455 2159 irre·

191 2203 375 2261 vocabiliter
406 2204 628 2278 possidendum
652 2211 682 2262 et
718 2203 1012 2278 quomodocumque
1038 2204 1194 2262 voluerint
1225 2204 1453 2279 disponendum

190 2309 275 2366 iuxta
298 2310 510 2368 condicionem
534 2317 564 2370 et
598 2309 849 2387 jurisdiccionem
885 2311 1019 2368 civitatis
1054 2317 1215 2384 prenotate
1251 2312 1292 2370 ab
1326 2314 1453 2387 antiquo

190 2416 396 2489 approbatam
425 2417 468 2474 ita
501 2423 613 2488 tamen,
649 2417 731 2492 quod
770 2413 854 2474 idern
888 2416 1105 2475 molendinum
1140 2432 1211 2475 cum
1248 2418 1313 2476 suis
1338 2421 1453 2478 cunctis

190 2523 386 2594 pertinenciis
408 2525 579 2597 prenotatis
602 2539 620 2581 a
643 2522 860 2600 jurisdiecione
884 2524 981 2597 ipsius
1006 2523 1139 2581 civitatis
1162 2529 1324 2597 prenotate
1341 2532 1372 2584 et
1391 2527 1453 2584 eius

157 2646 164 2651 ·⁴
190 2629 337 2687 territorii
360 2646 417 2704 per
440 2631 544 2688 nullos
568 2631 633 2688 eius
669 2645 862 2705 possessores
897 2636 1055 2704 presentes
1093 2629 1210 2689 scilicet
1244 2632 1297 2690 vel
1332 2631 1452 2692 tuturos

188 2735 256 2792 ullo
288 2752 426 2809 unquam
450 2745 590 2810 tempore
613 2708 709 2795 avelli
734 2737 831 2809 possit
854 2752 907 2794 seu
931 2737 1060 2795 alienari
1082 2736 1177 2796 modo
1196 2738 1336 2811 aliquali.
1368 2730 1452 2798 tne-

190 2856 267 2913 quas
299 2857 423 2916 quoque
445 2843 565 2901 litteras
599 2844 768 2914 universas,
803 2843 829 2900 si
864 2859 924 2916 que
957 2844 1152 2916 presentibus
1176 2842 1278 2902 forent
1300 2847 1452 2905 contrarie

159 2990 163 2996 .
188 2963 288 3006 cassas
311 2950 518 3023 relinquimus
540 2956 569 3007 et
593 2951 712 3008 viribus
736 2951 894 3008 carituras.
918 2950 952 3007 ln
975 2965 1109 3023 quorum
1141 2952 1284 3010 omnium
1319 2953 1450 3026 premis·

187 3070 293 3113 sorum
325 3056 545 3127 testimonium,
581 3056 823 3130 firmitatemque
857 3062 1041 3130 perpetuam
1077 3058 1274 3131 presentibus
1309 3060 1451 3132 sigillum

187 3167 327 3219 nostrum
352 3178 516 3220 commune
540 3162 685 3221 duximus
708 3162 957 3236 appendendum.
982 3163 1099 3221 Datum
1122 3164 1153 3222 in
1177 3164 1256 3223 festo
1287 3144 1372 3224 beati
1402 3166 1453 3224 lt'i·

187 3268 267 3325 colai
290 3268 480 3327 contessoris.
506 3272 595 3328 Anno
619 3269 738 3326 domini
761 3270 932 3327 millesimo
956 3270 1261 3343 quadringentesimo
1286 3267 1451 3351 (quinqua-

187 3376 306 3445 gesimo
329 3368 483 3452 secundo).

293 3496 315 3542 E
336 3502 494 3559 transumpto
513 3482 578 3549 saec.
600 3496 692 3546 xvli.
713 3496 744 3542 In
763 3494 832 3545 arch.
851 3495 972 3559 regnicol.
993 3498 1054 3551 Act.
1070 3498 1124 3561 Jes.
1145 3498 1205 3548 fasc.
1229 3510 1268 3549 12.
1288 3514 1325 3549 nr.
1347 3511 1388 3549 22.

777 3673 857 3742 167.

291 3796 370 3844 Anno
393 3809 467 3861 1453,
491 3810 510 3846 1.
528 3798 646 3861 januarii.
668 3799 814 3850 Varasdini.

191 3901 362 3975 Carbantia,
385 3907 526 3963 conn'tcinr
549 3907 647 3976 O'lzire,
664 3909 799 3965 tributum
816 3916 956 3982 acceptum
971 3909 1167 3968 communitati
1178 3911 1305 3969 civitatis
1320 3920 1449 3971 testatur.

289 4030 359 4089 Wir
382 4033 557 4103 Katherina,
582 4038 642 4092 von
666 4040 735 4107 gots
757 4034 878 4108 gnaden
901 4035 1009 4095 Grdfin
1033 4052 1069 4094 zu
1093 4036 1176 4107 Cilli‚
1199 4053 1233 4095 ze
1257 4036 1449 4112 Ortemburg

183 4138 246 4194 und
277 4138 307 4195 in
343 4137 413 4194 dem
448 4138 542 4211 Seger
573 4146 628 4198 etc.
662 4141 828 4212 Bekennen,
861 4141 915 4198 das
939 4158 996 4199 vns
1019 4143 1115 4226 Jacob
1140 4143 1333 4218 Eberspelch
1357 4161 1448 4204 vnser

183 4242 263 4302 Statt
288 4244 412 4303 Richter
435 4263 504 4303 zum
528 4249 644 4320 Agram
669 4250 698 4306 in
723 4265 814 4306 vnsre
839 4250 954 4307 Kamer
978 4251 1043 4308 halt
1066 4253 1448 4326 geannttwurtvierczilry

184 4342 291 4407 Grifen
306 4341 314 4377 ¹
338 4352 481 4424 phennig,
506 4353 555 4410 die
572 4369 628 4410 vns
645 4354 704 4426 dye
719 4354 797 4412 Statt
815 4355 952 4413 daselbst
963 4357 1126 4439 Jarlecben
1144 4374 1177 4415 ze
1194 4356 1276 4416 dinst
1294 4360 1448 4433 phlichtig

182 4457 247 4516 sein
270 4474 303 4514 ze
327 4459 441 4530 geben;
465 4477 498 4516 ze
521 4459 650 4519 Vrkund
667 4461 765 4519 under
781 4478 906 4518 vnserm
923 4463 1078 4521 betschad.
1102 4462 1211 4523 Geben
1226 4479 1264 4522 au
1281 4465 1446 4525 Warasdin

182 4578 232 4620 am
257 4564 367 4622 Newm
387 4566 448 4647 Jar.
474 4569 563 4626 Anno
587 4559 750 4645 (MCCCC)
774 4569 1031 4642 quinquagesimo
1052 4571 1155 4628 tercie.

291 4700 297 4730 ¹
317 4704 398 4759 tirise,
417 4703 478 4753 slav.
499 4704 588 4767 grivna
600 4725 630 4747 =
643 4720 726 4753 marea
745 4706 914 4757 denariorum.

287 4807 420 4869 originale
440 4811 465 4858 in
485 4810 580 4862 charta.
601 4813 627 4859 A
646 4818 719 4873 tergo
737 4812 851 4877 sigillum
879 4813 911 4860 de
939 4829 996 4862 cera
1022 4813 1106 4864 rubra.
1144 4815 1175 4861 Iu
1194 4816 1310 4866 archivio
1328 4816 1374 4872 lib.
1392 4833 1443 4882 reg.

180 4878 249 4927 civit.
268 4879 448 4941 zagrabiensis
