3278 5348
604 411 1032 496 Qm-Mw-
1390 428 1454 493 m

186 523 1158 538 ——-—-——-—-——-————-—-——..
1164 520 1446 529 ——.....-..——

182 636 357 712 Zwyblyan
380 642 410 694 et
433 634 532 692 Narth
557 640 690 705 vocatas,
721 635 753 693 in
776 634 858 693 dicto
890 634 1038 692 comitatu
1060 632 1253 706 zagrabiensi
1283 631 1454 697 existentes.

185 760 264 820 quas
288 743 432 802 videlicet
456 740 589 799 condam
614 740 759 799 dominus
781 739 980 799 Eberhardus
1004 740 1169 816 episcopus
1199 739 1327 798 ecclesie
1350 752 1455 812 zagra·

184 852 301 910 biensis
323 865 341 907 a
364 863 421 906 sua
445 845 615 906 Serenitate
639 847 833 919 exigentibus
856 847 920 904 suis
943 845 1147 905 fidelitatibus
1177 845 1238 904 sibi
1261 861 1297 903 ac
1321 843 1454 903 condam

183 956 311 1016 domino
333 952 467 1038 Johanni
489 953 634 1010 similiter
658 953 805 1027 episcopo
828 950 966 1011 eiusdem
992 952 1121 1010 ecclesie
1144 951 1361 1025 zagrabiensis,
1384 966 1455 1010 nec·

186 1078 249 1122 non
274 1061 364 1118 Petro
387 1066 416 1116 et
438 1058 570 1141 Johanni
595 1058 751 1116 dictorum
773 1072 941 1129 regnorum
958 1071 1087 1115 suorum
1103 1058 1265 1116 Dalmacie
1280 1062 1311 1116 et
1327 1057 1455 1117 Croacie

186 1168 284 1238 banis,
315 1166 466 1224 fratribus
496 1165 674 1222 carnalibus
706 1164 803 1238 ipsius
834 1163 1012 1236 Rodolphy,
1044 1163 1208 1237 eidemque
1231 1163 1399 1238 Rodolpho
1424 1169 1454 1222 et

184 1274 249 1332 suis
271 1271 438 1330 heredibus
469 1271 500 1328 in
534 1277 721 1344 perpetuum
756 1271 952 1344 impetrasset
986 1285 1057 1327 cum
1088 1270 1240 1329 universis
1273 1268 1454 1329 earumdem

188 1379 375 1440 utilitatibus
397 1377 509 1435 litteris
533 1378 564 1434 in
587 1376 704 1435 eisdem
727 1377 899 1450 explicatis,
924 1375 1055 1450 prefatis
1080 1376 1213 1434 dominis
1245 1376 1283 1434 de
1313 1375 1453 1449 capitulo

190 1486 318 1545 ecclesie
342 1483 548 1555 zagrabiensis
582 1480 726 1555 dictoque
749 1482 841 1540 altari
864 1490 967 1540 sancte
998 1484 1097 1541 crucis
1131 1485 1162 1541 in
1193 1480 1302 1540 eadem
1333 1480 1455 1540 fundati

186 1590 308 1651 dedisse
330 1595 361 1647 et
384 1588 550 1645 contulisse
574 1587 807 1657 dinoscebatur;
831 1595 860 1645 et
883 1587 980 1645 aliam
1001 1604 1095 1661 super
1119 1588 1307 1661 legittimam
1329 1602 1453 1645 earum·

186 1697 258 1756 dem
284 1695 512 1769 possessionum
537 1700 567 1752 et
590 1694 699 1752 tributi
722 1695 891 1753 statucione
914 1694 1079 1767 coniectas,
1102 1695 1283 1769 supplicans
1300 1694 1454 1753 maiestati

187 1819 241 1862 sue
264 1802 426 1860 humiliter
449 1808 478 1858 et
502 1800 622 1871 devote,
646 1807 679 1857 ut
702 1800 827 1858 easdem
851 1801 914 1858 suis
938 1801 1050 1858 litteris
1081 1801 1331 1874 privilegialibus
1361 1800 1454 1859 inseri

188 1918 219 1968 et
242 1908 405 1966 transcribi
430 1904 570 1964 faciendo
594 1906 670 1979 ipsis
694 1906 924 1980 perhennaliter
956 1906 1106 1965 valituras
1136 1905 1313 1965 innovando
1343 1904 1454 1964 conflr-

187 2030 283 2085 mare,
307 2011 547 2085 huiusmodique
578 2012 781 2070 collacionem
812 2018 842 2070 et
873 2013 1146 2087 perpetuacionem
1169 2014 1310 2087 ipsarum
1333 2027 1453 2086 posses·

187 2123 321 2193 sionum,
345 2119 514 2191 tributique
530 2117 673 2176 antedicti
698 2133 788 2175 suum
811 2119 932 2192 regium
956 2134 1139 2178 consensum
1163 2120 1280 2192 pariter
1302 2125 1332 2177 et
1349 2134 1454 2178 assen-

190 2243 260 2287 sum
285 2228 415 2301 prebere
439 2224 630 2297 dignaretur.
655 2225 713 2285 Cui
736 2227 853 2284 scilicet
876 2227 1039 2285 collacioni
1064 2232 1094 2285 et
1127 2226 1359 2301 perpetuacioni
1383 2239 1454 2298 pre·

191 2333 272 2393 latus
295 2330 513 2405 sigismundus
544 2333 714 2405 imperator
747 2339 777 2390 et
807 2349 863 2391 rex
895 2333 984 2391 dictis
1017 2334 1080 2391 suis
1111 2333 1221 2392 litteris
1244 2331 1454 2391 mediantibus

188 2455 281 2500 suum
305 2440 426 2511 regium
451 2453 633 2496 consensum
658 2445 687 2496 et
711 2454 869 2496 assensum
883 2439 1050 2513 prehendo,
1074 2440 1198 2498 easdem
1223 2440 1312 2497 binas
1335 2437 1454 2497 litteras

191 2546 265 2605 dicti
297 2544 426 2620 capituli
457 2545 585 2602 ecclesie
608 2544 805 2615 chasmensis,
830 2544 1029 2603 fassionalem
1053 2546 1170 2605 scilicet
1193 2552 1223 2603 et
1247 2544 1452 2614 statutoriam,

189 2666 226 2711 ac
249 2652 352 2709 omnia
375 2651 406 2709 in
431 2649 547 2708 eisdem
571 2657 712 2710 contenta
734 2667 793 2725 pro
816 2651 932 2710 eisdem
956 2652 1091 2711 dominis
1114 2653 1153 2711 de
1170 2651 1308 2726 capitulo
1324 2649 1452 2709 ecclesie

189 2758 395 2831 zagrabiensis
419 2764 449 2814 et
472 2759 583 2815 rectori
607 2758 714 2815 altaris
745 2757 876 2832 predicti
908 2765 1060 2832 perpetuo
1091 2761 1242 2817 valituras
1272 2756 1451 2815 innovando

190 2864 363 2938 patrocinio
393 2863 469 2921 dicti
499 2865 547 2921 sui
577 2863 735 2938 privilegii
767 2864 922 2921 mediante
953 2863 1174 2923 confirmasset.
1206 2863 1324 2938 Quarta
1346 2868 1451 2922 autem

187 2969 331 3027 videlicet
355 2970 458 3027 littera
481 2969 691 3027 donacionalis
714 2970 920 3042 prenominati
938 2970 1056 3029 domini
1080 2971 1202 3029 Alberti
1218 2970 1309 3042 regis.
1327 2969 1451 3028 Posonii

188 3076 219 3133 in
243 3074 321 3133 festo
344 3075 428 3133 beati
453 3078 547 3133 Marci
571 3076 762 3148 evangeliste
785 3091 865 3135 anno
896 3076 1013 3134 domini
1046 3076 1215 3135 millesimo
1247 3075 1454 3150 quadringen-

189 3183 301 3240 tesimo
325 3183 480 3241 tricesimo
504 3197 585 3240 nono
609 3182 648 3239 ad
674 3184 835 3256 propriam
859 3184 1109 3241 commissionem
1134 3182 1273 3241 eiusdem
1304 3182 1454 3254 magistro

193 3287 349 3361 Stephano
372 3289 410 3346 de
434 3289 498 3362 Bylr
521 3289 680 3362 preposito
704 3290 832 3347 ecclesie
864 3289 999 3347 albensis
1022 3290 1257 3363 prothonotario
1280 3288 1451 3359 refluente,

192 3395 224 3453 in
248 3409 436 3467 pargameno
461 3400 601 3468 patenter
624 3394 714 3465 edita,
739 3396 905 3467 sigilloque
925 3394 1064 3453 eiusdem
1089 3395 1129 3452 ab
1152 3397 1234 3453 intus
1257 3395 1288 3453 in
1311 3392 1450 3453 interiori

190 3501 329 3573 margine
361 3501 552 3557 communita
585 3500 776 3559 continebat:
807 3501 891 3574 quod
924 3501 1007 3559 idem
1039 3501 1183 3559 dominus
1217 3502 1365 3559 Albertus
1396 3513 1453 3559 rex

187 3606 347 3679 quasdam,
372 3607 598 3680 possessionem
624 3605 783 3663 Kralewcz
805 3614 948 3664 vocatam
971 3622 1007 3663 ac
1039 3608 1220 3679 porcionem
1245 3605 1452 3679 possessiona·

187 3712 266 3771 riam
288 3713 319 3771 in
344 3714 537 3786 possessione
568 3711 689 3784 Cherye
721 3714 889 3786 appellata,
912 3714 1060 3781 habitam,
1084 3729 1138 3770 nec
1161 3728 1223 3771 non
1246 3713 1398 3771 tributum
1423 3711 1453 3770 in

186 3817 295 3877 adem
319 3818 440 3891 Cherye
471 3819 553 3890 exigi
584 3820 728 3890 solitum,
763 3820 836 3876 item
861 3820 1069 3892 possessiones
1093 3819 1269 3893 Kobylyalr,
1293 3817 1454 3892 Zwyblya,

187 3929 219 3984 ct
241 3924 341 3984 Narth
361 3931 562 3998 nuncupatas,
586 3927 712 3983 omnino
737 3925 872 3983 indicto
895 3926 1042 3982 comitatu
1074 3926 1265 3998 zagrabiensi
1290 3924 1454 3982 existentes

189 4039 219 4090 et
245 4032 377 4104 habitas,
411 4033 505 4090 simul
530 4048 601 4089 curn
633 4033 749 4089 cunctis
780 4031 960 4089 earumdem
992 4032 1177 4089 utilitatibus
1208 4037 1238 4089 et
1259 4029 1454 4105 pertinenciis

187 4138 389 4211 quibuslibet,
414 4140 446 4196 in
468 4154 600 4212 quarum
627 4138 757 4211 pacifico
781 4137 919 4194 dominio
943 4136 1063 4208 prelata
1094 4137 1223 4195 ecclesia
1245 4135 1453 4210 zagrabiensis

188 4251 217 4302 et
240 4244 337 4302 altare
362 4254 557 4317 prenotatum
582 4246 611 4302 in
636 4246 703 4319 ipsa
727 4244 856 4302 ecclesia
879 4252 1088 4301 constructum
1120 4259 1177 4316 per
1200 4257 1452 4316 consequensque

188 4357 290 4408 rector
313 4351 420 4409 altaris
444 4350 580 4408 eiusdem
605 4366 622 4406 a
654 4350 772 4408 dudum
799 4350 991 4425 perstitisset,
1019 4350 1256 4425 persisteretque
1286 4350 1384 4407 eciam
1413 4348 1451 4405 ad

188 4461 270 4523 tunc,
295 4456 416 4531 prefato
439 4456 566 4515 domino
587 4458 718 4515 Alberto
742 4458 808 4530 regi
831 4458 964 4516 relatum
986 4457 1143 4527 extitisset,
1159 4457 1253 4515 simul
1271 4470 1343 4513 cum
1366 4456 1452 4515 omni

190 4560 259 4638 jure
281 4577 337 4620 suo
360 4563 454 4634 regio,
478 4564 503 4620 si
519 4562 602 4636 quod
620 4565 649 4620 in
667 4562 782 4622 eisdem
799 4564 966 4633 habuisset,
984 4569 1156 4620 memorato
1173 4562 1309 4636 capitulo
1325 4562 1453 4621 ecclesie

191 4669 399 4741 zagrabiensis
422 4684 457 4726 ac
481 4671 591 4727 rectori
616 4671 722 4727 altaris
746 4678 849 4727 sancte
871 4670 971 4726 crucis
995 4669 1024 4726 in
1049 4668 1156 4726 eadem
1182 4668 1300 4728 fundati
1316 4682 1353 4726 ex
1370 4674 1453 4727 certa

188 4775 319 4834 sciencia
343 4791 398 4833 sue
419 4776 589 4833 maiestatis
612 4783 641 4833 et
664 4778 769 4833 animo
792 4775 964 4833 deliberato
996 4776 1026 4831 in
1051 4784 1235 4848 perpetuum
1260 4775 1403 4833 donasset
1423 4783 1453 4834 et

188 4881 383 4939 contulisset.
402 4880 517 4955 Quinta
540 4896 653 4955 nempe
677 4890 706 4939 et
737 4882 848 4939 ultima
878 4880 1058 4939 earumdem
1092 4881 1237 4940 videlicet
1267 4881 1452 4956 preallegati
