3278 5348
203 427 262 502 308
615 425 688 483 Doc.
712 437 779 500 251.
806 457 843 469 -
869 420 1043 501 An.1466.

200 642 298 714 ipsius
320 643 474 699 societatis
498 643 596 700 libere
612 641 729 699 auffere
752 641 856 712 possit.
880 640 995 697 Nullus
1017 642 1116 698 eciam
1139 648 1298 699 mercator
1322 641 1374 699 vel
1390 642 1459 699 alter

199 746 296 804 homo
312 748 489 819 negociator
513 749 661 821 pelliceas
678 748 728 803 rel
745 746 823 803 alios
846 752 1009 804 extraneos
1024 747 1149 804 labores
1172 747 1292 805 arcium
1318 749 1461 821 prescrip

200 859 302 910 tarum
335 855 365 910 in
396 854 464 927 ipsa
495 854 620 911 civitate
644 862 747 911 nostra
772 853 905 910 vendere
935 860 1104 925 presumat,
1133 853 1193 911 nisi
1224 859 1370 927 ternpore
1391 870 1461 913 nun·

201 958 345 1016 dinarum
369 975 423 1016 seu
446 959 587 1017 fororum
611 960 808 1028 annualium;
832 966 862 1017 et
884 961 911 1018 si
934 960 1090 1035 quispiam
1108 960 1290 1020 huiusmodi
1314 962 1461 1035 pelliceos

202 1066 253 1122 vel
282 1065 360 1122 alios
392 1074 552 1123 extraneos
583 1067 708 1123 labores
741 1065 873 1123 vendere
904 1067 1166 1140 attemptaverint,
1201 1069 1355 1140 magister
1386 1066 1460 1125 dicte

199 1173 354 1229 societatis
384 1171 543 1230 auferendi
575 1173 707 1229 liberam
739 1172 832 1228 habet
863 1173 1024 1244 potestatis
1056 1171 1236 1231 facultatem
1271 1190 1310 1231 ex
1334 1173 1462 1248 presenti

200 1278 394 1335 concessione
424 1285 536 1335 nostra.
572 1276 724 1350 Quocirca
763 1278 854 1334 vobis
884 1277 1031 1335 fidelibus
1060 1280 1174 1336 nostris
1205 1281 1385 1354 capetaneis
1417 1279 1462 1335 rel

200 1383 442 1456 vicecapetaneis
459 1400 515 1457 per
530 1400 585 1441 nos
605 1383 656 1440 vel
673 1397 863 1441 successores
887 1392 1008 1441 nostros
1032 1400 1120 1456 reges
1143 1385 1175 1442 in
1199 1384 1323 1459 prefata
1346 1387 1463 1444 civitate

199 1495 304 1547 nostra
335 1490 563 1562 constituendis,
596 1491 670 1548 item
702 1490 796 1547 iudici
828 1500 856 1546 et
887 1490 1004 1563 iuratis,
1027 1491 1198 1564 ceterisque
1222 1492 1348 1550 civibus
1370 1492 1461 1566 ipsius

200 1595 334 1653 civitatis
364 1603 468 1653 nostre
502 1597 697 1669 presentibus
727 1605 755 1654 et
788 1596 900 1654 futuris
925 1597 1120 1670 presencium
1142 1576 1291 1655 noticiam
1315 1597 1462 1655 habituris

200 1703 311 1759 harum
336 1703 415 1759 serie
439 1702 571 1760 firmiter
590 1704 783 1778 precipimus
807 1711 836 1760 et
860 1702 1053 1773 mandamus,
1077 1709 1229 1776 quatenus
1252 1703 1369 1761 amodo
1384 1702 1462 1760 dein·

200 1823 272 1882 ceps
297 1808 433 1880 prelatos
458 1809 609 1882 pellifices
633 1815 663 1866 et
683 1808 817 1866 artifices
842 1808 1002 1867 frenorum
1025 1816 1055 1866 et
1078 1810 1320 1881 corrigiatorum
1344 1809 1395 1866 rel
1411 1808 1463 1866 ali·

201 1930 294 1986 quem
325 1931 363 1972 ex
395 1917 470 1988 ipsis
501 1916 530 1972 in
563 1917 663 1973 causis
694 1915 881 1988 supradictis
903 1922 1045 1990 pretextu
1068 1916 1186 1973 scilicet
1208 1914 1392 1973 huiusmodi
1417 1930 1462 1972 ar·

201 2021 282 2077 cium
308 2028 337 2078 et
361 2022 505 2078 laborum
532 2023 671 2095 ipsorum
696 2021 833 2079 iudicare
855 2022 906 2078 vel
932 2037 1005 2080 vero
1028 2028 1129 2079 astare
1152 2020 1303 2079 iudicatui
1327 2021 1460 2095 compel-

201 2126 266 2182 lere
294 2135 346 2184 aut
376 2129 454 2184 alias
478 2128 687 2199 quovismodo
711 2134 818 2186 contra
839 2127 974 2185 formam
999 2126 1178 2185 huiusmodi
1200 2135 1306 2185 nostre
1329 2129 1463 2200 graciose

200 2236 368 2290 annuencie
391 2251 517 2308 quoquo
542 2236 702 2309 impedire,
720 2237 895 2306 molestare,
908 2244 961 2293 aut
978 2235 1162 2309 perturbare
1185 2241 1214 2292 et
1238 2233 1461 2309 dampnificare

200 2338 291 2396 nullo
307 2356 458 2412 umquam
483 2347 623 2415 tempore
640 2343 836 2415 presumatis.
856 2342 1013 2399 Presentes
1037 2349 1152 2415 autem,
1176 2356 1254 2414 quas
1277 2341 1463 2415 appensione

200 2446 298 2517 sigilli
331 2448 425 2504 nostri
458 2448 567 2505 secreti
591 2449 777 2506 communiri
804 2447 939 2516 fecimus,
965 2453 1035 2520 post
1058 2462 1165 2504 earum
1190 2448 1355 2511 lecturam.
1378 2445 1463 2504 reddi

201 2551 386 2609 mandamus
416 2554 590 2625 presentati.
622 2555 737 2611 Datum
770 2553 920 2625 Zagrabie
944 2553 975 2610 in
999 2554 1108 2625 vigilia
1133 2551 1200 2610 sesti
1225 2553 1311 2610 beati
1336 2553 1461 2611 Bartho-

201 2659 295 2715 lomei
326 2661 468 2732 apostoli.
492 2663 580 2717 Anno
606 2661 723 2718 domini
748 2661 917 2717 millesimo
941 2659 1247 2732 quadringentesimo
1270 2661 1461 2732 sexagesimo

199 2771 293 2822 sexto.
319 2765 417 2838 Regni
440 2767 537 2823 nostri
561 2783 641 2824 anno
665 2783 754 2838 nono,
779 2767 990 2824 coronacionis
1014 2780 1089 2823 vero
1113 2766 1216 2824 tercio.

304 2970 479 3019 Protocollurn
498 2972 548 3020 loci
567 2973 698 3021 credibilis
717 2989 772 3024 ven.
793 2973 876 3036 Capit.
895 2972 1067 3035 zagrabiensis
1086 2986 1123 3022 nr.
1143 2972 1258 3023 XXIX.
1279 2988 1339 3037 pag.
1361 2986 1402 3037 40.
1431 2972 1461 3022 In

198 3061 293 3109 archiv.
315 3076 368 3109 ven
391 3060 452 3124 Cup,
473 3060 572 3122 zagrab.

789 3343 868 3407 251.

303 3555 383 3600 Anno
407 3555 480 3614 t4tr'ti,
501 3566 515 3600 2
520 3567 532 3615 3
563 3556 687 3617 Augusti.
708 3555 855 3617 Zagrabiae.

197 3716 225 3771 A
249 3716 378 3784 Marum,
401 3717 578 3788 Hungariue
607 3725 653 3773 etr.
677 3737 751 3790 rege,
775 3726 903 3774 sutorum
927 3720 957 3775 r'n
980 3720 1094 3777 cr'ru'tate
1116 3721 1219 3777 montis
1247 3719 1403 3780 Grccensis
1425 3742 1467 3782 se

598 3843 708 3898 cr'elatr's
730 3850 841 3900 statuto
866 3845 1081 3918 confimuntur.

299 4038 363 4095 Nos
395 4040 524 4097 llathias
556 4040 604 4098 dei
632 4041 736 4112 gracia
768 4057 823 4098 rex
857 4042 1024 4114 Hungarie,
1056 4042 1228 4115 Dalmacie‚
1254 4042 1386 4103 Croacie
1410 4053 1468 4104 etc.

195 4145 344 4202 Memorie
368 4146 622 4203 commendamus
646 4153 751 4203 tenore
768 4149 962 4219 presencium
980 4147 1188 4220 significantes
1204 4150 1320 4222 quibus
1335 4152 1470 4225 expedit

195 4252 354 4322 universis,
380 4254 461 4324 quod
486 4270 550 4324 nos,
576 4260 641 4309 turn
666 4254 704 4309 ad
729 4255 953 4311 nonnullorum
978 4253 1120 4312 fidelium
1143 4262 1323 4314 nostrorum
1347 4257 1469 4317 humil·

193 4358 269 4416 lime
291 4360 531 4433 supplicacionis
554 4361 742 4431 instanciam,
768 4377 823 4433 per
846 4377 898 4418 eos
914 4377 973 4436 pro
990 4374 1078 4436 parte
1093 4362 1304 4420 universitatis
1318 4368 1469 4424 sutorum

194 4465 224 4522 in
248 4467 305 4522 hac
329 4467 452 4524 civitate
477 4474 580 4524 nostra
605 4468 717 4524 montis
742 4466 1283 4526 Grecensisnunccommorancium
1306 4473 1396 4529 etin
1420 4471 1468 4530 fu·

194 4577 299 4629 turum
323 4581 636 4644 commoraturorum,
653 4582 756 4631 nostre
774 4580 940 4647 propterea
957 4579 1099 4647 porrecte
1116 4574 1276 4646 maiestati,
1292 4580 1363 4633 tum
1379 4592 1468 4652 vero,

194 4684 226 4736 ut
249 4678 344 4736 iidem
368 4686 449 4736 artes
472 4681 612 4752 ipsorum
636 4695 672 4737 eo
696 4680 825 4737 liberius
848 4696 992 4737 exercere
1007 4681 1141 4746 valeant,
1159 4677 1275 4738 eisdem
1299 4670 1465 4744 sutoribus

194 4773 225 4843 i'd
257 4787 396 4858 graciose
427 4793 593 4844 annuentes
625 4786 770 4844 duximus
801 4792 831 4844 et
862 4786 1080 4859 concedentes,
1112 4788 1211 4845 immo
1242 4789 1413 4850 annuimus
1437 4796 1469 4851 et

24 4882 108 5016 κ
193 4893 390 4954 concedimus
414 4909 470 4970 per
493 4900 658 4969 presentes,
682 4901 715 4952 ut
738 4894 799 4970 ipsi
828 4899 858 4953 et
891 4909 999 4953 eorum
1034 4894 1169 4954 universi
1204 4893 1402 4960 successures
1436 4905 1469 4963 et
