3278 5348
616 392 692 451 Doc.
717 385 768 448 68.
792 423 835 432 -
859 390 915 448 An.
939 402 1028 466 1433.
1415 405 1454 467 79

185 615 279 681 atque
303 608 509 681 proventibus
532 607 684 665 universis
716 606 860 664 antelatis
890 606 1109 663 executoribus
1140 610 1243 663 tenere
1273 612 1303 663 et
1334 622 1456 664 conser-

186 729 271 784 vare,
308 715 477 787 levareque
513 719 544 771 et
578 713 741 787 percipere
777 713 859 770 sinas
891 718 920 769 et
943 712 1107 785 permittas
1129 711 1195 769 sine
1219 711 1404 770 difficultate
1427 720 1456 770 et

185 819 433 878 contradiccione
455 819 599 892 aliquali,
623 818 765 877 ulteriori
789 823 896 877 nostro
920 817 1068 875 mandato
1091 832 1186 890 super
1208 817 1280 875 inde
1312 833 1373 875 non
1405 835 1455 876 ex·

183 933 314 1000 pectato.
339 925 401 999 Qui
424 927 451 984 si
473 942 561 984 secus
580 925 699 998 feceris,
711 941 750 983 ex
774 932 846 983 tunc
876 925 1091 982 commisimus
1114 930 1145 981 et
1167 926 1277 981 harum
1302 925 1380 982 serie
1403 924 1456 982 fir·

184 1034 276 1090 miter
300 1034 525 1091 committimus
559 1032 648 1090 fideli
681 1039 788 1090 nostro
823 1031 988 1105 spectabili
1023 1037 1052 1087 et
1084 1029 1250 1103 magnifico
1275 1030 1455 1088 Hermanno

184 1137 263 1196 Cilie
287 1143 318 1196 et
341 1138 471 1211 Zagorie
494 1138 609 1201 comiti.
634 1138 783 1211 regnique
807 1138 904 1196 nostri
928 1136 1092 1195 Sclauonie
1117 1137 1209 1207 bano,
1224 1151 1331 1194 socero
1349 1143 1456 1194 nostro

187 1244 358 1314 carissimo,
380 1248 415 1303 ut
436 1245 504 1319 ipse
527 1250 557 1302 te
579 1245 618 1302 ad
642 1245 867 1317 premissorum
891 1249 1071 1302 nostrorum
1103 1241 1323 1300 mandatorum
1346 1242 1400 1300 sed
1425 1251 1454 1301 et

186 1351 363 1408 testamenti
386 1352 581 1424 prennarrati
605 1350 820 1408 omnimodam
844 1350 1100 1408 observacionem
1123 1349 1221 1407 eciam
1245 1365 1302 1422 per
1318 1356 1371 1406 tua
1387 1365 1456 1422 gra·

186 1457 310 1512 vamina
333 1456 436 1513 arcius
460 1456 632 1529 compellat
655 1461 685 1513 et
708 1457 857 1528 astringat
880 1457 1061 1513 auctoritate
1095 1462 1202 1513 nostra
1235 1456 1296 1513 sibi
1331 1457 1362 1513 in
1398 1456 1456 1513 hac

187 1568 274 1633 parte
299 1561 476 1635 specialiter
499 1563 649 1620 attributa
680 1561 844 1620 mediante.
880 1562 917 1619 Et
941 1562 1160 1620 nichilominus
1183 1563 1364 1619 memoratis
1387 1578 1457 1619 exe·

188 1667 347 1724 cutoribus
370 1668 535 1725 annuimus
558 1675 589 1725 et
610 1668 723 1725 harum
754 1668 834 1724 serie
857 1668 1055 1726 concedimus
1079 1659 1231 1745 (plenam)
1267 1667 1455 1740 facultatem,

187 1779 219 1830 ut
241 1766 302 1847 ipsi
338 1779 444 1831 contra
479 1781 508 1833 te
543 1776 569 1832 si
601 1790 688 1832 secus
720 1773 830 1833 feceris
853 1776 957 1848 rigore
980 1773 1057 1849 juris
1080 1782 1110 1831 et
1133 1772 1254 1849 justicie
1277 1775 1375 1832 eciam
1399 1790 1456 1847 per

187 1895 347 1938 censuram
374 1881 614 1939 ecclesiasticam
638 1896 730 1952 agere
754 1882 872 1954 possint
896 1886 926 1938 et
946 1880 1115 1955 procedere
1140 1881 1272 1951 valeant,
1296 1881 1321 1938 si
1352 1896 1456 1938 neces·

186 1987 302 2044 sarium
327 1984 420 2044 fuerit
443 1994 472 2044 et
495 1992 721 2061 opportunum.
745 1986 839 2045 Secus
863 2003 937 2059 ergo
960 1988 1138 2044 nullatenus
1163 1986 1265 2043 facere
1289 2002 1454 2061 presumas

186 2093 287 2164 gracie
308 2099 412 2151 nostre
435 2094 494 2150 sub
517 2098 654 2166 optentu.
678 2093 839 2151 Presentes
863 2095 960 2151 eciam
983 2099 1054 2167 post
1070 2109 1177 2150 earum
1194 2094 1349 2150 lecturam
1365 2092 1455 2149 reddi

187 2198 332 2256 iubemus
355 2200 553 2272 presentanti.
578 2200 695 2256 Datum
718 2199 838 2257 Basilee
854 2201 885 2258 in
902 2199 979 2257 festo
997 2201 1162 2257 beatorum
1178 2197 1312 2257 Simonis
1329 2203 1359 2257 et
1373 2199 1454 2280 Jude

184 2306 408 2378 apostolorum.
434 2307 523 2362 Anno
543 2306 663 2363 domini
680 2305 957 2364 MCCCCXXXlll.
974 2306 1153 2378 Regnorum
1170 2311 1348 2362 nostrorum
1372 2319 1454 2362 anno

182 2404 356 2488 H(ungarie
380 2418 434 2469 etc.
468 2406 602 2487 XL)Vll,
636 2412 851 2470 Romanorum
874 2413 994 2469 Xxllll
1031 2412 1178 2470 Bohemie
1210 2411 1302 2470 Xllll.
1327 2412 1452 2485 imperii

183 2532 260 2575 vero
285 2518 396 2591 primo.

291 2653 425 2717 Originale
442 2654 469 2703 in
488 2654 585 2703 charta.
604 2655 636 2702 In
656 2655 769 2716 margine
789 2655 904 2702 inferiori
923 2655 1075 2719 impressum
1100 2662 1139 2703 est
1164 2654 1278 2718 sigillum
1303 2656 1394 2708 maius,
1422 2657 1454 2705 In

185 2742 291 2791 archivo
309 2758 367 2794 ven.
386 2743 448 2807 Cap.
468 2743 570 2807 zagrub.
590 2743 652 2793 Act.
673 2742 736 2807 Cap.
757 2744 818 2807 (non
838 2744 989 2806 registrata).

792 2937 850 3001 68.

291 3078 372 3127 Anno
394 3090 468 3141 1433,
491 3091 518 3127 11
550 3080 706 3130 novembris.
725 3080 823 3131 Eudae,

188 3205 325 3264 Mallrcus
347 3207 383 3264 de
406 3207 525 3277 Paloch,
540 3207 638 3282 judex
660 3210 766 3275 corrue,
788 3209 913 3285 capitulo
942 3210 1082 3267 drsnrensr'
1101 3211 1234 3280 rrrcznu’ut,
1270 3219 1305 3268 ut
1332 3229 1452 3269 curremu-

188 3313 302 3369 nitatem
317 3314 420 3370 montis
449 3313 599 3372 Grecensr's
616 3323 737 3388 propter
758 3318 814 3372 urin
837 3317 964 3389 capitulo
987 3318 1104 3390 aagrab.
1122 3318 1245 3384 illatum,
1256 3325 1314 3391 per
1328 3319 1452 3390 legatum

530 3396 538 3411 ⁹
715 3423 745 3478 r'n
762 3424 818 3497 jrrs
839 3422 932 3479 elatrat.

292 3563 411 3621 Amicis
434 3565 497 3622 suis
520 3565 700 3623 reverendis
723 3566 861 3639 capitulo
885 3567 1013 3624 ecclesie
1037 3568 1225 3624 chasmensis
1249 3582 1352 3625 comes
1375 3562 1451 3646 M(a·

192 3667 276 3726 theus
299 3668 339 3726 de
363 3667 485 3741 Paloch,
508 3669 603 3746 judex
634 3672 718 3728 curie
750 3671 868 3730 domini
902 3671 1100 3744 Sigismundi,
1133 3672 1182 3730 dei
1213 3673 1316 3744 gracia
1339 3674 1452 3731 Roma-

189 3789 297 3832 norum
321 3768 425 3852 regis),
448 3791 572 3851 semper
595 3779 725 3848 augusti,
749 3793 785 3835 ac
808 3773 990 3850 (Hungarie‚
1015 3778 1169 3850 Bohemie,
1183 3778 1351 3850 Dalmacie,
1376 3779 1450 3837 Cro-

187 3881 248 3939 acie
271 3873 343 3957 etc.)
367 3881 457 3953 regis,
480 3882 654 3940 amiciciam
685 3887 825 3965 paratam
850 3899 921 3941 cum
938 3884 1061 3941 honore.
1086 3884 1250 3952 Noveritis,
1279 3883 1363 3957 quod
1387 3901 1452 3941 ma·

187 3986 279 4059 gister
295 3986 449 4059 Georgius
464 3987 527 4044 lad
547 4029 554 4043 .
572 4033 578 4046 .
595 4002 653 4061 pro
669 3989 845 4046 honorabili
858 3991 995 4063 capitulo
1012 3991 1139 4048 ecclesie
1155 3991 1363 4062 zagrabiensis
1379 4007 1450 4049 cum

187 4094 408 4165 procuratoriis
423 4094 536 4152 litteris
552 4093 690 4152 eiusdem
707 4095 793 4152 iuxta
815 4096 1039 4153 continenciam
1064 4097 1240 4154 litterarum
1263 4090 1450 4174 (nostrarum

186 4192 484 4276 provocahoriarum
509 4202 540 4258 in
563 4202 680 4259 octavis
704 4201 773 4259 festi
798 4203 879 4258 beati
903 4202 1062 4260 Michaelis
1078 4203 1256 4275 archangeli
1270 4196 1362 4280 (nunc
1380 4220 1449 4276 pro·

186 4306 269 4364 xime
286 4299 447 4383 preteriti),
464 4307 496 4364 in
512 4306 611 4380 ligura
628 4309 726 4366 nostri
748 4305 854 4382 judicii
877 4302 1107 4386 (comparendo,
1126 4317 1231 4366 contra
1248 4308 1449 4380 Stephanum,

185 4404 299 4488 filium)
323 4412 483 4470 Michaelis
507 4413 693 4472 modernum
717 4429 752 4470 ac
775 4412 968 4483 Michaelem,
991 4413 1093 4472 filium
1117 4415 1299 4484 Sebastiam,
1332 4415 1450 4471 Antho-

183 4518 268 4575 nium
291 4517 442 4588 Italicum,
468 4519 628 4587 Briccium‚
651 4519 755 4577 filium
779 4519 941 4590 Benedicti,
966 4522 1091 4578 Petrum
1124 4522 1307 4593 ilungarum
1338 4527 1367 4577 et
1390 4520 1449 4578 Ge·

183 4624 305 4697 orgium
329 4631 482 4682 sartorem
505 4625 584 4683 alias
606 4624 722 4700 judices
751 4643 805 4684 nec
829 4641 889 4684 non
905 4628 1076 4685 Fabianum
1093 4621 1286 4705 (litteratum,
1309 4617 1449 4702 Fryche,)

184 4726 333 4800 Blasium,
355 4729 459 4788 filium
482 4730 675 4804 Wythezich‚
699 4732 878 4806 Georgium,
903 4732 1005 4790 filium
1036 4732 1191 4791 Francisci
1222 4737 1253 4789 et
1282 4732 1360 4790 alios
1390 4725 1448 4809 (ju-

183 4842 268 4895 ratos
291 4836 375 4896 cives
398 4843 429 4895 et
451 4832 601 4916 hospi)tes
625 4848 654 4897 et
678 4846 775 4898 totam
798 4842 1052 4899 communitatem
1075 4841 1207 4899 civitatis
1235 4840 1350 4898 montis
1373 4838 1448 4899 Gre-
