3278 5348
616 474 688 533 Duc.
706 471 782 551 362.
810 507 847 518 -
873 475 929 536 An.
953 487 1044 552 1492.
1390 475 1453 554 483

191 580 477 590 ———--
487 580 697 587 ----...—-—

189 703 221 738 m.
245 702 271 752 p.
300 686 428 734 Martinus
453 686 620 742 chasmensis,
645 700 678 735 m.
703 699 728 749 p.
754 684 883 748 Georgius
902 685 993 741 Bexin,
1020 700 1053 734 m.
1074 701 1099 749 p.
1119 684 1242 743 Mathias,
1262 692 1356 743 custos,
1376 701 1409 736 m.
1430 701 1456 751 p.

190 776 272 823 Lucas
292 775 325 821 de
350 774 473 828 Dombro,
500 790 533 826 m,
553 791 578 838 p.
607 772 703 822 Paulus
729 772 849 836 Zythycz‚
869 789 893 821 m
923 789 947 837 p.
966 772 1057 821 Gallus
1076 773 1108 820 de
1128 774 1260 838 Zepnicza,
1279 789 1313 822 m.
1345 790 1369 838 p.
1399 774 1455 823 Ste-

189 863 289 927 phanus
307 862 339 910 de
358 861 450 919 Crisio,
470 879 502 913 m.
522 879 546 926 p.
567 862 713 926 Stephanus
732 862 764 908 de
783 861 952 917 Hrazthvcza,
971 877 996 908 tn
1015 877 1039 924 p.
1060 861 1184 910 Nicolaus
1202 861 1235 909 de
1253 861 1357 918 Barcha,
1377 877 1409 912 m.
1430 877 1455 926 p.

186 951 320 1015 Johannes
339 950 370 997 de
389 951 520 1014 Iwanych.
542 967 574 999 m.
594 967 618 1015 p.
638 950 761 997 Matheus
780 950 812 997 de
832 949 1010 1011 Zenthgewrg,
1031 966 1054 997 m
1084 966 1108 1013 p.
1129 950 1245 998 Andreas
1264 949 1401 1012 organista,
1420 965 1458 1002 tn.

189 1055 213 1103 p.
234 1039 326 1087 Gallus
345 1037 377 1086 de
395 1039 512 1102 Simigio,
533 1055 565 1087 m.
586 1055 612 1103 p.
633 1039 759 1101 Magister
777 1037 874 1086 Paulus
893 1038 926 1086 de
944 1039 1069 1095 Iwanecz,
1088 1053 1121 1087 m.
1141 1054 1166 1102 p.

294 1216 373 1264 Liber
391 1215 486 1264 rubeus
505 1230 561 1262 ven.
582 1213 690 1278 capituli
709 1206 770 1264 eccl.
799 1214 1032 1277 zagrabiensis.1n
1051 1213 1146 1264 archiv.
1175 1214 1238 1263 incl.
1264 1214 1349 1265 Acad.
1370 1215 1455 1265 Scien.

190 1304 258 1354 slav.
279 1304 368 1354 merid.

773 1532 859 1597 362.

295 1675 376 1723 Anno
398 1685 472 1737 1492,
495 1687 534 1736 13.
551 1673 626 1738 Julii.
647 1674 796 1737 Zagrabiae.

183 1802 340 1879 lohannes
369 1800 519 1870 Ceramus,
545 1799 702 1858 Slavom'ac
724 1808 773 1862 etc.
797 1797 872 1869 dux,
890 1800 1013 1873 plebano
1034 1820 1055 1861 s.
1079 1801 1291 1875 Murgantiae
1309 1809 1453 1875 precante,

181 1909 372 1982 possessiones
394 1907 534 1980 quasdam
546 1907 748 1982 ybbagionales
771 1907 808 1963 ab
837 1906 941 1976 Ulrtco,
970 1906 1062 1965 celsae
1091 1909 1196 1976 concite,
1219 1915 1329 1982 raptas,
1351 1904 1455 1966 sacello

679 2032 699 2070 s.
723 2014 842 2085 spiritus
864 2013 965 2073 reddit.

296 2158 358 2216 Nos
388 2158 542 2241 Johannes
574 2157 735 2228 Coruinus,
758 2156 930 2228 Sclauonie,
954 2157 1152 2230 Lyppthouie
1172 2163 1202 2214 et
1225 2157 1368 2232 Oppauie
1391 2158 1456 2217 dux

190 2271 244 2324 etc.
276 2266 424 2323 Memorie
454 2263 710 2322 commendamus
741 2273 846 2322 tenore
871 2265 1064 2336 presencium
1098 2262 1316 2335 significantes,
1340 2265 1455 2337 quibus

189 2371 315 2445 expedit
336 2372 497 2441 universis,
528 2369 611 2443 quod
636 2372 911 2428 veniensnostram
928 2372 958 2428 in
983 2370 1175 2443 presenciam
1199 2369 1349 2428 discretus
1366 2386 1455 2445 pres·

190 2479 270 2535 biter
292 2478 426 2535 Michael
458 2477 496 2534 de
527 2476 861 2550 Zenthgyewrghwara
885 2478 1038 2550 plebanus
1054 2476 1182 2534 ecclesie
1205 2483 1308 2534 sancte
1332 2478 1452 2551 Marga-

189 2585 275 2641 rethe
299 2584 428 2656 virginis
462 2587 492 2640 et
526 2583 662 2640 martiris
697 2582 735 2639 de
763 2583 914 2640 suburbio
938 2582 1070 2656 civitatis
1105 2590 1208 2640 nostre
1233 2583 1346 2641 montis
1371 2582 1448 2642 Gre-

189 2691 287 2748 censis
309 2691 399 2747 nobis
412 2689 554 2762 detegere
566 2690 693 2760 curavit,
710 2689 868 2762 quomodo
878 2688 995 2746 dudum
1012 2688 1143 2746 condam
1160 2688 1304 2746 dominus
1317 2689 1450 2764 Vlricus,

190 2811 293 2854 comes
310 2795 397 2865 Cilie,
421 2794 572 2868 quasdam
596 2796 748 2854 sessiones
770 2794 983 2871 jobagionales
1007 2796 1037 2853 in
1061 2810 1203 2868 quarum,
1228 2811 1288 2853 una
1312 2795 1450 2871 quidem,

190 2903 343 2975 Domyan,
379 2903 410 2960 in
435 2901 568 2960 secunda
608 2902 743 2974 Mathlo,
774 2904 805 2961 in
829 2905 921 2961 tercia
946 2902 1083 2976 Gywrko
1105 2907 1135 2960 et
1157 2904 1188 2960 in
1212 2909 1323 2976 quarta
1346 2904 1453 2976 Lucas,

186 3009 263 3067 olim
279 3007 460 3084 jobagiones
478 3009 690 3080 morabantur,
705 3010 736 3067 in
760 3011 956 3082 possessione
972 3006 1196 3068 Chernomercz
1213 3014 1243 3067 et
1258 3009 1337 3067 intra
1354 3015 1453 3068 metas

185 3114 264 3173 dicte
299 3115 431 3173 civitatis
467 3122 570 3173 nostre
606 3116 719 3173 montis
752 3115 914 3174 Grecensis
949 3117 1112 3173 existentes
1147 3121 1177 3172 et
1211 3115 1341 3187 habitas,
1378 3132 1450 3174 cum

188 3222 302 3295 quibus
325 3221 447 3294 capella
470 3222 565 3280 sancti
581 3223 709 3294 spiritus
725 3222 843 3280 ibidem
867 3222 1002 3293 fundata,
1015 3223 1046 3279 in
1062 3222 1128 3278 eius
1144 3220 1327 3279 fundacione
1344 3220 1449 3281 dotata

184 3328 356 3398 exstitisset,
372 3329 412 3385 ab
434 3327 544 3385 eadem
567 3328 688 3400 capella
711 3328 845 3385 nescitur
868 3328 981 3400 quibus
1004 3327 1195 3399 respectibus
1218 3335 1400 3400 occupasset
1416 3335 1446 3386 et

184 3434 308 3492 cuidam
330 3449 386 3492 suo
419 3432 566 3491 familiari
597 3433 702 3498 Paulo,
726 3433 877 3507 Waipoth
901 3438 1085 3506 nuncupat0,
1110 3432 1253 3504 dedisset,
1269 3440 1339 3505 post
1363 3435 1448 3492 cuius

184 3540 303 3597 obitum
318 3540 499 3612 magnificus
511 3540 664 3622 Johannes
677 3539 772 3597 Thwz
796 3540 834 3598 de
851 3540 914 3598 Lair
930 3541 1007 3597 alias
1025 3540 1274 3597 thavernicorum
1290 3541 1445 3613 regalium

184 3647 330 3719 magister
353 3646 392 3703 ad
415 3651 550 3704 castrum
572 3646 692 3704 Medwe
708 3647 910 3705 consimiliter
933 3651 1121 3719 occupasset,
1135 3646 1240 3719 sicque
1264 3662 1320 3720 per
1343 3647 1448 3705 huius·

184 3751 268 3809 modi
285 3753 435 3810 violentas
457 3755 677 3827 occupaciones
700 3759 729 3811 et
745 3753 937 3811 detenciones
957 3755 1097 3826 ipsarum
1120 3752 1300 3826 sessionum,
1325 3752 1443 3812 eisdem

182 3856 303 3931 prefata
326 3859 447 3931 capella
470 3861 566 3917 sancti
589 3860 715 3933 spiritus
739 3861 883 3933 usquein
904 3859 1088 3917 hodiernum
1105 3860 1252 3918 caruisset
1275 3866 1305 3917 et
1321 3875 1376 3917 sua
1392 3861 1449 3919 hu·

182 3963 318 4022 iusmodi
351 3964 510 4023 dotacione
545 3967 654 4023 orbata
685 3964 799 4023 fuisset.
831 3965 920 4024 Unde
943 3966 1032 4023 nobis
1056 3965 1093 4022 de
1117 3964 1295 4023 huiusmodi
1319 3980 1450 4039 occupa·

182 4070 269 4128 cione
292 4072 535 4145 prescriptarum
569 4073 740 4129 sessionum
771 4072 936 4144 diligenter
967 4072 1193 4145 inquirentibus
1216 4086 1234 4128 a
1256 4076 1340 4130 certo
1365 4087 1449 4130 com·

182 4175 320 4250 perimus
354 4184 383 4234 et
417 4177 589 4236 sufficiente
624 4178 798 4236 testimonio
829 4177 929 4235 edocti
963 4179 1060 4234 simus
1095 4176 1219 4234 easdem
1254 4178 1446 4236 sessionesa

183 4281 365 4340 fundacione
388 4284 484 4356 ipsius
515 4285 635 4357 capelle
658 4283 696 4341 ad
721 4283 850 4341 eandem
884 4283 950 4359 jure
974 4283 1143 4341 dotacionis
1166 4284 1358 4356 pertinuisse,
1383 4299 1449 4342 mo·

183 4387 286 4461 doque
317 4399 442 4446 narrato
473 4392 514 4447 ab
537 4390 645 4448 eadem
669 4390 805 4448 indebite
838 4399 944 4447 contra
968 4390 1060 4447 deum
1084 4396 1113 4446 et
1137 4390 1202 4447 eius
1225 4390 1376 4448 iusticiam
1400 4405 1451 4449 oc·

182 4499 311 4568 cupatas
334 4493 428 4553 fuisse
451 4503 480 4553 et
504 4496 640 4554 detentas
664 4495 740 4567 fore,
764 4496 1011 4567 agnoscentibus,
1036 4497 1194 4554 nollumus
1218 4511 1342 4569 quoque
1366 4495 1452 4554 dein·

183 4614 256 4674 ceps
279 4601 380 4675 ipsam
396 4602 551 4674 capellam
568 4609 697 4676 propter
713 4601 867 4659 defectum
894 4602 1033 4674 ipsarum
1056 4603 1226 4660 sessionum
1251 4603 1314 4660 suis
1338 4601 1452 4661 divinis

183 4705 320 4765 cultibus
354 4722 458 4765 carere
494 4714 523 4765 et
557 4708 691 4779 destitui,
726 4708 858 4781 ideoque
893 4724 951 4781 pro
983 4709 1237 4781 augmentacione
1271 4707 1453 4766 huiusmodi

183 4813 286 4872 cultus
310 4812 408 4872 divini
431 4815 621 4888 prescriptas
644 4816 793 4873 sessiones
817 4815 911 4872 simul
936 4830 1006 4871 cum
1031 4816 1149 4872 cunctis
1173 4816 1312 4888 ipsarum
1336 4815 1451 4873 utilita-

183 4919 275 4992 tibus,
309 4915 431 4993 juribus
464 4926 493 4978 et
528 4922 725 4994 pertinenciis
759 4921 954 4993 quibuslibet
989 4921 1028 4978 ad
1052 4922 1176 4979 easdem
1200 4922 1238 4979 de
1260 4919 1328 4995 jure
1351 4932 1381 4978 et
1412 4922 1453 4979 ab

1346 5022 1361 5058 ’i‘
