3278 5348
195 453 256 497 roo
622 432 695 491 Dor.
717 440 767 508 75.
793 462 834 474 —
857 429 915 490 An.
938 443 1030 509 1434„

190 650 372 709 nonicorum
393 665 429 709 ac
459 648 567 707 altaris
589 651 692 705 sancte
715 646 815 704 crucis
839 645 1023 704 ascribendo
1047 651 1077 703 et
1089 643 1314 717 transferendo,
1337 648 1459 722 sibique

191 762 222 815 et
244 755 308 814 suis
330 756 498 814 heredibus
527 770 563 812 ac
594 753 726 828 posteris
758 768 815 826 per
837 752 975 826 amplius
997 752 1116 810 nullius
1138 752 1256 825 vigoris
1280 759 1334 812 aut
1356 753 1461 812 firma·

191 861 288 921 menti
310 878 383 933 esse,
407 862 461 920 sed
486 861 575 920 dietis
599 858 733 917 dominis
756 858 909 917 canonicis
932 874 968 916 ac
990 858 1083 917 altari
1103 866 1207 917 sancte
1229 861 1332 919 erucis
1347 861 1462 920 amodo

191 968 370 1044 profectura
393 975 422 1026 et
443 968 474 1025 in
495 972 682 1042 perpetuum
706 965 843 1023 valitura
860 965 1091 1023 committendo.
1115 966 1183 1024 Hoc
1198 966 1297 1024 eciam
1314 948 1462 1042 expresso

191 1083 221 1135 et
243 1075 420 1150 specialiter
442 1074 611 1143 declarato,
634 1071 719 1146 quod
744 1071 817 1145 quia
839 1070 979 1144 prelatus
996 1071 1128 1130 condam
1144 1071 1291 1131 dominus
1305 1073 1462 1156 Johannes

190 1183 356 1257 episcopus
379 1179 475 1239 frater
496 1180 593 1254 ipsius
615 1178 783 1253 Rodolphi,
812 1178 970 1252 quandam
1002 1178 1228 1252 possessionem
1252 1178 1386 1239 Bathina
1408 1195 1464 1240 vo·

190 1294 293 1348 catam
329 1303 384 1361 per
419 1287 524 1360 ipsum
558 1284 691 1343 condam
726 1284 888 1342 dominum
909 1284 1128 1342 Eberhardum
1151 1285 1336 1358 episcopum
1360 1287 1463 1346 eidem

190 1395 283 1453 altari
317 1400 420 1452 sancte
455 1392 554 1450 crucis
586 1405 645 1465 pro
676 1391 908 1449 continuacione
932 1391 1086 1449 dictarum
1109 1391 1276 1449 missarum
1301 1392 1409 1452 datam
1432 1401 1462 1452 et

190 1501 370 1575 deputatam
404 1499 509 1573 precio
543 1497 739 1569 vendidisset,
775 1502 806 1555 et
839 1498 879 1555 ab
914 1496 1024 1555 eodem
1059 1497 1152 1555 altari
1184 1512 1221 1555 ac
1251 1498 1318 1557 eius
1340 1505 1462 1558 rectore

189 1608 359 1677 alienasset,
391 1609 491 1663 certas
525 1605 623 1662 eciam
658 1605 804 1677 pecunias
838 1603 878 1661 ad
913 1618 1059 1675 magnam
1095 1618 1275 1676 sumpmam
1299 1620 1332 1662 se
1356 1611 1462 1664 exten·

189 1713 304 1784 dentes,
327 1713 471 1770 similiter
494 1727 550 1784 per
572 1711 677 1786 ipsum
701 1710 834 1768 condam
857 1710 1019 1768 dominum
1043 1709 1259 1767 Eberhardum
1276 1711 1460 1787 episcopum

189 1835 248 1895 pro
284 1821 514 1878 continuacione
549 1818 703 1875 dictarum
739 1819 905 1876 missarum
941 1817 980 1875 de
1013 1819 1104 1876 certis
1134 1816 1366 1892 possessionum
1401 1819 1461 1876 sibi

189 1926 468 1999 impignoratarum
492 1925 695 1999 proventibus
719 1924 787 1982 dari
811 1924 968 1982 debendas
991 1923 1132 1997 prelatus
1155 1922 1289 1982 condam
1312 1922 1461 1983 dominus

188 2031 343 2113 Johannes
367 2032 539 2105 episcopus,
563 2032 629 2105 ipse
653 2032 751 2089 eciam
787 2030 982 2103 Rodolphus,
1017 2030 1055 2088 ad
1092 2038 1202 2090 nutum
1236 2045 1329 2087 suum
1354 2030 1460 2105 dispo·

188 2139 328 2208 suissent,
366 2152 499 2209 quorum
534 2138 651 2194 scilicet
688 2137 886 2194 dominorum
922 2127 1141 2210 episcopdrum
1176 2152 1225 2194 res
1256 2140 1288 2194 et
1317 2137 1401 2195 bona
1423 2151 1460 2194 ac

188 2245 396 2318 possessiones
430 2260 486 2317 per
521 2244 604 2318 ipsos
636 2244 784 2316 acquisite
808 2243 847 2300 ad
871 2242 1003 2300 cundem
1025 2243 1230 2318 Rodolphum
1253 2247 1326 2316 post
1349 2258 1458 2302 eorum

186 2351 309 2408 obitum
338 2349 627 2422 condescenderunt,
659 2350 729 2407 ideo
760 2349 844 2408 idem
874 2349 1059 2424 Rodolphus
1082 2350 1209 2423 cupiens
1232 2350 1264 2407 in
1286 2350 1346 2407 bac
1370 2355 1459 2424 parte

186 2457 279 2515 saluti
303 2457 430 2531 proprie
451 2458 612 2514 consulere
635 2462 664 2513 et
688 2457 785 2530 ipsius
808 2455 914 2514 fratris
936 2457 985 2514 sui
1009 2456 1142 2513 condam
1165 2454 1285 2513 domini
1305 2455 1458 2538 Johannis

187 2564 326 2638 episcopi
360 2564 497 2621 animam
531 2578 549 2620 a
584 2564 672 2636 penis
706 2563 864 2635 alleviare,
901 2563 1003 2620 voluit
1036 2569 1067 2620 et
1096 2568 1206 2636 sponte
1228 2575 1335 2620 coram
1366 2562 1457 2621 nobis

186 2671 362 2743 assumpsit,
386 2669 470 2742 quod
494 2670 574 2727 siin
598 2685 744 2743 processu
769 2676 947 2743 temporum
978 2669 1044 2743 ipse
1068 2669 1119 2727 vel
1154 2668 1241 2726 filius
1278 2683 1353 2726 suus
1388 2685 1458 2742 pre·

184 2776 284 2834 dietus
307 2782 360 2833 aut
383 2791 492 2833 eorum
515 2777 630 2848 posteri
653 2778 837 2833 nitterentur
861 2775 1065 2834 donacionem
1095 2776 1251 2834 dictarum
1282 2775 1453 2849 possessio·

185 2898 260 2939 num
288 2888 317 2940 et
352 2882 460 2938 tributi
496 2898 551 2955 per
576 2883 688 2956 ipsum,
721 2889 755 2939 ut
786 2882 984 2954 premittitur,
1008 2881 1132 2954 factam,
1156 2887 1187 2940 et
1207 2881 1305 2939 eciam
1327 2881 1360 2937 in
1384 2896 1456 2953 sup

185 2988 379 3062 plemcntum
418 2989 620 3061 pecuniarum
655 2987 867 3061 predictarum
902 2988 1077 3061 depositam
1108 2987 1275 3061 infringere
1299 2993 1329 3044 et
1353 2987 1457 3045 eidem

184 3094 354 3152 resistendo
378 3095 537 3165 contraire,
561 3096 621 3151 hoe
643 3098 828 3168 attemptare
851 3095 978 3151 minime
1002 3096 1134 3167 valeant,
1165 3110 1265 3168 neque
1299 3098 1455 3166 pretactos

184 3201 329 3258 dominos
353 3203 514 3259 canonicos
537 3201 574 3258 de
597 3202 736 3275 capitulo
760 3202 899 3275 predicto
923 3210 976 3260 aut
999 3218 1108 3260 eorum
1125 3203 1259 3261 alterum
1275 3217 1329 3259 seu
1342 3216 1452 3275 quem·

184 3306 270 3378 piam
293 3322 331 3362 ex
355 3306 430 3380 ipsis
454 3308 505 3363 vel
529 3307 762 3363 observatorem
787 3308 953 3365 missarum
977 3308 1197 3382 predictarum,
1236 3323 1293 3382 per
1325 3306 1453 3365 eosdem

184 3411 327 3468 dominos
350 3414 511 3469 canonicos
534 3413 740 3482 statuendum,
764 3414 793 3469 in
818 3429 943 3472 causam
974 3431 1010 3472 ac
1040 3416 1129 3474 litem
1152 3414 1294 3473 atrahere
1323 3415 1454 3487 possint,

183 3518 240 3575 nisi
265 3518 352 3590 prius
376 3517 522 3593 depositis
545 3535 599 3576 sex
623 3520 766 3577 millibus
790 3520 912 3577 florenis
935 3522 1003 3580 auri
1027 3521 1172 3595 pretactis
1202 3519 1338 3578 dominis
1363 3533 1455 3578 cano·

183 3624 260 3680 nicls
291 3638 326 3680 ac
357 3629 501 3681 annotato
531 3626 623 3682 altari
654 3641 712 3697 pro
735 3627 966 3685 continuacione
989 3629 1129 3701 ipsarum
1151 3628 1319 3685 missarum
1343 3641 1453 3684 annec-

184 3726 291 3799 tendis,
310 3730 395 3801 prius
419 3735 449 3785 et
471 3730 589 3801 absque
613 3732 753 3803 qualibet
783 3735 1008 3806 prorogacione
1038 3749 1075 3791 ac
1105 3733 1290 3791 difficultate
1321 3732 1454 3806 aliquali

183 3849 240 3906 per
264 3834 358 3891 talem
381 3851 433 3891 seu
458 3836 535 3892 tales
558 3836 751 3905 integraliter
775 3841 950 3911 persolutis.
974 3839 1023 3897 Ad
1048 3855 1108 3912 que
1130 3839 1235 3898 omnia
1251 3838 1408 3913 premissa
1423 3843 1454 3897 et

183 3940 408 4012 premissorum
433 3940 555 4011 singula
578 3940 711 4000 firmiter
731 3945 927 4002 observanda
950 3952 979 4002 ct
1002 3946 1083 4002 bona
1106 3944 1169 4002 fide
1192 3948 1222 4002 et
1245 3944 1310 4002 sine
1341 3943 1453 4002 fraude

182 4051 213 4102 et
236 4045 310 4103 dolo
333 4046 456 4103 effectui
479 4047 683 4120 mancipanda
709 4053 941 4122 prenominatus
965 4050 1152 4124 Rodolphus
1175 4064 1231 4108 suo
1253 4057 1284 4108 et
1301 4050 1377 4110 dicti
1393 4051 1453 4111 lilii

183 4153 231 4210 sui
254 4168 289 4209 ac
320 4167 531 4209 successorum
564 4168 693 4211 suorum
721 4157 899 4214 nominibus
921 4173 953 4214 se
975 4158 1128 4229 obligavit
1151 4171 1256 4214 coram
1280 4157 1373 4216 nobis
1396 4173 1453 4216 sua

182 4264 351 4330 spontanea
375 4260 543 4317 voluntate.
568 4260 600 4318 ln
626 4278 760 4333 quorum
785 4262 880 4320 tidem
904 4271 933 4321 et
965 4264 1177 4321 testimonium
1210 4270 1370 4336 presentes
1401 4265 1452 4322 lit·

182 4368 263 4421 teras
285 4372 405 4443 nostras
428 4368 634 4424 concessimus
658 4369 754 4424 nostri
778 4370 874 4437 sigilli
897 4371 1066 4426 munimine
1090 4370 1262 4427 roboratas.
1286 4369 1404 4429 Datum
1419 4371 1451 4428 in

182 4468 260 4527 festo
283 4471 380 4528 sancti
402 4471 512 4554 Jacobi
536 4475 679 4547 apostoli.
705 4477 794 4531 Anno
816 4474 934 4533 domini
958 4476 1126 4533 millesimo
1143 4475 1451 4549 quadringentesimo

181 4577 336 4635 tricesimo
360 4585 478 4651 quarto.

287 4713 421 4776 Originale
439 4714 467 4762 in
485 4715 640 4767 membrano.
661 4716 762 4765 Sericea
780 4733 844 4766 zona
863 4719 921 4768 ssavi
940 4726 965 4767 et
979 4719 1089 4768 caerulei
1102 4719 1196 4769 coloris
1208 4719 1339 4784 dependet
1351 4721 1451 4786 absque

180 4799 275 4864 rigillo.
295 4803 326 4849 Iu
344 4802 412 4853 arch.
432 4819 489 4855 ven.
509 4805 586 4868 capit.
606 4806 706 4868 zagrab.
727 4806 780 4856 rlet.
802 4806 864 4871 Cap.
885 4814 935 4858 aut.
957 4810 1018 4859 fasc.
1039 4821 1062 4860 2.
1083 4824 1119 4859 ur.
1140 4821 1182 4871 31.
