3278 5348
608 380 682 438 Doc.
700 372 779 454 346.
807 408 843 419 -
870 369 1043 451 An.1487.

453 484 593 495 -..—

178 602 287 663 dendis
321 606 352 659 et
381 597 539 659 salvandis
572 594 694 671 juribus
724 594 867 668 ipsorum
902 591 1116 650 exhibuissent
1152 597 1183 649 et
1223 593 1448 667 produxissent.

179 710 293 784 quibus
316 705 442 765 tandem
467 702 641 778 privilegiis
665 717 720 774 per
744 701 850 774 ipsum
874 698 1035 757 dominum
1060 698 1273 757 Laurentium
1295 700 1403 759 revisis
1423 705 1449 755 et

178 815 352 883 ruminatis,
375 812 458 871 idem
482 827 521 867 ex
544 806 726 867 eorumdem
751 806 990 880 privilegiorum
1014 805 1177 864 tenoribus
1198 811 1233 864 et
1258 806 1449 866 continenciis

179 924 211 982 in
235 923 301 994 ipsa
325 934 417 977 causa
438 919 517 975 inter
540 922 644 989 partes
667 929 722 971 sua
745 914 777 971 in
801 912 959 986 presencia
975 911 1070 970 modo
1087 912 1248 985 premisso
1264 919 1403 972 vertente
1422 919 1448 969 et

182 1029 299 1096 habita,
322 1026 434 1083 seriem
457 1039 511 1081 sue
533 1020 694 1098 judiciarie
726 1018 963 1077 deliberacionis
994 1019 1089 1077 variis
1113 1019 1260 1092 partium
1292 1019 1448 1092 allegatio·

180 1134 273 1192 nibus
297 1137 327 1189 et
350 1129 608 1188 altercacionibus
629 1133 737 1185 contra
760 1140 827 1183 sese
851 1140 906 1182 sua
928 1125 960 1183 in
984 1125 1143 1198 presencia
1168 1123 1262 1183 factis
1286 1125 1447 1183 admodum

182 1240 374 1297 declarantes
397 1235 566 1293 ultimatim
592 1231 830 1291 deliberandum
861 1231 1077 1288 conclusisset:
1110 1230 1194 1303 quod
1223 1233 1300 1305 quia
1323 1232 1447 1307 prealle

183 1346 246 1418 gati
270 1345 354 1401 cives
383 1349 413 1400 et
445 1341 582 1413 hospites
613 1339 652 1397 de
683 1338 780 1396 Grecz
811 1336 967 1411 predictas
999 1337 1211 1411 possessiones
1247 1338 1394 1411 Kobylya
1421 1345 1447 1395 et

182 1450 354 1522 Zwyblyan
379 1452 513 1511 vocatas,
535 1445 698 1518 vigoribus
721 1442 895 1501 efficacium
919 1443 1198 1501 instrumentorum
1225 1460 1285 1518 per
1308 1458 1447 1519 procura·

183 1564 282 1615 torem
307 1554 462 1612 dictorum
486 1552 602 1610 civium
626 1565 731 1608 coram
755 1551 824 1623 ipso
847 1548 976 1607 domino
1002 1549 1174 1607 Laurencio
1204 1551 1360 1623 magistro
1389 1551 1448 1608 tha·

183 1662 381 1719 vemicorum
407 1657 632 1732 productorum
664 1656 740 1729 ipsis
770 1657 960 1729 pertinerent
990 1661 1021 1713 et
1050 1669 1068 1712 a
1100 1662 1246 1728 tempore
1276 1655 1448 1715 collusionis

183 1767 364 1826 earumdem
400 1765 634 1838 possessionum
668 1763 745 1835 ipsis
779 1762 867 1832 facte,
903 1767 937 1819 ut
970 1761 1066 1819 iidem
1099 1763 1244 1834 magistri
1279 1763 1448 1821 Demetrius

183 1873 419 1933 archidiaconus
442 1878 472 1928 et
496 1870 662 1942 Dyonisius
685 1883 790 1925 coram
807 1868 876 1941 ipso
893 1867 1021 1925 domino
1037 1868 1208 1926 laurencio
1226 1867 1302 1926 fassi
1319 1868 1449 1937 fuissent,

184 1996 308 2053 semper
343 1981 374 2036 in
410 1975 525 2035 eisdem
559 1975 687 2049 pacifice
718 1974 888 2047 perstitisse
921 1981 951 2031 et
982 1975 1046 2031 sine
1077 1974 1185 2047 aliqua
1208 1975 1449 2033 contradiccioue

184 2086 315 2159 capituli
338 2085 476 2142 annotati
499 2083 673 2140 luculenter
695 2080 965 2151 demonstrassent,
987 2079 1168 2154 dictumque
1191 2081 1370 2156 capitulum
1391 2088 1449 2138 tam

185 2200 325 2266 tempore
360 2191 540 2248 statucionis
571 2187 709 2246 eiusdem
746 2186 947 2260 possessionis
981 2186 1129 2260 Kobylya
1164 2203 1261 2261 quam
1289 2187 1450 2258 concordie

186 2304 345 2373 prenotate
369 2297 456 2353 velut
479 2296 524 2352 nil
546 2293 623 2370 juris
647 2293 753 2365 nilque
784 2292 984 2367 proprietatis
1006 2294 1037 2351 in
1070 2294 1321 2366 possessionibus
1345 2308 1450 2369 preno-

188 2407 260 2463 tatis
283 2402 511 2462 considerantes
536 2416 568 2457 se
592 2400 707 2457 habere
731 2399 837 2471 aliquo
860 2398 1116 2457 contradiccionis
1139 2400 1305 2459 obstaculo
1321 2417 1379 2476 per
1392 2402 1449 2460 iarn

190 2512 288 2570 fatum
311 2509 474 2567 dominum
498 2507 702 2564 Laurencium
727 2507 912 2578 magistrum
942 2507 1194 2565 thavemicorum
1218 2523 1387 2566 commune
1408 2523 1450 2565 re

188 2623 312 2691 pertum
336 2615 495 2683 extitisset,
518 2613 640 2670 civibus
664 2616 695 2668 et
717 2612 892 2684 hospitibus
923 2612 961 2669 de
985 2611 1081 2671 Grecz
1104 2614 1279 2687 prenotatis
1308 2614 1450 2673 obviasse

188 2734 217 2781 et
241 2738 278 2779 ex
301 2736 338 2778 eo
362 2722 445 2794 ipsas
469 2718 677 2791 possessiones
700 2717 840 2775 amisisse
862 2724 892 2774 et
922 2719 1111 2777 consensisse
1135 2726 1267 2793 propter
1297 2721 1346 2778 sui
1377 2720 1447 2778 taci-

187 2830 365 2887 turnitatem
390 2834 420 2883 et
446 2832 576 2898 propter
603 2825 755 2896 temporis
785 2823 1019 2882 diuturnitatem
1051 2826 1129 2884 bene
1160 2827 1274 2884 merito
1304 2828 1450 2901 potuisset

187 2935 336 3003 annotari,
360 2934 541 3005 litterasque
566 2931 846 3004 protestaciouales,
870 2933 1092 3005 prohibitorias
1124 2940 1153 2992 et
1177 2933 1256 2991 alias
1289 2935 1449 3008 quaslibet,

188 3058 249 3115 que
271 3040 402 3098 alicuius
425 3038 616 3096 efficacitatis
640 3037 819 3095 viderentur
850 3039 902 3096 vel
933 3040 1082 3097 momenti
1114 3039 1195 3097 facto
1227 3041 1260 3098 in
1291 3043 1450 3115 premisso,

187 3149 281 3205 iidem
307 3152 524 3220 procuratores
547 3145 677 3217 capituli
700 3145 827 3202 ecclesie
850 3147 1057 3218 zagrabiensis
1080 3161 1137 3218 per
1158 3147 1267 3220 ipsum
1291 3147 1449 3206 dominum

188 3255 392 3312 Laurencium
416 3253 461 3309 uti
485 3266 540 3308 suo
564 3251 753 3308 incubuisset
770 3251 875 3310 officio
899 3254 978 3311 trina
1003 3253 1070 3310 vice
1086 3253 1227 3326 requisiti
1241 3255 1450 3328 nequivissent

189 3378 245 3420 nec
269 3364 507 3433 assumpsissent
531 3359 693 3427 exhibere;
717 3359 812 3430 igitur
832 3360 897 3432 ipse
921 3359 1066 3417 dominus
1089 3358 1279 3418 Laurencius
1301 3361 1450 3419 thaverni·

187 3483 295 3525 corum
319 3467 471 3539 regalium
496 3465 652 3536 magister,
676 3479 737 3522 una
761 3481 832 3522 cunr
857 3467 1029 3525 venerabili
1051 3467 1083 3525 iu
1112 3464 1237 3524 Christo
1268 3474 1369 3541 patre,
1401 3466 1450 3524 do

189 3576 273 3632 mino
296 3573 386 3629 Petro
409 3572 458 3629 dei
484 3579 513 3628 et
536 3572 706 3644 apostolica
731 3573 833 3644 gracia
857 3574 1003 3646 episcopo
1033 3574 1211 3644 sirimiensi,
1234 3574 1311 3632 item
1334 3574 1450 3647 magni·

189 3680 257 3737 ficis
281 3680 365 3749 viris,
389 3679 515 3736 domino
547 3678 675 3735 Nicolao
699 3679 837 3752 palatino
882 3686 911 3736 et
940 3678 1041 3755 judice
1075 3679 1297 3749 Comauorum,
1331 3679 1450 3738 Thoma

189 3786 320 3844 condam
345 3785 489 3858 vayvoda
513 3785 712 3856 transilvano,
748 3785 844 3843 Paulo
868 3787 1017 3857 magistro
1049 3785 1302 3844 thavemicorum
1331 3787 1449 3861 regina·

188 3893 275 3962 lium,
299 3893 368 3949 aliis
392 3893 489 3950 eciam
513 3892 600 3963 regni
624 3893 787 3949 comitatus
812 3892 985 3949 tenentibus
1014 3898 1045 3949 et
1073 3892 1215 3963 honores,
1238 3908 1360 3953 necnon
1389 3908 1450 3951 ma·

187 3999 291 4071 gistris
314 3999 557 4072 prothonotario,
580 3999 750 4071 ceterisque
773 3998 911 4055 eiusdem
935 3999 1021 4070 regni
1051 3999 1213 4057 nobilibus
1243 4016 1350 4060 secum
1382 4008 1452 4060 tunc

188 4107 219 4164 in
252 4103 367 4180 judicio
398 4104 644 4174 consedentibus,
676 4105 772 4162 dictas
796 4106 1003 4178 possessiones
1035 4103 1182 4178 Kobylya
1213 4114 1243 4164 et
1279 4107 1451 4181 Zwyblyan

187 4221 321 4279 vocatas,
345 4213 404 4269 sub
427 4211 543 4269 eisdem
568 4213 666 4281 metis,
690 4212 804 4284 quibus
827 4213 868 4269 ab
890 4212 969 4270 olim
993 4213 1053 4286 ipsi
1075 4212 1160 4271 cives
1190 4213 1318 4273 easdem
1349 4230 1451 4290 posse·

164 4318 312 4387 dissent,
336 4317 374 4375 de
399 4317 591 4390 plenitudine
614 4333 667 4375 sue
690 4316 849 4390 judiciarie
866 4319 1026 4393 potestatis
1043 4318 1266 4378 adiudicandas
1283 4322 1450 4395 prenotatis

188 4425 309 4481 civibus
332 4432 361 4480 et
385 4424 559 4497 hospitibus
582 4423 620 4481 de
644 4423 741 4482 Grecz
764 4426 962 4499 reliquissent
985 4431 1138 4500 perpetuo
1161 4427 1335 4500 possidere,
1350 4434 1451 4488 tenere

187 4536 216 4587 et
240 4531 355 4587 habere
385 4532 470 4603 regio
502 4531 624 4588 nomine
655 4532 819 4603 mediante,
850 4533 1031 4606 dictumque
1055 4533 1229 4606 capitulum
1253 4535 1384 4595 ecclesie
1405 4550 1451 4594 za·

186 4638 365 4709 grabiensis,
390 4636 474 4710 quod
497 4638 527 4694 in
551 4639 720 4696 statucione
744 4638 881 4711 predicte
906 4639 1107 4712 possessionis
1124 4639 1274 4713 Kobylya
1291 4642 1352 4700 sub
1367 4643 1451 4712 testi·

187 4744 292 4801 monio
315 4759 371 4801 suo
395 4744 484 4801 dictis
508 4743 628 4801 civibus
651 4745 682 4801 in
705 4746 931 4819 concordiaque
955 4762 1048 4820 super
1079 4746 1171 4805 dictis
1201 4748 1452 4821 possessionibus

187 4850 333 4921 Kobylya
357 4856 387 4907 et
409 4850 580 4922 Zwyblyan
604 4852 683 4908 inter
706 4852 790 4924 ipsos
813 4853 896 4910 cives
919 4853 960 4910 ab
983 4867 1044 4911 una
1066 4868 1104 4911 ac
1118 4851 1277 4927 quosdam
1294 4854 1453 4915 Matheum
