3278 5348
627 408 698 465 Dec.
722 416 789 482 217.
813 439 856 448 -
880 406 936 463 An.
961 399 1052 481 1460.
1395 418 1454 473 277

190 513 303 523 --——

188 619 302 686 propria.
321 617 424 667 Blasius
448 618 480 666 de
506 615 599 667 Nemes
623 633 656 669 m.
676 633 701 682 p.
718 616 833 680 Jacobus
858 615 890 663 de
915 616 995 664 'l'iuer
1013 615 1175 662 decretorum
1193 613 1293 671 doctor,
1314 628 1368 664 can.
1388 629 1455 677 mgr.

188 725 223 762 m
242 725 268 773 p.
295 707 410 756 Thomas
429 706 549 772 Thompa
568 721 623 758 cau.
644 722 712 769 zngr.
733 721 766 757 m.
786 721 810 770 p.
840 705 987 753 Demetrius
1005 704 1094 752 doctor
1113 710 1139 750 et
1158 703 1267 751 vicarius
1286 701 1395 751 ecclesie
1414 717 1454 751 za·

188 797 334 862 grabiensis
351 796 474 860 predicte.
495 794 626 844 Gerendus
646 795 678 843 de
696 793 780 843 Patalr
799 809 854 845 cau.
874 792 934 842 eccl.
955 808 1023 854 zagr.
1037 807 1069 842 m.
1090 807 1115 856 p.
1133 789 1236 839 Blasius
1254 790 1287 839 de
1306 789 1456 839 Mnrowcha

188 901 244 938 can.
264 885 364 949 zagrab.
384 900 417 933 m.
443 900 468 949 p.
485 882 619 948 Johaunes
638 899 658 935 s.
676 881 806 946 Johauuis
825 880 933 930 ecclesie
952 880 1079 945 plebanus
1098 888 1124 928 et
1143 895 1197 930 ean.
1218 895 1286 943 zagr.
1305 895 1337 929 m.
1359 894 1384 943 p.

306 1009 384 1058 Liber
410 1009 505 1057 rubeus
532 1023 588 1059 ven.
618 1005 725 1072 capituli
752 1005 814 1056 eccl.
852 1005 1003 1069 zagrab.1u
1031 1004 1125 1055 archiv.
1154 1002 1215 1053 incl.
1244 1004 1327 1053 Acad.
1360 1004 1455 1053 Scient.

189 1097 260 1149 Slav.
278 1099 368 1151 merid.

784 1273 864 1343 217.

295 1417 370 1467 Circa
387 1434 426 1469 an.
450 1417 525 1480 1460,
548 1429 587 1479 14.
608 1415 768 1492 septembris.
787 1417 819 1464 In
838 1415 995 1473 Rakonok„

188 1543 330 1603 Scbaldus
352 1545 542 1620 Majetniscr,
565 1543 739 1599 castellanus
763 1543 793 1598 r'n
818 1541 968 1610 Rakonok,
988 1543 1191 1615 possessionem
1207 1544 1359 1616 qrrarrdnm
1367 1545 1456 1620 joba·

182 1652 340 1726 gronalem,
361 1649 418 1707 sibi
437 1649 475 1706 ab
504 1648 610 1717 Ulrr'co,
640 1647 731 1705 Cr'linc
746 1649 851 1716 comite,
869 1645 1018 1716 donatam,
1034 1650 1205 1705 monaterio
1227 1649 1456 1725 Cyslercr‘enst'um

209 1757 438 1832 zagrabiensium
460 1755 534 1813 dono
556 1754 610 1812 dat
631 1753 673 1810 od
692 1754 798 1810 scelera
820 1771 884 1823 sun,
906 1772 1077 1828 suorumque
1091 1763 1248 1827 parentum
1271 1757 1425 1830 cxptonrln.

294 1900 358 1960 Nos
374 1898 528 1958 Seboldus
544 1898 765 1971 Mnyervisher‚
781 1899 952 1956 castelanus
965 1899 1085 1957 castelli
1101 1900 1132 1957 in
1149 1900 1297 1959 Rakouok
1313 1902 1410 1960 habiti
1426 1909 1456 1960 et

187 2007 315 2067 fundati.
332 2007 480 2066 Memorie
492 2004 748 2063 commendamus
760 2010 865 2062 tenore
879 2006 1072 2077 presencium
1096 2005 1311 2079 significantes,
1339 2009 1454 2081 quibus

187 2113 315 2188 expedit
338 2113 498 2181 universis,
523 2110 681 2185 quomodo
704 2110 837 2169 condam
853 2110 984 2168 illustris
1002 2112 1144 2185 princeps
1161 2112 1305 2171 dominus
1322 2114 1454 2184 Vlricus,

187 2221 237 2279 dei
260 2220 360 2293 gratia
393 2218 482 2289 Cilic,
517 2217 735 2289 Ortemburge‚
771 2216 962 2291 Zagorieque
998 2233 1101 2275 comes
1136 2225 1192 2276 etc.
1216 2235 1333 2276 necnon
1367 2221 1455 2294 regni

186 2325 349 2384 Sclauonie
369 2326 467 2381 banus
496 2338 532 2380 ac
562 2322 707 2381 dominus
738 2323 830 2380 castri
861 2323 990 2393 Medwe,
1023 2340 1140 2381 necnon
1172 2325 1316 2383 dominus
1351 2334 1455 2385 noster

186 2433 356 2507 graciosus‚
378 2432 487 2503 vigore
511 2444 638 2486 suarum
662 2428 836 2486 litterarum
867 2428 1115 2486 donacionalium
1139 2430 1305 2502 superinde
1336 2431 1455 2489 confec·

185 2545 291 2597 tarum
313 2553 407 2594 unam
430 2537 600 2594 sessionem
621 2549 709 2592 suam
732 2532 964 2610 jobagionalem
987 2537 1017 2592 in
1042 2537 1235 2609 possessione
1257 2536 1377 2595 Nowalr
1401 2553 1454 2596 vo-

186 2652 254 2703 cata
277 2645 309 2702 in
324 2649 417 2718 portu
432 2642 529 2700 sancti
544 2641 655 2725 Jacobi
673 2642 822 2712 habitam,
846 2641 1036 2712 existentem,
1062 2643 1092 2698 iu
1108 2641 1298 2715 quaquidem
1320 2645 1454 2702 sessione

185 2751 316 2826 quidam
339 2749 476 2808 Thomas
490 2746 616 2824 j0bagio
639 2747 679 2804 ad
696 2763 823 2820 presens
839 2746 1040 2805 residenciam
1064 2748 1136 2805 lacit
1160 2750 1366 2822 personalem,
1382 2766 1453 2808 cum

185 2857 332 2916 omnibus
356 2854 494 2913 eiusdem
519 2853 664 2911 sessionis
686 2851 892 2928 jobagionalis
916 2853 1110 2924 utilitatibus,
1141 2862 1216 2928 puta
1239 2856 1329 2913 terris
1352 2858 1453 2915 arabi·

185 2963 269 3022 libus
286 2962 379 3020 cultis
394 2968 424 3018 et
440 2960 573 3029 incultis,
599 2960 698 3029 silvis,
722 2960 828 3032 pratis,
853 2957 970 3029 tenetis
994 2961 1183 3032 nemoribus,
1200 2963 1331 3034 pascuis,
1355 2963 1452 3035 aquis,

184 3070 297 3140 ssuviis,
321 3066 495 3141 piscaturis,
520 3065 714 3140 pisciumque
737 3064 889 3122 clausuris
906 3072 936 3122 et
951 3066 1136 3144 generaliter
1160 3068 1372 3139 quarumlibet
1394 3071 1453 3127 uti·

185 3176 309 3233 litatum
333 3173 571 3246 integritatibus,
596 3171 864 3229 fructuositatibus
880 3177 910 3228 et
926 3173 1123 3256 pertinenciis
1148 3174 1299 3231 universis
1323 3174 1361 3231 ad
1384 3190 1452 3231 ean·
1524 3233 1537 3243 ,

185 3281 257 3339 dem
282 3280 448 3338 sessionem
472 3276 704 3353 jobagionalem
734 3292 859 3350 semper
893 3284 923 3334 et
946 3279 986 3334 ab
1010 3279 1137 3350 antiquo
1160 3278 1198 3335 de
1221 3276 1289 3354 jure
1313 3287 1452 3354 spectan-

184 3384 267 3446 tibus
290 3392 319 3443 et
344 3385 498 3458 pertinere
522 3383 715 3451 debentibus,
739 3369 837 3453 nobis,
866 3384 1041 3456 nostrisque
1057 3383 1232 3455 heredibus,
1255 3387 1370 3445 nostris
1394 3404 1452 3461 pro

184 3494 325 3552 serviciis
359 3494 390 3549 in
425 3497 612 3564 perpetuum
647 3489 790 3559 dedisset,
826 3489 971 3547 donasset
1005 3498 1033 3547 ct
1065 3493 1256 3560 contulisset;
1296 3492 1366 3551 ideo
1396 3510 1452 3553 nos

183 3601 289 3658 animo
312 3599 485 3657 deliberato
509 3596 639 3654 eandem
664 3598 832 3654 sessionem
856 3601 994 3655 nostram
1025 3596 1256 3672 jobagionalem
1280 3601 1312 3658 in
1343 3601 1452 3660 eadem

154 3707 378 3782 possessione
412 3711 517 3761 nostra
541 3703 660 3762 Nowalr
695 3710 803 3760 vocata
835 3704 984 3775 habitam,
1016 3706 1110 3762 simul
1142 3721 1212 3762 cum
1237 3708 1353 3764 cunctis
1388 3710 1451 3766 suis
1540 3733 1543 3737 ’

183 3812 373 3871 utilitatibus
395 3817 426 3868 et
448 3810 645 3884 pertinenciis
676 3810 870 3882 quibuslibet
899 3810 1086 3883 supradictis
1118 3817 1147 3868 et
1171 3812 1363 3885 specificatis,
1388 3821 1451 3872 tam

182 3919 225 3977 ob
259 3917 471 3991 explacionem
503 3916 656 3972 scelerum
686 3921 863 3991 nostrornm
887 3931 922 3973 ac
958 3923 1121 3989 parentum
1144 3923 1173 3974 et
1197 3917 1452 3991 predecessorum
1490 3891 1493 3895 ἢ

183 4030 371 4093 nostrorum,
395 4023 530 4080 claustro
552 4037 605 4079 seu
630 4023 818 4103 monasterio
852 4024 940 4079 beate
971 4024 1065 4080 Marie
1100 4024 1228 4094 virginis
1252 4023 1369 4081 ordinis
1392 4025 1451 4097 Cy-

182 4130 364 4200 sterciensis,
388 4128 538 4201 Zagrabie
562 4126 699 4197 fundate,
723 4143 759 4184 ac
783 4144 839 4201 per
863 4107 1053 4201 consequens
1079 4129 1250 4185 venerabili
1274 4130 1342 4187 viro
1360 4130 1448 4188 tratri

184 4234 389 4308 Wynnando,
424 4233 575 4292 moderno
606 4234 713 4291 abbati
749 4227 824 4291 dicti
857 4235 1035 4292 monasterii
1063 4235 1152 4290 beate
1181 4235 1275 4290 Marie
1312 4236 1450 4308 virginis,

182 4343 345 4417 ipsiusque
373 4340 620 4410 successoribus,
652 4341 770 4413 totique
801 4341 964 4397 conventui
996 4340 1173 4396 monasterii
1208 4339 1355 4413 eiusdem,
1385 4349 1451 4399 tum

182 4449 282 4507 eciam
304 4447 347 4505 ob
370 4462 459 4520 spem
483 4452 513 4504 et
536 4445 746 4518 devocionem,
772 4462 848 4518 quas
872 4447 901 4503 in
927 4446 1035 4502 eadem
1053 4446 1172 4517 virgine
1195 4445 1331 4518 gloriosa
1354 4449 1452 4506 Maria

182 4554 233 4613 dei
255 4554 403 4627 genitrice
426 4569 551 4626 semper
566 4551 718 4611 indefesse
735 4553 909 4624 habuimus,
933 4554 1133 4625 gerimusque
1150 4560 1180 4609 et
1196 4553 1356 4627 habemus,
1373 4570 1451 4628 pure

183 4667 314 4734 propter
336 4659 430 4717 deum
461 4658 614 4730 dedimus,
646 4658 840 4731 donavimus,
872 4660 1069 4732 contulimus,
1093 4660 1190 4717 immo
1214 4659 1332 4733 damus,
1357 4660 1451 4718 dona·

182 4782 254 4825 mus
277 4772 306 4825 et
329 4765 517 4825 conferimus
540 4781 596 4839 per
620 4765 749 4823 eandem
767 4765 928 4823 ecclesiam
952 4767 1041 4823 beate
1057 4767 1153 4824 Marie
1178 4767 1306 4836 virginis
1329 4784 1365 4826 ac
1382 4783 1451 4840 pre·

183 4872 284 4933 fatum
301 4872 463 4933 dominum
480 4873 701 4946 Wynnandum
719 4872 903 4931 modernum
923 4874 1069 4931 abbatem
1087 4879 1249 4948 totumque
1265 4882 1451 4933 conventum
