3278 5348
530 416 603 474 Doc-
626 428 674 494 73·
701 448 740 457 -
765 418 821 476 Aa
846 432 941 497 1434·
1330 436 1369 498 os

94 635 204 687 sancto
226 630 366 702 legitime
388 639 574 704 congregata
596 633 803 691 universalem
828 636 990 693 ecclesiam
1021 640 1242 708 representans.
1275 636 1371 694 Vene-

93 735 193 793 rabili
215 736 448 811 archiepiscopo
470 737 675 809 strigoniensi,
697 738 831 797 salutem
859 746 890 798 et
913 742 1134 814 omnipotentis
1157 741 1206 798 dei
1230 741 1369 799 benedic·

92 842 222 899 tionem.
244 841 390 900 Exhibita
412 842 502 900 nobis
527 857 584 917 pro
608 849 696 917 parte
720 844 906 903 dilectorum
928 846 1056 903 ecclesie
1079 845 1219 905 filiorum
1241 848 1370 923 capituli

91 946 226 1005 ecclesie
247 948 455 1021 ragrabiensis
478 964 534 1006 nec
556 963 617 1006 non
640 957 840 1008 executurum
863 953 1038 1009 testamenti
1060 968 1115 1009 seu
1133 953 1243 1010 ultime
1258 954 1371 1011 volun-

92 1053 169 1110 tatis
193 1054 274 1110 bone
297 1056 447 1112 memorie
466 1055 615 1137 Jolrannis
648 1055 726 1113 olim
749 1056 889 1131 episcopi
910 1058 1117 1130 zagrabicnsis
1140 1059 1253 1132 peticio
1275 1060 1370 1117 conti·

94 1159 201 1231 nebat,
223 1159 308 1233 quod
332 1160 463 1218 dilectus
486 1161 615 1218 ecclesie
638 1160 723 1218 filius
754 1162 938 1236 Rodolphus
960 1163 999 1221 de
1030 1164 1142 1235 Alben,
1173 1165 1309 1237 armiger
1339 1166 1369 1222 in

94 1263 214 1323 diocesi
235 1267 428 1339 zagrabiensi
450 1282 573 1325 moram
596 1268 729 1339 trahens,
761 1269 888 1326 eosdem
916 1270 1090 1343 capitulum
1126 1278 1156 1328 et
1189 1277 1369 1328 executores

94 1371 127 1428 in
150 1373 311 1430 nonnullis
334 1374 423 1431 bonis
446 1374 618 1431 mobilibus
641 1381 671 1432 et
696 1375 913 1433 immobilibus
937 1392 975 1433 ex
998 1376 1085 1434 obitu
1109 1377 1207 1450 ipsius
1230 1378 1369 1451 episcopi

95 1494 151 1536 seu
184 1479 354 1537 voluntatis
384 1480 523 1554 predicte
546 1486 603 1539 etc.
633 1487 662 1539 et
694 1482 737 1538 sic
768 1481 851 1540 finit:
884 1482 1000 1540 Datum
1032 1481 1180 1556 Strigonii
1210 1483 1240 1540 in
1268 1492 1369 1541 castro

96 1594 211 1657 nostro,
234 1586 285 1644 die
314 1587 439 1645 sabbati
470 1587 621 1660 vigesima
651 1595 738 1644 sexta
770 1587 820 1645 die
854 1590 969 1645 mensis
998 1589 1090 1671 Junii.
1121 1592 1211 1646 Anno
1249 1589 1369 1648 domini

98 1692 269 1754 millesimo
286 1693 589 1767 quadringentesimo
602 1694 758 1751 tricesimo
770 1700 889 1764 octavo,
913 1695 1066 1752 indicione
1082 1695 1275 1768 duodecima,
1291 1697 1369 1754 hora

101 1817 302 1875 vesperarum
326 1800 377 1857 vel
413 1800 503 1872 quasi
536 1800 623 1857 illius
659 1800 728 1857 diei.
764 1800 963 1857 Pontificatus
994 1806 1097 1859 autem
1129 1802 1314 1859 sanctissimi
1337 1804 1368 1861 in

101 1908 224 1965 Christo
248 1907 346 1981 patris
369 1914 399 1963 et
422 1906 540 1963 domini
572 1908 678 1971 nostri.
708 1906 828 1964 domiui
865 1907 1001 1978 Ewgenii
1036 1923 1116 1981 pape
1147 1910 1257 1981 quarti,
1288 1923 1368 1966 anno

104 2022 220 2086 quarto.
246 2044 285 2054 -
311 2013 383 2070 Post
408 2013 670 2086 quarumquidem
686 2014 784 2087 ipsius
807 2021 909 2070 vestre
925 2013 959 2070 R.
976 2013 1005 2071 P.
1024 2014 1198 2071 litterarum
1220 2015 1368 2071 exhibici-

99 2135 188 2177 onem
211 2124 242 2178 et
265 2120 529 2193 presentacionem
562 2136 618 2192 per
649 2119 781 2176 eundem
812 2119 974 2177 dominum
1004 2122 1176 2203 Johanncm
1208 2121 1367 2178 doctorem

99 2225 140 2284 fui
173 2226 341 2300 requisitus
373 2225 479 2283 debita
513 2242 584 2283 curn
614 2227 771 2297 instancia,
797 2231 830 2283 ut
853 2226 893 2283 ad
918 2227 1136 2284 execucionem
1160 2227 1234 2284 dicti
1264 2228 1366 2297 vestri,

98 2333 192 2391 immo
221 2333 326 2391 verius
348 2331 462 2406 prefati
489 2333 675 2391 sacrosancti
697 2333 819 2390 concilii
837 2333 1018 2403 basiliensis,
1040 2333 1177 2390 mandati
1201 2333 1368 2407 procedere

98 2438 251 2498 deberem.
274 2440 340 2511 ligo
363 2453 439 2495 vero
462 2437 558 2497 frater
581 2439 736 2521 Johannes
752 2441 858 2507 abbas,
875 2447 1019 2496 executor
1036 2448 1069 2496 ut
1085 2455 1187 2513 supra,
1206 2449 1367 2512 tamquam

101 2546 277 2604 obediencie
300 2544 386 2602 filius
408 2544 562 2602 mandatis
584 2551 686 2603 vestre
710 2547 746 2604 R.
771 2546 801 2603 Ι).
826 2547 924 2602 immo
947 2547 1048 2602 verius
1073 2545 1146 2603 dicti
1180 2548 1368 2604 sacrosancti

99 2652 220 2710 concilii
243 2651 419 2709 basiliensis
444 2652 604 2709 humiliter
627 2667 736 2725 parere
759 2653 895 2726 cupiens,
920 2657 953 2708 ut
977 2660 1089 2721 teneor,
1114 2651 1165 2708 die
1187 2653 1282 2734 Jovis,
1307 2669 1367 2724 que

99 2764 140 2816 est
163 2764 274 2817 octava
296 2758 411 2815 mensis
434 2757 518 2839 Julii,
543 2758 619 2816 hora
642 2759 808 2816 terciarum
832 2759 883 2815 vel
907 2759 1003 2830 quasi,
1028 2744 1162 2814 unacum
1186 2759 1306 2815 notario
1337 2769 1366 2815 et

100 2865 227 2922 testibus
250 2862 456 2937 infrascriptis
480 2863 520 2921 ad
544 2864 662 2921 dictum
686 2864 897 2938 Rodolphum‚
921 2865 989 2938 ipso
1013 2865 1043 2920 in
1067 2870 1168 2921 castro
1192 2879 1248 2920 suo
1282 2864 1366 2921 Med·

100 2986 210 3029 weu'ar
234 2977 413 3045 nuncupato
437 2970 642 3044 personaliter
665 2970 822 3039 existente,
853 2971 908 3028 ubi
940 2972 1037 3027 eciam
1068 2985 1156 3027 suam
1189 2971 1365 3027 continuam

101 3074 169 3134 facit
204 3076 417 3147 residenciam,
452 3077 658 3149 personaliter
691 3077 813 3146 accessi,
848 3077 962 3148 ibique.
987 3077 1059 3147 quia
1083 3076 1122 3132 ad
1146 3091 1235 3132 suam
1261 3091 1365 3148 perso·

100 3184 198 3241 nalem
223 3182 415 3255 presenciam
439 3198 489 3238 me
512 3181 675 3239 admittere
699 3183 807 3251 noluit,
830 3183 1006 3239 convocatis
1031 3182 1187 3238 nonnullis
1213 3183 1319 3254 probis
1336 3188 1366 3239 et

101 3288 213 3347 idoneis
249 3287 388 3345 eiusdem
419 3287 578 3361 Rodolplri
613 3288 832 3359 familiaribus,
855 3289 959 3361 ipsum
994 3287 1158 3344 domiuum
1192 3287 1363 3345 Rodolfum

102 3396 203 3467 vigore
227 3394 383 3451 dictarum
406 3405 508 3451 vestre
532 3394 557 3450 R
591 3394 621 3451 P.
643 3394 816 3451 litterarum
840 3394 964 3468 publice
988 3399 1018 3450 et
1035 3392 1196 3450 manifeste
1212 3395 1255 3450 sic
1272 3395 1365 3451 citavi

102 3501 329 3574 perhemptorie
353 3507 455 3557 vestre
478 3500 512 3557 R.
536 3500 566 3557 P.
592 3501 622 3557 in
647 3501 848 3574 presenciam,
872 3505 907 3557 ut
930 3502 995 3574 ipse
1024 3500 1178 3557 tricesimo
1202 3499 1292 3556 dica
1316 3501 1365 3557 die

101 3605 255 3664 citacionis
278 3598 499 3682 (presencium)
522 3607 582 3663 sibi
607 3623 662 3680 per
687 3622 735 3662 me
760 3606 838 3663 facte
862 3605 1080 3679 computando
1097 3607 1123 3662 si
1147 3605 1252 3662 audita
1274 3607 1364 3664 fuerit

98 3717 121 3768 et
155 3720 258 3770 vestre
288 3712 323 3769 R.
355 3712 385 3770 P.
416 3712 467 3768 vel
493 3718 630 3769 vestrum
655 3714 686 3769 in
709 3713 767 3769 hac
790 3728 881 3770 causa
905 3711 1153 3782 subdelegatum
1176 3728 1268 3784 quem
1293 3728 1364 3769 con·

100 3819 228 3876 stituerit
252 3863 258 3876 .
283 3863 289 3876 .
314 3864 320 3876 .
343 3818 537 3875 reddendum
560 3816 637 3893 jure,
661 3834 719 3892 pro
744 3819 893 3875 tribunali
916 3817 1022 3874 sedere
1038 3819 1208 3889 contigerit,
1226 3820 1363 3891 alioquin

100 3920 174 3983 dicta
195 3923 248 3981 die
271 3921 400 3999 juridice
422 3967 1226 3983 ...........................
1258 3941 1363 3983 coram

100 4037 197 4089 restra
231 4030 266 4088 R.
291 4030 322 4088 P.
357 4031 409 4088 vel
440 4030 644 4102 subdelegato
679 4030 818 4104 predicto
843 4037 1029 4104 compareat,
1051 4031 1133 4088 dicto
1158 4032 1295 4104 capitulo
1316 4048 1363 4088 za-

99 4136 250 4205 grabiensi
273 4136 327 4193 vel
350 4151 406 4194 suo
431 4138 625 4210 procuratori
651 4137 812 4209 legittimo
842 4138 1007 4194 constituto
1032 4153 1236 4211 responsurus
1259 4153 1295 4194 ac
1317 4136 1363 4212 ju·
1379 4150 1400 4197 ·.

98 4242 176 4301 sticie
208 4241 476 4316 complementum
512 4243 543 4299 in
580 4244 737 4316 premissis
760 4252 948 4317 recepturus
975 4244 1162 4317 procedique
1186 4245 1309 4300 visurus
1333 4245 1363 4300 in

99 4348 253 4417 premissis
288 4364 385 4422 usque
417 4348 457 4406 ad
489 4347 688 4406 diffinitivam
720 4350 907 4407 sentenciam
933 4396 938 4406 .
965 4397 969 4406 .
994 4350 1196 4407 certificantes
1219 4348 1361 4419 eundem,

100 4454 175 4525 quod
200 4454 227 4513 si
250 4467 357 4512 coram
379 4462 482 4513 vestra
505 4455 539 4512 R.
565 4456 594 4513 P.
619 4456 670 4512 vel
694 4455 777 4513 dicto
801 4456 1005 4528 subdelegato
1039 4456 1257 4529 comparuerit,
1285 4455 1363 4510 bene

101 4559 229 4632 quidem,
264 4560 405 4634 alioquin
436 4576 511 4619 vero
546 4562 676 4620 ulterius
711 4577 771 4620 non
807 4563 856 4620 lric
892 4564 921 4618 in
947 4562 1088 4635 partibus
1111 4559 1164 4617 sed
1189 4561 1219 4616 in
1242 4559 1362 4616 foribus

102 4666 221 4725 ecclesie
243 4672 346 4725 vestre
369 4667 403 4725 R.
428 4668 461 4724 P.
485 4668 697 4739 strigoniensis
720 4670 812 4727 citato
836 4669 873 4725 ad
900 4669 997 4742 partis
1018 4682 1123 4724 coram
1146 4673 1248 4722 vestra
1271 4665 1305 4722 R.
1330 4665 1360 4722 P.

103 4768 147 4827 vel
166 4770 250 4831 dicto
272 4772 476 4844 subdelegato
499 4775 706 4847 comparentis
730 4776 918 4843 instanciam,
944 4781 1037 4846 prout
1068 4771 1187 4846 justicia
1210 4771 1360 4843 suadebit,

101 4868 183 4943 juxta
216 4883 400 4953 preceptum
434 4881 634 4937 sacratissimi
664 4882 787 4938 concilii
816 4882 847 4937 in
870 4880 946 4953 ipsis
969 4880 1069 4937 causis
1092 4887 1122 4936 et
1145 4892 1237 4935 causa
1261 4893 1359 4951 usque
