3256 5346
612 416 690 476 'Doc
715 412 767 475 86.
788 450 832 463 -
854 416 911 476 An]
934 403 1021 497 143'5.
1382 436 1445 481 att

185 634 377 707 evangiuatis
400 639 431 691 et
446 633 600 707 exemptis
615 633 647 691 in
660 633 852 700 territorium
869 628 1004 692 ciiitatis'
1018 635 1159 709 predicte
1172 651 1272 710 prope
1288 635 1451 692 ecclesiam

184 745 285 797 sancte
319 738 516 812 Margarethe
546 739 677 812 virginis
711 754 749 797 ex
783 754 932 797 consensu
961 744 992 798 et
1015 741 1176 799 voluntate
1197 742 1298 800 'tocius
1321 741 1452 814 capituli

183 845 320 920 predicte
355 845 483 903 ecclesie
504 845 724 917 ·zagrabiensis
756 846 972 918 potencialiter
1005 847 1162 905 irruendo
1182 848 1213 905 in
1237 847 1330 905 horto
1353 846 1451 904 Tome

183 951 281 1022 iurati,
315 950 376 1010 filit
410 951 520 1023 Choni,
554 950 672 1022 iudicis,
707 952 740 1008 in
771 952 925 1010 suburbio
955 957 990 1010 'et
1013 953 1170 1011 territorio
1194 953 1293 1027 ipsius
1316 953 1451 1011 civitatis

182 1057 297 1129 habito,
321 1057 413 1132 palos
435 1072 489 1114 seu
513 1056 606 1128 valla,
629 1056 728 1128 vulgo
751 1066 907 1130 preztecze
924 1056 1014 1129 dicta,
1030 1058 1246 1132 potencialiter
1261 1056 1450 1116 extrahendo

183 1165 215 1221 in
235 1164 340 1238 ipsum
364 1165 491 1222 hortum
514 1163 632 1237 potenti
654 1167 684 1220 et
707 1168 827 1221 armata
850 1179 944 1221 manu
966 1163 1122 1235 irruendo,
1139 1162 1307 1237 quemdam
1322 1179 1449 1243 servum

182 1285 273 1328 suum
295 1269 483 1341 Gregorium
506 1269 674 1341 Churman,
698 1270 959 1345 prenominatum,
983 1270 1049 1327 subr
1064 1263 1191 1328 nomine
1218 1269 1296 1327 furis
1312 1270 1450 1344 arripere

181 1381 210 1441 et
232 1362 343 1450 capere
365 1391 402 1434 ac
425 1375 554 1434 detineri
578 1375 659 1446 fecit,
683 1377 825 1452 potencia
850 1376 1014 1447 mediante,
1038 1377 1069 1433 in
1092 1375 1301 1449 preiudicium
1318 1383 1362 1434 et
1392 1391 1450 1450 op-

182 1483 372 1557 pressionem
394 1498 430 1540 ac
452 1459 659 1541 uiolacionem
682 1483 873 1565 libertatum,
896 1471 1108 1555 te'r'ritoriique
1131 1483 1265 1540 civitatis
1289 1488 1449 1556 prenotate

182 1587 274 1647 valde
297 1594 453 1662 magnum.
478 1590 544 1647 Lite
566 1584 844 1663 intercapitulum
867 1595 897 1646 et
921 1590 1005 1646 cives
1028 1589 1184 1662 predictos
1204 1586 1367 1661 pendente.
1470 1582 1474 1589 ’

285 1696 384 1767 Item„
397 1695 530 1752 sabbato
553 1696 705 1768 proximo
715 1700 786 1768 posi
802 1694 916 1752 festum
941 1696 1024 1752 beati
1038 1695 1188 1777 Johannis
1204 1695 1346 1768 baptiste,
1368 1711 1447 1755 anno
1494 1754 1500 1765 ,

181 1801 324 1859 similiter
356 1803 386 1859 in
420 1803 563 1876 presenti,
598 1801 793 1859 honorabilis
823 1803 877 1886 uir
899 1789 1043 1857 dominus
1066 1801 1202 1884 Jacobus
1226 1801 1265 1857 de
1297 1800 1448 1860 Zerdahel
1529 1784 1533 1792 ¹

181 1909 344 1966 canonicus
367 1908 495 1965 ecclesie
518 1908 736 1979 zagrabiensis‚
758 1923 815 1981 per
837 1912 937 1965 certos
960 1907 1101 1964 homines
1124 1912 1154 1963 et
1178 1906 1348 1964 familiares
1376 1922 1448 1965 suos

181 2013 211 2070 in
235 2015 392 2072 territorio
415 2020 445 2072 et
468 2016 500 2072 in
524 2029 637 2089 campo
660 2014 794 2071 civitatis
818 2012 964 2086 predicte,
988 2013 1188 2070 Franciscum
1217 2020 1355 2070 sutorem
1378 2030 1448 2071 curn

179 2134 241 2178 uno
264 2121 416 2183 servitte
438 2137 491 2178 seu
516 2125 640 2193 pastore
662 2134 718 2178 suo
741 2135 838 2176 unum
862 2135 978 2191 equum
1002 2125 1032 2175 et
1057 2119 1152 2175 boves
1175 2133 1247 2175 suos
1270 2124 1448 2193 pascentem
1466 2180 1474 2187 ,,
1497 2181 1502 2191 ,

181 2244 217 2285 ex
240 2228 327 2299 scitu,
351 2242 501 2285 consensu
523 2233 553 2284 et
577 2228 735 2284 voluntate
759 2226 857 2283 tocius
881 2225 1010 2299 capituli
1046 2224 1178 2298 predicti
1213 2224 1379 2298 depredari
1413 2231 1444 2283 et

180 2333 355 2408 predictum
377 2349 493 2406 equum
515 2348 608 2390 suum
631 2333 728 2406 recipi
751 2340 781 2389 et
804 2331 916 2389 abduci
941 2347 976 2388 ac
1000 2332 1040 2388 ab
1057 2331 1125 2404 ipso
1142 2337 1266 2407 pastore
1282 2346 1338 2388 suo
1355 2332 1447 2390 vestiss

180 2446 283 2497 menta
306 2447 336 2497 et
358 2440 518 2511 cingulum
542 2455 613 2497 cum
638 2454 713 2512 pera
735 2444 765 2496 et
789 2439 927 2512 pecuniis
953 2436 1155 2509 depredative
1175 2438 1273 2511 recipi
1295 2444 1324 2494 et
1341 2452 1447 2510 aspor-

180 2547 238 2605 tari
260 2562 296 2604 ac
317 2545 432 2604 auferri
456 2545 528 2604 fecit
550 2547 692 2620 potencia
730 2545 892 2615 mediante,
923 2547 955 2603 in
976 2543 1183 2617 preludieium
1213 2549 1243 2600 et
1274 2542 1447 2616 dampnum

179 2668 215 2710 ac
237 2642 474 2727 oppressionem
504 2653 658 2711 libertatis
693 2652 827 2710 civitatis
863 2656 1023 2725 prenotate
1060 2658 1090 2707 et
1123 2650 1269 2707 territorii
1301 2648 1447 2706 eiusdem.

179 2759 245 2817 Lite
268 2766 372 2817 tamen
395 2761 475 2818 inter
498 2761 604 2833 ipsum
626 2760 799 2832 capitulum
823 2765 852 2815 et
875 2758 1030 2831 predictos
1054 2759 1136 2814 cives
1159 2756 1319 2843 pendente.

285 2915 475 2964 Documentum
502 2912 707 2962 transactionale.
742 2915 774 2962 In
801 2912 870 2964 arch.
899 2929 956 2963 ven.
983 2912 1069 2976 Capit.
1096 2910 1197 2974 zagrab.
1226 2910 1279 2957 Act
1307 2923 1361 2973 cap.
1382 2909 1446 2978 Ant.

180 3002 240 3055 tuse.
263 3015 302 3055 ro.
321 3019 359 3056 ur.
381 3003 420 3054 16.

783 3180 845 3245 86.

284 3304 365 3371 'Anno
388 3333 462 3386 1435,
485 3331 524 3372 to,
545 3319 667 3383 Augusti.
689 3322 798 3368 Brunae.

181 3447 383 3523 Segrisrnundus
394 3450 573 3522 Hungariac
585 3456 631 3506 etc.
644 3468 707 3519 rex,
720 3448 861 3505 Mutlnreo
878 3426 1014 3513 Tulozurc,
1031 3421 1334 3520 episcoparus'zrprab.
1344 3446 1447 3519 guber-

181 3527 286 3625 natori,
309 3557 429 3629 eiusque·
437 3554 542 3631 fratri
561 3540 691 3623 neemias,
723 3562 758 3613 ut
778 3553 933 3627 capitulum
959 3555 989 3608 in
1005 3554 1138 3626 fructum
1162 3571 1310 3630 agrorum
1334 3571 1353 3608 a
1376 3570 1447 3608 conr·
1524 3595 1526 3599 .

467 3662 606 3720 munitate
628 3662 753 3718 civitates
775 3663 803 3718 ei
823 3667 980 3733 ereptumve
1003 3659 1145 3722 resumat.

794 3799 948 3848 Commissio
968 3798 1070 3862 propria
1089 3797 1186 3846 domini
1207 3798 1376 3861 imperatoris.

284 3908 502 3983 sigismundus
525 3910 574 3967 dei
590 3913 691 3982 gracia
713 3912 925 3969 Romanorum
939 3892 1116 3983 imperator,
1139 3926 1262 3982 semper
1290 3916 1446 3981 augustus,

180 4031 215 4074 ac
239 4017 405 4089 Hungarie,
437 4008 591 4088 liohemi'e,
614 4017 784 4088 Dalmacie,
815 4019 942 4075 Croacie
966 4026 1021 4074 etc.
1054 4033 1116 4074 rex.
1142 4016 1300 4073 Fidelibus
1332 4017 1447 4073 nostris

181 4122 346 4195 magnifico
369 4123 528 4181 Mathlroni
544 4123 582 4180 de
605 4124 752 4181 Talloucz
776 4124 854 4180 inter
878 4130 977 4180 cetera
1001 4122 1106 4180 comiti
1130 4121 1289 4179 kouinensi
1313 4128 1342 4178 et
1358 4138 1448 4195 cape·

181 4233 269 4287 taneo
291 4228 531 4287 nan-doralbensi
555 4245 590 4286 ac
610 4231 811 4302 gubernatori
835 4230 1030 4303 episcopatus
1047 4229 1254 4300 zagratnensis
1278 4235 1307 4285 et
1323 4227 1447 4301 egregio

179 4335 311 4394 Perkoni
341 4335 380 4394 de
403 4334 485 4393 dicta
508 4336 664 4405 Talloucz,
690 4335 776 4393 tratri
812 4336 961 4405 eiusdem,
986 4335 1119 4391 salutem
1154 4341 1183 4391 et
1218 4334 1363 4405 graciam.
1387 4333 1447 4389 Pro

180 4448 268 4516 parte
291 4451 321 4500 et
345 4444 374 4500 in
399 4458 530 4516 persona
561 4443 753 4499 honorabitis
784 4440 912 4515 capituli
944 4442 1071 4498 ecclesie
1102 4441 1309 4513 zagrabiensis
1340 4444 1443 4495 nostre

179 4551 344 4624 exponitur
367 4549 518 4607 maiestati
542 4548 632 4620 gravi
655 4564 725 4605 curn
751 4549 885 4621 querela,
910 4547 1068 4621 quomodo
1085 4547 1279 4620 temporibus
1304 4544 1446 4618 proxime

179 4656 334 4731 preteritis
357 4653 460 4730 judex,
485 4654 761 4731 juraticeterique
784 4656 866 4710 eires
890 4660 919 4711 et
937 4654 1047 4727 populi
1062 4654 1195 4712 civitatis
1214 4659 1317 4709 nostre
1333 4650 1447 4708 montis

178 4760 340 4821 Grecensis
363 4760 401 4818 de
424 4761 576 4834 Zagrabia
600 4760 752 4834 quasdam
778 4766 874 4819 terras
890 4761 1024 4819 arabiles
1042 4766 1070 4817 et
1088 4759 1193 4817 senilia
1216 4756 1347 4833 predicti
1363 4754 1446 4828 capi·

178 4870 236 4927 tuli
260 4868 348 4942 Krog
369 4875 503 4941 vocatas,
535 4869 565 4925 in
597 4883 730 4941 quarum
767 4867 905 4924 dominio
937 4867 1019 4925 idem
1054 4864 1226 4939 capitulum
1257 4878 1276 4920 a
1305 4866 1446 4935 tempore
