3278 5348
287 433 348 494 130
697 414 771 475 Dec.
795 429 865 493 [οφ
890 445 929 457 -
954 415 1011 473 An.
1034 410 1125 492 1436.

283 622 438 707 Augusti).
462 629 551 690 Unde
574 645 632 703 ego
655 630 809 689 mandatis
832 630 929 705 ipsius
954 636 1056 690 vestre
1079 631 1252 691 serenitatis
1281 648 1408 707 semper
1430 632 1463 690 in
1485 647 1550 691 orn·

282 738 374 795 nibus
407 736 535 795 obedire
567 738 704 810 cupiens,
738 745 772 795 ut
807 744 919 810 teneor,
956 738 995 795 ad
1031 745 1171 797 contenta
1195 739 1350 797 dictarum
1373 738 1553 797 litterarum

282 845 381 918 ipsius
416 848 519 901 vestre
553 844 725 902 serenitatis
759 844 863 902 taliter
886 843 1074 919 respondeo:
1110 845 1194 918 quod
1219 843 1333 919 prefati
1356 845 1552 919 Valentinus,

283 949 367 1008 filius
391 947 440 1007 ttk
459 956 489 1007 et
511 949 655 1033 Jacobus‚
679 949 763 1008 filius
786 950 893 1023 Bolya,
917 949 1011 1025 jurati
1045 952 1128 1008 cives
1162 951 1243 1010 dicte
1279 960 1382 1010 vestre
1417 952 1553 1011 civitatis

281 1056 487 1128 zagrabiensis
521 1056 663 1131 ipsorum
697 1071 733 1114 ac
766 1058 984 1115 universorum
1020 1057 1137 1115 civium
1172 1064 1203 1116 et
1225 1059 1386 1132 hospitum
1410 1058 1552 1117 eiusdem

281 1163 415 1221 civitatis
438 1163 469 1221 in
493 1165 640 1237 personis,
663 1180 724 1222 non
747 1164 789 1222 ita
814 1163 1079 1238 quemadmodum
1110 1182 1159 1223 res
1182 1181 1215 1224 se
1237 1165 1348 1224 babuit
1371 1170 1477 1223 vestre
1502 1181 1552 1223 cu·

281 1277 390 1326 rarunt
419 1285 574 1342 exponere
605 1271 769 1341 serenitati,
801 1272 874 1345 quia
906 1271 984 1328 alias
1015 1271 1205 1330 reverendus
1238 1271 1270 1329 in
1303 1270 1428 1328 Christo
1453 1277 1552 1343 pater,

281 1373 425 1432 dominus
458 1375 621 1459 JohanneS,
656 1376 755 1435 felicis
790 1377 1021 1435 reminiscencie
1056 1379 1220 1452 episcopus
1252 1382 1390 1452 pretacte
1422 1377 1552 1435 ecclesie

280 1481 496 1554 zagrabiensis,
520 1490 757 1555 vestrarumque
780 1483 955 1557 imperialis
979 1489 1009 1540 et
1039 1483 1123 1554 regie
1154 1481 1352 1558 majestatum
1383 1497 1551 1556 sumpmus

280 1587 491 1651 cancellarius,
514 1590 765 1661 gubernatorque
789 1595 926 1662 pretacte
949 1589 1082 1646 civitatis
1098 1588 1314 1660 zagrabiensis,
1331 1588 1444 1645 revisis
1462 1589 1550 1662 prius

279 1708 411 1750 unacum
443 1694 601 1767 quondam
632 1694 803 1753 reverendo
838 1696 869 1752 in
899 1695 1023 1753 Christo
1056 1701 1145 1768 patre
1168 1692 1293 1751 domino
1319 1693 1462 1776 Johanne
1485 1695 1551 1768 epi·

278 1815 372 1874 scopo
398 1801 527 1871 tyniensi
550 1816 585 1858 ac
608 1804 815 1872 gubernatore
838 1802 1033 1875 prepositure
1068 1800 1106 1858 de
1140 1799 1285 1872 Byenik0‚
1315 1814 1435 1857 necnon
1460 1802 1550 1859 nobi·

278 1905 361 1963 libus
385 1906 461 1964 viris
485 1907 585 1977 Petro,
609 1908 677 1964 filio
701 1908 768 1964 Ade
791 1908 829 1965 de
853 1907 1033 1976 Zenthlilek‚
1058 1908 1209 1980 magistro
1239 1906 1389 1964 Michaele
1420 1908 1550 1979 protho-

277 2013 398 2069 notario
427 2013 509 2070 sedis
532 2013 699 2082 crisiensis.
724 2014 855 2082 Andrea,
879 2014 947 2071 filio
970 2014 1074 2071 Viteez
1099 2013 1136 2071 de
1161 2013 1337 2071 Kamarcha
1353 2027 1390 2069 ac
1404 2012 1549 2095 Johanne

278 2117 380 2175 Thoth
415 2118 453 2175 de
487 2119 697 2190 Zumzedwar‚
734 2121 864 2193 aliisque
899 2135 994 2192 quam
1031 2120 1178 2193 pluribus
1201 2119 1435 2192 circumspectis
1460 2120 1547 2189 viris,

277 2225 459 2297 prescriptis
483 2227 581 2295 terris,
605 2228 712 2300 pratis,
736 2225 853 2295 tenetis,
870 2227 957 2283 silvis
981 2233 1010 2282 et
1028 2226 1147 2284 rubetis
1163 2240 1220 2299 per
1235 2225 1425 2300 prescriptos
1444 2231 1550 2298 partes

276 2328 494 2387 demonstratis
524 2338 554 2389 et
586 2333 715 2390 ostensis
738 2347 755 2389 a
778 2331 925 2389 diuturno
949 2338 1090 2406 tempore
1113 2332 1265 2404 litigiosis,
1289 2331 1372 2403 ipsas
1399 2336 1507 2404 partes
1531 2347 1549 2390 a

277 2435 407 2506 cultura,
440 2437 650 2511 extirpacioue
684 2446 714 2495 et
749 2437 960 2495 usufruicione
992 2437 1174 2495 earumdem
1209 2453 1308 2510 usque
1338 2435 1378 2494 ad
1403 2436 1550 2496 debitum

277 2541 371 2598 finem
395 2540 557 2600 decisionis
580 2560 670 2601 cause
694 2543 873 2602 huiusmodi
904 2545 963 2601 sub
999 2544 1089 2602 certis
1123 2544 1211 2618 penis
1245 2550 1275 2601 et
1308 2545 1549 2617 gravaminibus

276 2648 484 2719 inhibuerunt,
509 2658 673 2724 partesque
696 2652 775 2709 inter
798 2651 891 2725 ipsas
915 2650 953 2709 de
976 2652 1136 2708 voluntate
1159 2650 1339 2708 earumdem
1364 2656 1396 2706 et
1417 2666 1546 2709 assensu

276 2762 377 2811 certos
411 2755 546 2813 arbitros
582 2756 641 2812 sub
676 2758 767 2814 certis
811 2756 1056 2829 obligaminibus
1087 2755 1274 2828 disposuerit
1317 2761 1348 2813 et
1385 2757 1548 2827 statuerit3

276 2864 379 2917 tamen
404 2861 462 2934 ipsi
483 2862 566 2918 cives
589 2869 619 2918 et
641 2862 787 2936 hospites,
805 2862 926 2937 pretato
942 2862 1073 2919 condam
1091 2861 1217 2919 domino
1237 2861 1377 2942 Johanne
1395 2863 1548 2936 episcopo

275 2965 313 3023 de
337 2965 440 3024 medio
463 2968 596 3039 sublato,
617 2969 658 3025 ab
674 2969 813 3041 ipsarum
837 2977 1000 3039 terrarum,
1024 2975 1194 3041 pratorum,
1219 2967 1370 3039 senilium,
1390 2967 1548 3027 silvarum

275 3079 305 3128 et
327 3074 508 3130 rubetorum
534 3074 656 3132 cultura
679 3079 710 3132 et
734 3073 882 3131 fruicione
905 3075 993 3131 nullo
1017 3073 1111 3130 modo
1135 3090 1167 3131 se
1191 3073 1335 3131 cohibere
1365 3073 1544 3144 voluerunt,

274 3178 328 3235 sed
363 3180 486 3236 easdem
521 3181 552 3236 in
587 3181 697 3237 maiori
730 3189 816 3252 parte
851 3195 945 3252 quam
980 3180 1067 3253 prius
1101 3177 1304 3248 succiderunt,
1338 3179 1544 3252 extirparunt.

274 3293 457 3358 preararuut
490 3294 519 3343 et
549 3287 739 3343 seminarunt
770 3291 876 3343 contra
908 3286 1110 3343 inhibiciones
1134 3283 1263 3358 capituli
1283 3283 1413 3340 ecclesie
1437 3299 1544 3357 zagra·

274 3390 387 3447 biensis
420 3392 583 3464 prenotati.
619 3391 761 3464 Cumque
797 3407 854 3463 ego
890 3389 928 3447 de
963 3392 1104 3463 partibus
1138 3390 1224 3448 ltalie
1254 3405 1363 3446 versus
1387 3388 1541 3463 predictas

273 3507 377 3570 partes
400 3503 502 3554 vestre
526 3498 695 3554 serenitatis
720 3497 877 3570 ilungarie
900 3503 929 3554 et
950 3495 1114 3555 Sclauonie
1137 3500 1313 3569 prenotatas
1336 3510 1393 3568 per
1410 3495 1540 3552 eandem

274 3610 409 3659 vestram
438 3602 633 3660 serenitatem
664 3605 864 3660 transmissus
895 3611 924 3660 et
956 3602 1126 3661 destinatus
1150 3603 1189 3659 ad
1214 3601 1328 3660 dictam
1353 3600 1539 3675 Zagrabiam

273 3709 491 3779 pervenissem,
516 3707 555 3764 ad
579 3709 770 3780 multiplices
793 3717 821 3766 et
845 3708 971 3766 infestas
996 3709 1138 3782 querelas
1161 3710 1304 3783 parcium
1327 3708 1539 3782 predictarum

272 3812 438 3869 nonnullos
462 3815 579 3886 probos
603 3822 632 3871 et
656 3817 795 3887 egregios
819 3830 854 3872 ac
876 3816 997 3872 nobiles
1021 3816 1105 3873 viros
1127 3815 1288 3873 videlicet:
1311 3812 1486 3887 Georgium
1503 3812 1539 3872 de

272 3915 412 3988 Bihzaad
437 3919 593 3976 Andream
617 3920 721 3978 Viteez
746 3921 783 3978 de
808 3922 993 3991 Kamarcha,
1011 3923 1196 3995 magistrum
1212 3920 1397 3979 Michaelem
1413 3920 1539 3993 protho-

262 4023 427 4112 ,notarium
459 4025 624 4096 predictos,
655 4042 691 4083 ac
720 4027 912 4101 Stephanum
937 4028 1081 4087 Bikchele
1105 4027 1143 4086 de
1164 4028 1327 4086 Zelnawar
1350 4029 1381 4082 et
1404 4025 1538 4083 alterum

271 4127 464 4202 Stephanum
489 4131 625 4203 Farkasy
650 4133 687 4190 de
711 4134 808 4191 Ebres
839 4137 1000 4207 utriusque
1031 4135 1123 4192 castri
1158 4131 1395 4191 Hrazthowiche
1431 4131 1539 4188 castel-

271 4234 387 4305 lanum,
424 4252 481 4308 pro
516 4238 668 4295 revisioue
692 4241 905 4313 occupacionis
941 4248 971 4297 ct
993 4239 1226 4312 perarracionis,
1248 4252 1367 4295 necnon
1405 4237 1539 4310 extirpa·

271 4340 366 4397 ciouis
390 4349 419 4400 et
444 4344 622 4402 succisionis
645 4346 890 4418 prescriptarum
915 4354 1078 4413 terrarum,
1103 4344 1253 4415 teuilium,
1277 4350 1450 4417 pratorum,
1486 4343 1539 4400 sil·

269 4460 382 4504 varum
416 4457 446 4506 et
480 4452 662 4508 rubetorum
699 4466 717 4507 a
748 4453 905 4508 communi
935 4468 992 4508 usu
1016 4457 1220 4523 utrarumque
1243 4449 1384 4524 parcium
1408 4452 1440 4507 et
1463 4447 1538 4506 frui·

269 4552 356 4611 cione
379 4555 581 4612 inhibitarum
605 4557 762 4614 duxissem
786 4556 999 4626 destinandos;
1017 4556 1110 4614 iidem
1137 4556 1254 4629 egregii
1278 4562 1309 4613 et
1329 4555 1453 4613 nobiles
1477 4553 1539 4612 viri

269 4660 308 4717 ad
333 4675 383 4717 me
407 4663 523 4719 reversi
546 4663 649 4720 taliter
672 4662 767 4720 michi
791 4664 978 4721 retulerunt:
1003 4662 1086 4736 quod
1110 4660 1223 4736 prefati
1246 4661 1330 4719 cives
1349 4668 1380 4719 et
1394 4660 1536 4734 hospites

268 4767 456 4840 prescriptas
480 4773 584 4831 terras.
609 4777 706 4844 prata,
730 4769 844 4840 senilia,
867 4771 963 4828 silvas
986 4777 1016 4827 et
1040 4771 1151 4828 rubeta
1174 4769 1323 4843 aquibus
1337 4773 1427 4826 erant
1441 4767 1536 4826 ambe

265 4873 334 4946 ipse
358 4881 461 4947 partes
482 4877 619 4946 inhibite‚
635 4883 742 4935 contra
765 4877 944 4935 huiusmodi
967 4876 1170 4935 inhibiciones
1192 4882 1224 4931 et
1245 4873 1440 4948 obligamina
1456 4882 1536 4933 tem·
