<?xml version="1.0" encoding="UTF-8"?>
<!DOCTYPE html PUBLIC "-//W3C//DTD XHTML 1.0 Transitional//EN"
    "http://www.w3.org/TR/xhtml1/DTD/xhtml1-transitional.dtd">
<html xmlns="http://www.w3.org/1999/xhtml" xml:lang="en" lang="en">
 <head>
  <title>
</title>
<meta http-equiv="Content-Type" content="text/html;charset=utf-8" />
  <meta name='ocr-system' content='tesseract 3.04.00' />
  <meta name='ocr-capabilities' content='ocr_page ocr_carea ocr_par ocr_line ocrx_word'/>
</head>
<body>
  <div class='ocr_page' id='page_1' title='image "./monumentahistor01laszgoog_0708.png"; bbox 0 0 3278 5348; ppageno 0'>
   <div class='ocr_carea' id='block_1_1' title="bbox 185 385 1030 474">
    <p class='ocr_par' dir='ltr' id='par_1_1' title="bbox 185 385 1030 474">
     <span class='ocr_line' id='line_1_1' title="bbox 185 385 1030 474; baseline -0.008 0"><span class='ocrx_word' id='word_1_1' title='bbox 185 415 250 474; x_wconf 65' lang='lat' dir='ltr'><em>w</em></span> <span class='ocrx_word' id='word_1_2' title='bbox 600 385 1030 468; x_wconf 57' lang='lat' dir='ltr'>Mm-Mw-</span> 
     </span>
    </p>
   </div>
   <div class='ocr_carea' id='block_1_2' title="bbox 149 606 1463 4939">
    <p class='ocr_par' dir='ltr' id='par_1_2' title="bbox 149 606 1463 4939">
     <span class='ocr_line' id='line_1_2' title="bbox 184 606 1454 681; baseline -0.005 -10"><span class='ocrx_word' id='word_1_3' title='bbox 184 611 283 671; x_wconf 81' lang='lat' dir='ltr'>censis</span> <span class='ocrx_word' id='word_1_4' title='bbox 305 610 417 668; x_wconf 91' lang='lat' dir='ltr'>villam</span> <span class='ocrx_word' id='word_1_5' title='bbox 449 623 501 664; x_wconf 88' lang='lat' dir='ltr'>seu</span> <span class='ocrx_word' id='word_1_6' title='bbox 527 608 751 681; x_wconf 86' lang='lat' dir='ltr'>possessionem</span> <span class='ocrx_word' id='word_1_7' title='bbox 775 606 914 679; x_wconf 82' lang='lat' dir='ltr'>regalem</span> <span class='ocrx_word' id='word_1_8' title='bbox 939 607 1123 677; x_wconf 88' lang='lat' dir='ltr'>Petrowyna</span> <span class='ocrx_word' id='word_1_9' title='bbox 1146 612 1303 677; x_wconf 86' lang='lat' dir='ltr'>vocatam,</span> <span class='ocrx_word' id='word_1_10' title='bbox 1327 606 1454 665; x_wconf 90' lang='lat' dir='ltr'>indicto</span> 
     </span>
     <span class='ocr_line' id='line_1_3' title="bbox 149 693 1455 791; baseline -0.003 -17"><span class='ocrx_word' id='word_1_11' title='bbox 149 766 153 774; x_wconf 92' lang='lat'>.</span> <span class='ocrx_word' id='word_1_12' title='bbox 184 732 296 791; x_wconf 90' lang='lat' dir='ltr'>campo</span> <span class='ocrx_word' id='word_1_13' title='bbox 319 715 510 788; x_wconf 89' lang='lat' dir='ltr'>aagrabiensi</span> <span class='ocrx_word' id='word_1_14' title='bbox 527 715 617 772; x_wconf 89' lang='lat' dir='ltr'>sitam</span> <span class='ocrx_word' id='word_1_15' title='bbox 634 721 664 772; x_wconf 94' lang='lat' dir='ltr'>et</span> <span class='ocrx_word' id='word_1_16' title='bbox 680 714 829 783; x_wconf 90' lang='lat' dir='ltr'>habitam,</span> <span class='ocrx_word' id='word_1_17' title='bbox 855 728 927 770; x_wconf 89' lang='lat' dir='ltr'>curn</span> <span class='ocrx_word' id='word_1_18' title='bbox 943 713 1090 770; x_wconf 89' lang='lat' dir='ltr'>omnibus</span> <span class='ocrx_word' id='word_1_19' title='bbox 1113 693 1254 770; x_wconf 86' lang='lat' dir='ltr'>eiusdem</span> <span class='ocrx_word' id='word_1_20' title='bbox 1272 713 1455 771; x_wconf 79' lang='lat' dir='ltr'>utilitatibus</span> 
     </span>
     <span class='ocr_line' id='line_1_4' title="bbox 182 818 1454 896; baseline -0.004 -15"><span class='ocrx_word' id='word_1_21' title='bbox 182 832 212 881; x_wconf 89' lang='lat' dir='ltr'>et</span> <span class='ocrx_word' id='word_1_22' title='bbox 237 822 433 896; x_wconf 79' lang='lat' dir='ltr'>pertinenciis</span> <span class='ocrx_word' id='word_1_23' title='bbox 465 836 503 877; x_wconf 88' lang='lat' dir='ltr'>ex</span> <span class='ocrx_word' id='word_1_24' title='bbox 526 835 674 892; x_wconf 83' lang='lat' dir='ltr'>generosa</span> <span class='ocrx_word' id='word_1_25' title='bbox 697 819 866 877; x_wconf 91' lang='lat' dir='ltr'>donacione</span> <span class='ocrx_word' id='word_1_26' title='bbox 889 819 1077 876; x_wconf 89' lang='lat' dir='ltr'>serenissimi</span> <span class='ocrx_word' id='word_1_27' title='bbox 1101 818 1253 892; x_wconf 91' lang='lat' dir='ltr'>principis</span> <span class='ocrx_word' id='word_1_28' title='bbox 1277 826 1307 876; x_wconf 89' lang='lat' dir='ltr'>et</span> <span class='ocrx_word' id='word_1_29' title='bbox 1330 818 1454 889; x_wconf 90' lang='lat' dir='ltr'>domini,</span> 
     </span>
     <span class='ocr_line' id='line_1_5' title="bbox 181 924 1454 999; baseline -0.004 -12"><span class='ocrx_word' id='word_1_30' title='bbox 181 929 301 987; x_wconf 91' lang='lat' dir='ltr'>domini</span> <span class='ocrx_word' id='word_1_31' title='bbox 324 926 515 999; x_wconf 80' lang='lat' dir='ltr'>sigismundi</span> <span class='ocrx_word' id='word_1_32' title='bbox 547 925 596 984; x_wconf 92' lang='lat' dir='ltr'>dei</span> <span class='ocrx_word' id='word_1_33' title='bbox 627 925 732 997; x_wconf 82' lang='lat' dir='ltr'>gracia</span> <span class='ocrx_word' id='word_1_34' title='bbox 755 925 960 983; x_wconf 89' lang='lat' dir='ltr'>illustrissimi</span> <span class='ocrx_word' id='word_1_35' title='bbox 984 925 1067 997; x_wconf 92' lang='lat' dir='ltr'>regis</span> <span class='ocrx_word' id='word_1_36' title='bbox 1090 925 1260 996; x_wconf 89' lang='lat' dir='ltr'>Hungarie,</span> <span class='ocrx_word' id='word_1_37' title='bbox 1285 924 1454 994; x_wconf 87' lang='lat' dir='ltr'>Dalmacie,</span> 
     </span>
     <span class='ocr_line' id='line_1_6' title="bbox 183 1030 1456 1104; baseline -0.002 -13"><span class='ocrx_word' id='word_1_38' title='bbox 183 1035 311 1092; x_wconf 88' lang='lat' dir='ltr'>Croacie</span> <span class='ocrx_word' id='word_1_39' title='bbox 335 1040 388 1090; x_wconf 91' lang='lat' dir='ltr'>etc.</span> <span class='ocrx_word' id='word_1_40' title='bbox 412 1049 448 1090; x_wconf 93' lang='lat' dir='ltr'>ac</span> <span class='ocrx_word' id='word_1_41' title='bbox 483 1033 669 1090; x_wconf 90' lang='lat' dir='ltr'>marchionis</span> <span class='ocrx_word' id='word_1_42' title='bbox 699 1031 1019 1104; x_wconf 90' lang='lat' dir='ltr'>Brandemburgensis</span> <span class='ocrx_word' id='word_1_43' title='bbox 1052 1038 1108 1089; x_wconf 91' lang='lat' dir='ltr'>etc.</span> <span class='ocrx_word' id='word_1_44' title='bbox 1140 1030 1260 1088; x_wconf 88' lang='lat' dir='ltr'>domini</span> <span class='ocrx_word' id='word_1_45' title='bbox 1284 1031 1384 1089; x_wconf 89' lang='lat' dir='ltr'>nostri</span> <span class='ocrx_word' id='word_1_46' title='bbox 1405 1047 1456 1089; x_wconf 88' lang='lat' dir='ltr'>na·</span> 
     </span>
     <span class='ocr_line' id='line_1_7' title="bbox 184 1136 1456 1212; baseline -0.003 -13"><span class='ocrx_word' id='word_1_47' title='bbox 184 1141 303 1211; x_wconf 87' lang='lat' dir='ltr'>turalis,</span> <span class='ocrx_word' id='word_1_48' title='bbox 327 1140 403 1212; x_wconf 85' lang='lat' dir='ltr'>ipsis</span> <span class='ocrx_word' id='word_1_49' title='bbox 435 1139 649 1196; x_wconf 85' lang='lat' dir='ltr'>communitati</span> <span class='ocrx_word' id='word_1_50' title='bbox 680 1145 710 1195; x_wconf 93' lang='lat' dir='ltr'>et</span> <span class='ocrx_word' id='word_1_51' title='bbox 743 1138 865 1196; x_wconf 85' lang='lat' dir='ltr'>civibus</span> <span class='ocrx_word' id='word_1_52' title='bbox 897 1137 1059 1196; x_wconf 88' lang='lat' dir='ltr'>antedictis</span> <span class='ocrx_word' id='word_1_53' title='bbox 1082 1143 1235 1211; x_wconf 90' lang='lat' dir='ltr'>perpetuo</span> <span class='ocrx_word' id='word_1_54' title='bbox 1260 1136 1352 1209; x_wconf 87' lang='lat' dir='ltr'>facta,</span> <span class='ocrx_word' id='word_1_55' title='bbox 1374 1138 1456 1196; x_wconf 85' lang='lat' dir='ltr'>iuxta</span> 
     </span>
     <span class='ocr_line' id='line_1_8' title="bbox 185 1243 1456 1320; baseline -0.003 -16"><span class='ocrx_word' id='word_1_56' title='bbox 185 1248 273 1320; x_wconf 87' lang='lat' dir='ltr'>regni</span> <span class='ocrx_word' id='word_1_57' title='bbox 305 1244 558 1303; x_wconf 80' lang='lat' dir='ltr'>consuetudinem</span> <span class='ocrx_word' id='word_1_58' title='bbox 590 1259 743 1318; x_wconf 91' lang='lat' dir='ltr'>occupare</span> <span class='ocrx_word' id='word_1_59' title='bbox 774 1251 804 1301; x_wconf 91' lang='lat' dir='ltr'>et</span> <span class='ocrx_word' id='word_1_60' title='bbox 830 1245 914 1317; x_wconf 91' lang='lat' dir='ltr'>ipsos</span> <span class='ocrx_word' id='word_1_61' title='bbox 945 1245 976 1301; x_wconf 93' lang='lat' dir='ltr'>in</span> <span class='ocrx_word' id='word_1_62' title='bbox 999 1243 1130 1301; x_wconf 91' lang='lat' dir='ltr'>eandem</span> <span class='ocrx_word' id='word_1_63' title='bbox 1153 1250 1292 1301; x_wconf 86' lang='lat' dir='ltr'>statuere</span> <span class='ocrx_word' id='word_1_64' title='bbox 1314 1243 1456 1302; x_wconf 83' lang='lat' dir='ltr'>fecissent</span> 
     </span>
     <span class='ocr_line' id='line_1_9' title="bbox 183 1349 1456 1426; baseline -0.002 -16"><span class='ocrx_word' id='word_1_65' title='bbox 183 1358 214 1410; x_wconf 94' lang='lat' dir='ltr'>et</span> <span class='ocrx_word' id='word_1_66' title='bbox 245 1358 468 1426; x_wconf 83' lang='lat' dir='ltr'>procurassent,</span> <span class='ocrx_word' id='word_1_67' title='bbox 491 1367 529 1408; x_wconf 93' lang='lat' dir='ltr'>ne</span> <span class='ocrx_word' id='word_1_68' title='bbox 552 1350 710 1424; x_wconf 88' lang='lat' dir='ltr'>quandam</span> <span class='ocrx_word' id='word_1_69' title='bbox 735 1352 958 1424; x_wconf 89' lang='lat' dir='ltr'>possessionem</span> <span class='ocrx_word' id='word_1_70' title='bbox 982 1349 1192 1424; x_wconf 89' lang='lat' dir='ltr'>prelictorum</span> <span class='ocrx_word' id='word_1_71' title='bbox 1227 1350 1386 1408; x_wconf 91' lang='lat' dir='ltr'>nobilium</span> <span class='ocrx_word' id='word_1_72' title='bbox 1410 1366 1456 1408; x_wconf 92' lang='lat' dir='ltr'>ca·</span> 
     </span>
     <span class='ocr_line' id='line_1_10' title="bbox 184 1457 1457 1531; baseline -0.002 -15"><span class='ocrx_word' id='word_1_73' title='bbox 184 1459 351 1516; x_wconf 86' lang='lat' dir='ltr'>strensium</span> <span class='ocrx_word' id='word_1_74' title='bbox 375 1457 574 1530; x_wconf 84' lang='lat' dir='ltr'>Sylalrowina</span> <span class='ocrx_word' id='word_1_75' title='bbox 597 1458 801 1531; x_wconf 90' lang='lat' dir='ltr'>appellatam,</span> <span class='ocrx_word' id='word_1_76' title='bbox 833 1459 913 1515; x_wconf 90' lang='lat' dir='ltr'>iuter</span> <span class='ocrx_word' id='word_1_77' title='bbox 945 1457 1138 1530; x_wconf 86' lang='lat' dir='ltr'>possesiones</span> <span class='ocrx_word' id='word_1_78' title='bbox 1161 1457 1384 1528; x_wconf 88' lang='lat' dir='ltr'>Petrowynam</span> <span class='ocrx_word' id='word_1_79' title='bbox 1406 1472 1457 1514; x_wconf 89' lang='lat' dir='ltr'>an·</span> 
     </span>
     <span class='ocr_line' id='line_1_11' title="bbox 184 1561 1457 1636; baseline -0.001 -15"><span class='ocrx_word' id='word_1_80' title='bbox 184 1563 331 1621; x_wconf 90' lang='lat' dir='ltr'>tedictam</span> <span class='ocrx_word' id='word_1_81' title='bbox 356 1572 383 1620; x_wconf 90' lang='lat' dir='ltr'>et</span> <span class='ocrx_word' id='word_1_82' title='bbox 402 1564 644 1621; x_wconf 82' lang='lat' dir='ltr'>Kasthanewecz</span> <span class='ocrx_word' id='word_1_83' title='bbox 660 1569 878 1636; x_wconf 89' lang='lat' dir='ltr'>nuncupatam,</span> <span class='ocrx_word' id='word_1_84' title='bbox 897 1562 1036 1620; x_wconf 90' lang='lat' dir='ltr'>filiorum</span> <span class='ocrx_word' id='word_1_85' title='bbox 1050 1563 1210 1619; x_wconf 87' lang='lat' dir='ltr'>Michaelis</span> <span class='ocrx_word' id='word_1_86' title='bbox 1226 1561 1301 1620; x_wconf 91' lang='lat' dir='ltr'>dicti</span> <span class='ocrx_word' id='word_1_87' title='bbox 1324 1562 1457 1634; x_wconf 84' lang='lat' dir='ltr'>Wythea</span> 
     </span>
     <span class='ocr_line' id='line_1_12' title="bbox 185 1666 1458 1743; baseline -0.001 -16"><span class='ocrx_word' id='word_1_88' title='bbox 185 1671 270 1727; x_wconf 86' lang='lat' dir='ltr'>iuxta</span> <span class='ocrx_word' id='word_1_89' title='bbox 283 1669 413 1727; x_wconf 84' lang='lat' dir='ltr'>fluvium</span> <span class='ocrx_word' id='word_1_90' title='bbox 436 1669 520 1726; x_wconf 87' lang='lat' dir='ltr'>Buna</span> <span class='ocrx_word' id='word_1_91' title='bbox 545 1677 698 1740; x_wconf 89' lang='lat' dir='ltr'>vocatum,</span> <span class='ocrx_word' id='word_1_92' title='bbox 715 1671 855 1727; x_wconf 89' lang='lat' dir='ltr'>habitam</span> <span class='ocrx_word' id='word_1_93' title='bbox 877 1676 907 1727; x_wconf 94' lang='lat' dir='ltr'>et</span> <span class='ocrx_word' id='word_1_94' title='bbox 930 1669 1121 1739; x_wconf 87' lang='lat' dir='ltr'>existentem,</span> <span class='ocrx_word' id='word_1_95' title='bbox 1145 1670 1230 1742; x_wconf 89' lang='lat' dir='ltr'>ipsos</span> <span class='ocrx_word' id='word_1_96' title='bbox 1244 1666 1314 1743; x_wconf 92' lang='lat' dir='ltr'>jure</span> <span class='ocrx_word' id='word_1_97' title='bbox 1336 1667 1458 1727; x_wconf 91' lang='lat' dir='ltr'>heredi·</span> 
     </span>
     <span class='ocr_line' id='line_1_13' title="bbox 187 1775 1458 1849; baseline 0 -16"><span class='ocrx_word' id='word_1_98' title='bbox 187 1776 265 1833; x_wconf 90' lang='lat' dir='ltr'>tario</span> <span class='ocrx_word' id='word_1_99' title='bbox 289 1777 525 1848; x_wconf 82' lang='lat' dir='ltr'>contingentem,</span> <span class='ocrx_word' id='word_1_100' title='bbox 554 1776 592 1832; x_wconf 92' lang='lat' dir='ltr'>ad</span> <span class='ocrx_word' id='word_1_101' title='bbox 618 1775 807 1848; x_wconf 84' lang='lat' dir='ltr'>sepedictam</span> <span class='ocrx_word' id='word_1_102' title='bbox 839 1776 1055 1848; x_wconf 85' lang='lat' dir='ltr'>Petrowynam</span> <span class='ocrx_word' id='word_1_103' title='bbox 1079 1790 1232 1849; x_wconf 89' lang='lat' dir='ltr'>occupare</span> <span class='ocrx_word' id='word_1_104' title='bbox 1255 1785 1309 1833; x_wconf 91' lang='lat' dir='ltr'>aut</span> <span class='ocrx_word' id='word_1_105' title='bbox 1333 1776 1458 1849; x_wconf 90' lang='lat' dir='ltr'>quovis·</span> 
     </span>
     <span class='ocr_line' id='line_1_14' title="bbox 186 1881 1458 1955; baseline 0.002 -17"><span class='ocrx_word' id='word_1_106' title='bbox 186 1881 280 1938; x_wconf 90' lang='lat' dir='ltr'>modo</span> <span class='ocrx_word' id='word_1_107' title='bbox 304 1882 379 1954; x_wconf 90' lang='lat' dir='ltr'>ipsis</span> <span class='ocrx_word' id='word_1_108' title='bbox 403 1883 609 1954; x_wconf 90' lang='lat' dir='ltr'>appropriare</span> <span class='ocrx_word' id='word_1_109' title='bbox 632 1882 804 1939; x_wconf 89' lang='lat' dir='ltr'>voluissent</span> <span class='ocrx_word' id='word_1_110' title='bbox 828 1927 833 1939; x_wconf 92' lang='lat'>.</span> <span class='ocrx_word' id='word_1_111' title='bbox 858 1928 862 1937; x_wconf 96' lang='lat'><em>.</em></span> <span class='ocrx_word' id='word_1_112' title='bbox 892 1889 922 1939; x_wconf 91' lang='lat' dir='ltr'>et</span> <span class='ocrx_word' id='word_1_113' title='bbox 945 1881 1070 1939; x_wconf 91' lang='lat' dir='ltr'>eosdem</span> <span class='ocrx_word' id='word_1_114' title='bbox 1092 1882 1337 1955; x_wconf 87' lang='lat' dir='ltr'>prohibuissent,</span> <span class='ocrx_word' id='word_1_115' title='bbox 1362 1883 1458 1941; x_wconf 91' lang='lat' dir='ltr'>cousi·</span> 
     </span>
     <span class='ocr_line' id='line_1_15' title="bbox 187 1987 1458 2062; baseline 0.002 -17"><span class='ocrx_word' id='word_1_116' title='bbox 187 1987 329 2045; x_wconf 86' lang='lat' dir='ltr'>derantes</span> <span class='ocrx_word' id='word_1_117' title='bbox 352 1994 456 2044; x_wconf 89' lang='lat' dir='ltr'>tamen</span> <span class='ocrx_word' id='word_1_118' title='bbox 479 1996 509 2045; x_wconf 92' lang='lat' dir='ltr'>et</span> <span class='ocrx_word' id='word_1_119' title='bbox 532 1989 636 2044; x_wconf 90' lang='lat' dir='ltr'>animo</span> <span class='ocrx_word' id='word_1_120' title='bbox 659 1988 855 2045; x_wconf 86' lang='lat' dir='ltr'>revolventes</span> <span class='ocrx_word' id='word_1_121' title='bbox 878 1989 938 2060; x_wconf 89' lang='lat' dir='ltr'>ipsi</span> <span class='ocrx_word' id='word_1_122' title='bbox 961 1988 1082 2045; x_wconf 88' lang='lat' dir='ltr'>nobiles</span> <span class='ocrx_word' id='word_1_123' title='bbox 1106 1988 1190 2060; x_wconf 92' lang='lat' dir='ltr'>quod</span> <span class='ocrx_word' id='word_1_124' title='bbox 1215 2004 1342 2062; x_wconf 88' lang='lat' dir='ltr'>semper</span> <span class='ocrx_word' id='word_1_125' title='bbox 1365 1998 1396 2047; x_wconf 89' lang='lat' dir='ltr'>et</span> <span class='ocrx_word' id='word_1_126' title='bbox 1418 1990 1458 2047; x_wconf 91' lang='lat' dir='ltr'>ab</span> 
     </span>
     <span class='ocr_line' id='line_1_16' title="bbox 186 2093 1457 2168; baseline 0.002 -17"><span class='ocrx_word' id='word_1_127' title='bbox 186 2095 314 2167; x_wconf 89' lang='lat' dir='ltr'>antiquo</span> <span class='ocrx_word' id='word_1_128' title='bbox 335 2093 394 2150; x_wconf 85' lang='lat' dir='ltr'>sub</span> <span class='ocrx_word' id='word_1_129' title='bbox 418 2094 555 2151; x_wconf 89' lang='lat' dir='ltr'>cautella</span> <span class='ocrx_word' id='word_1_130' title='bbox 577 2101 607 2151; x_wconf 91' lang='lat' dir='ltr'>et</span> <span class='ocrx_word' id='word_1_131' title='bbox 631 2095 828 2168; x_wconf 85' lang='lat' dir='ltr'>proteccione</span> <span class='ocrx_word' id='word_1_132' title='bbox 843 2094 1038 2168; x_wconf 84' lang='lat' dir='ltr'>prefatorum</span> <span class='ocrx_word' id='word_1_133' title='bbox 1062 2095 1178 2151; x_wconf 90' lang='lat' dir='ltr'>civium</span> <span class='ocrx_word' id='word_1_134' title='bbox 1205 2094 1335 2154; x_wconf 85' lang='lat' dir='ltr'>fuissent</span> <span class='ocrx_word' id='word_1_135' title='bbox 1359 2103 1390 2153; x_wconf 91' lang='lat' dir='ltr'>et</span> <span class='ocrx_word' id='word_1_136' title='bbox 1413 2111 1457 2154; x_wconf 90' lang='lat' dir='ltr'>es·</span> 
     </span>
     <span class='ocr_line' id='line_1_17' title="bbox 185 2199 1458 2274; baseline 0.003 -18"><span class='ocrx_word' id='word_1_137' title='bbox 185 2207 252 2258; x_wconf 88' lang='lat' dir='ltr'>sent</span> <span class='ocrx_word' id='word_1_138' title='bbox 276 2200 313 2257; x_wconf 91' lang='lat' dir='ltr'>de</span> <span class='ocrx_word' id='word_1_139' title='bbox 338 2201 472 2274; x_wconf 88' lang='lat' dir='ltr'>presenti</span> <span class='ocrx_word' id='word_1_140' title='bbox 496 2207 525 2256; x_wconf 92' lang='lat' dir='ltr'>et</span> <span class='ocrx_word' id='word_1_141' title='bbox 558 2201 589 2258; x_wconf 92' lang='lat' dir='ltr'>in</span> <span class='ocrx_word' id='word_1_142' title='bbox 622 2247 627 2259; x_wconf 95' lang='lat'>.</span> <span class='ocrx_word' id='word_1_143' title='bbox 655 2248 660 2258; x_wconf 91' lang='lat'><em>.</em></span> <span class='ocrx_word' id='word_1_144' title='bbox 686 2248 690 2258; x_wconf 94' lang='lat'><em>.</em></span> <span class='ocrx_word' id='word_1_145' title='bbox 716 2248 721 2258; x_wconf 92' lang='lat'><strong><em>.</em></strong></span> <span class='ocrx_word' id='word_1_146' title='bbox 755 2199 861 2258; x_wconf 85' lang='lat' dir='ltr'>futuro</span> <span class='ocrx_word' id='word_1_147' title='bbox 885 2201 925 2257; x_wconf 92' lang='lat' dir='ltr'>ab</span> <span class='ocrx_word' id='word_1_148' title='bbox 948 2199 1065 2258; x_wconf 91' lang='lat' dir='ltr'>eisdem</span> <span class='ocrx_word' id='word_1_149' title='bbox 1089 2201 1211 2259; x_wconf 89' lang='lat' dir='ltr'>civibus</span> <span class='ocrx_word' id='word_1_150' title='bbox 1235 2201 1405 2261; x_wconf 91' lang='lat' dir='ltr'>tuicionem</span> <span class='ocrx_word' id='word_1_151' title='bbox 1428 2210 1458 2260; x_wconf 90' lang='lat' dir='ltr'>et</span> 
     </span>
     <span class='ocr_line' id='line_1_18' title="bbox 185 2307 1455 2381; baseline 0.002 -17"><span class='ocrx_word' id='word_1_152' title='bbox 185 2307 415 2381; x_wconf 87' lang='lat' dir='ltr'>proteccionem</span> <span class='ocrx_word' id='word_1_153' title='bbox 439 2307 554 2364; x_wconf 89' lang='lat' dir='ltr'>habere</span> <span class='ocrx_word' id='word_1_154' title='bbox 578 2314 739 2379; x_wconf 90' lang='lat' dir='ltr'>sperarent</span> <span class='ocrx_word' id='word_1_155' title='bbox 763 2314 792 2365; x_wconf 90' lang='lat' dir='ltr'>et</span> <span class='ocrx_word' id='word_1_156' title='bbox 815 2314 949 2380; x_wconf 88' lang='lat' dir='ltr'>sperant,</span> <span class='ocrx_word' id='word_1_157' title='bbox 973 2313 1004 2365; x_wconf 91' lang='lat' dir='ltr'>et</span> <span class='ocrx_word' id='word_1_158' title='bbox 1026 2313 1059 2364; x_wconf 92' lang='lat' dir='ltr'>ut</span> <span class='ocrx_word' id='word_1_159' title='bbox 1075 2323 1148 2364; x_wconf 87' lang='lat' dir='ltr'>curn</span> <span class='ocrx_word' id='word_1_160' title='bbox 1170 2307 1290 2365; x_wconf 90' lang='lat' dir='ltr'>eisdem</span> <span class='ocrx_word' id='word_1_161' title='bbox 1313 2323 1455 2366; x_wconf 89' lang='lat' dir='ltr'>commu·</span> 
     </span>
     <span class='ocr_line' id='line_1_19' title="bbox 186 2413 1454 2473; baseline 0.002 -3"><span class='ocrx_word' id='word_1_162' title='bbox 186 2414 280 2470; x_wconf 88' lang='lat' dir='ltr'>nitate</span> <span class='ocrx_word' id='word_1_163' title='bbox 304 2420 334 2469; x_wconf 86' lang='lat' dir='ltr'>et</span> <span class='ocrx_word' id='word_1_164' title='bbox 356 2413 478 2469; x_wconf 85' lang='lat' dir='ltr'>civibus</span> <span class='ocrx_word' id='word_1_165' title='bbox 500 2428 537 2469; x_wconf 93' lang='lat' dir='ltr'>ac</span> <span class='ocrx_word' id='word_1_166' title='bbox 559 2428 668 2470; x_wconf 91' lang='lat' dir='ltr'>eorum</span> <span class='ocrx_word' id='word_1_167' title='bbox 701 2413 870 2471; x_wconf 91' lang='lat' dir='ltr'>heredibus</span> <span class='ocrx_word' id='word_1_168' title='bbox 893 2420 1001 2470; x_wconf 93' lang='lat' dir='ltr'>mutua</span> <span class='ocrx_word' id='word_1_169' title='bbox 1023 2419 1054 2471; x_wconf 90' lang='lat' dir='ltr'>et</span> <span class='ocrx_word' id='word_1_170' title='bbox 1077 2415 1195 2471; x_wconf 90' lang='lat' dir='ltr'>sincera</span> <span class='ocrx_word' id='word_1_171' title='bbox 1228 2413 1401 2473; x_wconf 88' lang='lat' dir='ltr'>dileccione</span> <span class='ocrx_word' id='word_1_172' title='bbox 1424 2415 1454 2472; x_wconf 92' lang='lat' dir='ltr'>in</span> 
     </span>
     <span class='ocr_line' id='line_1_20' title="bbox 188 2508 1457 2593; baseline 0.003 -18"><span class='ocrx_word' id='word_1_173' title='bbox 188 2525 348 2592; x_wconf 87' lang='lat' dir='ltr'>posterum</span> <span class='ocrx_word' id='word_1_174' title='bbox 365 2519 505 2576; x_wconf 92' lang='lat' dir='ltr'>valerent</span> <span class='ocrx_word' id='word_1_175' title='bbox 521 2519 715 2592; x_wconf 85' lang='lat' dir='ltr'>congaudere</span> <span class='ocrx_word' id='word_1_176' title='bbox 732 2508 853 2578; x_wconf 92' lang='lat' dir='ltr'>nobiles</span> <span class='ocrx_word' id='word_1_177' title='bbox 876 2528 907 2577; x_wconf 93' lang='lat' dir='ltr'>et</span> <span class='ocrx_word' id='word_1_178' title='bbox 929 2519 1069 2578; x_wconf 88' lang='lat' dir='ltr'>filiorum</span> <span class='ocrx_word' id='word_1_179' title='bbox 1090 2516 1154 2593; x_wconf 88' lang='lat' dir='ltr'>(sic)</span> <span class='ocrx_word' id='word_1_180' title='bbox 1184 2521 1394 2578; x_wconf 91' lang='lat' dir='ltr'>antelatorum</span> <span class='ocrx_word' id='word_1_181' title='bbox 1425 2522 1457 2579; x_wconf 90' lang='lat' dir='ltr'>in</span> 
     </span>
     <span class='ocr_line' id='line_1_21' title="bbox 188 2625 1457 2700; baseline 0.002 -18"><span class='ocrx_word' id='word_1_182' title='bbox 188 2626 511 2698; x_wconf 87' lang='lat' dir='ltr'>recompensacionem</span> <span class='ocrx_word' id='word_1_183' title='bbox 533 2626 720 2696; x_wconf 90' lang='lat' dir='ltr'>huiusmodi,</span> <span class='ocrx_word' id='word_1_184' title='bbox 745 2627 993 2700; x_wconf 88' lang='lat' dir='ltr'>prenominatam</span> <span class='ocrx_word' id='word_1_185' title='bbox 1017 2625 1244 2699; x_wconf 90' lang='lat' dir='ltr'>possessionem</span> <span class='ocrx_word' id='word_1_186' title='bbox 1256 2625 1457 2699; x_wconf 77' lang='lat' dir='ltr'>Silakowyna</span> 
     </span>
     <span class='ocr_line' id='line_1_22' title="bbox 190 2726 1458 2811; baseline 0.002 -22"><span class='ocrx_word' id='word_1_187' title='bbox 190 2739 407 2804; x_wconf 90' lang='lat' dir='ltr'>nuncupatam,</span> <span class='ocrx_word' id='word_1_188' title='bbox 440 2746 510 2788; x_wconf 87' lang='lat' dir='ltr'>curn</span> <span class='ocrx_word' id='word_1_189' title='bbox 534 2733 687 2790; x_wconf 89' lang='lat' dir='ltr'>universis</span> <span class='ocrx_word' id='word_1_190' title='bbox 718 2726 851 2811; x_wconf 88' lang='lat' dir='ltr'>(usibus)</span> <span class='ocrx_word' id='word_1_191' title='bbox 880 2740 910 2790; x_wconf 92' lang='lat' dir='ltr'>et</span> <span class='ocrx_word' id='word_1_192' title='bbox 934 2731 1201 2791; x_wconf 83' lang='lat' dir='ltr'>fructuositatibus</span> <span class='ocrx_word' id='word_1_193' title='bbox 1223 2733 1343 2791; x_wconf 90' lang='lat' dir='ltr'>scilicet</span> <span class='ocrx_word' id='word_1_194' title='bbox 1367 2735 1458 2792; x_wconf 87' lang='lat' dir='ltr'>terris</span> 
     </span>
     <span class='ocr_line' id='line_1_23' title="bbox 191 2838 1458 2912; baseline 0.002 -17"><span class='ocrx_word' id='word_1_195' title='bbox 191 2838 389 2907; x_wconf 82' lang='lat' dir='ltr'>atrabilibus,</span> <span class='ocrx_word' id='word_1_196' title='bbox 421 2839 526 2910; x_wconf 84' lang='lat' dir='ltr'>pratis,</span> <span class='ocrx_word' id='word_1_197' title='bbox 557 2840 655 2911; x_wconf 91' lang='lat' dir='ltr'>silvis,</span> <span class='ocrx_word' id='word_1_198' title='bbox 686 2841 875 2910; x_wconf 90' lang='lat' dir='ltr'>nemoribus,</span> <span class='ocrx_word' id='word_1_199' title='bbox 909 2841 997 2912; x_wconf 93' lang='lat' dir='ltr'>aquis</span> <span class='ocrx_word' id='word_1_200' title='bbox 1027 2847 1057 2897; x_wconf 89' lang='lat' dir='ltr'>et</span> <span class='ocrx_word' id='word_1_201' title='bbox 1089 2852 1244 2912; x_wconf 87' lang='lat' dir='ltr'>aquarum</span> <span class='ocrx_word' id='word_1_202' title='bbox 1274 2839 1458 2898; x_wconf 87' lang='lat' dir='ltr'>decursibus</span> 
     </span>
     <span class='ocr_line' id='line_1_24' title="bbox 188 2944 1458 3020; baseline 0.003 -19"><span class='ocrx_word' id='word_1_203' title='bbox 188 2952 220 3002; x_wconf 92' lang='lat' dir='ltr'>et</span> <span class='ocrx_word' id='word_1_204' title='bbox 242 2945 311 3002; x_wconf 90' lang='lat' dir='ltr'>aliis</span> <span class='ocrx_word' id='word_1_205' title='bbox 335 2944 497 3017; x_wconf 87' lang='lat' dir='ltr'>quibusvis</span> <span class='ocrx_word' id='word_1_206' title='bbox 525 2947 721 3019; x_wconf 75' lang='lat' dir='ltr'>pertinenciis</span> <span class='ocrx_word' id='word_1_207' title='bbox 755 2947 785 3004; x_wconf 92' lang='lat' dir='ltr'>in</span> <span class='ocrx_word' id='word_1_208' title='bbox 818 2945 895 3004; x_wconf 83' lang='lat' dir='ltr'>facie</span> <span class='ocrx_word' id='word_1_209' title='bbox 929 2945 1067 3004; x_wconf 86' lang='lat' dir='ltr'>eiusdem</span> <span class='ocrx_word' id='word_1_210' title='bbox 1102 2947 1304 3020; x_wconf 86' lang='lat' dir='ltr'>possessionis</span> <span class='ocrx_word' id='word_1_211' title='bbox 1340 2947 1458 3005; x_wconf 89' lang='lat' dir='ltr'>habitis</span> 
     </span>
     <span class='ocr_line' id='line_1_25' title="bbox 190 3050 1459 3128; baseline 0.001 -18"><span class='ocrx_word' id='word_1_212' title='bbox 190 3057 220 3110; x_wconf 90' lang='lat' dir='ltr'>et</span> <span class='ocrx_word' id='word_1_213' title='bbox 244 3050 282 3108; x_wconf 93' lang='lat' dir='ltr'>ad</span> <span class='ocrx_word' id='word_1_214' title='bbox 312 3051 441 3108; x_wconf 89' lang='lat' dir='ltr'>eandem</span> <span class='ocrx_word' id='word_1_215' title='bbox 477 3053 696 3125; x_wconf 88' lang='lat' dir='ltr'>spectantibus,</span> <span class='ocrx_word' id='word_1_216' title='bbox 728 3052 817 3110; x_wconf 90' lang='lat' dir='ltr'>dictis</span> <span class='ocrx_word' id='word_1_217' title='bbox 851 3052 973 3110; x_wconf 91' lang='lat' dir='ltr'>civibus</span> <span class='ocrx_word' id='word_1_218' title='bbox 996 3058 1158 3110; x_wconf 90' lang='lat' dir='ltr'>eteorum</span> <span class='ocrx_word' id='word_1_219' title='bbox 1189 3052 1358 3111; x_wconf 86' lang='lat' dir='ltr'>heredibus</span> <span class='ocrx_word' id='word_1_220' title='bbox 1388 3069 1459 3128; x_wconf 87' lang='lat' dir='ltr'>per·</span> 
     </span>
     <span class='ocr_line' id='line_1_26' title="bbox 188 3158 1458 3232; baseline 0.002 -17"><span class='ocrx_word' id='word_1_221' title='bbox 188 3163 283 3232; x_wconf 90' lang='lat' dir='ltr'>petuo</span> <span class='ocrx_word' id='word_1_222' title='bbox 318 3165 347 3215; x_wconf 93' lang='lat' dir='ltr'>et</span> <span class='ocrx_word' id='word_1_223' title='bbox 378 3158 624 3215; x_wconf 86' lang='lat' dir='ltr'>irrevocabiliter</span> <span class='ocrx_word' id='word_1_224' title='bbox 659 3158 821 3229; x_wconf 86' lang='lat' dir='ltr'>dedissent,</span> <span class='ocrx_word' id='word_1_225' title='bbox 857 3158 1021 3216; x_wconf 89' lang='lat' dir='ltr'>donassent</span> <span class='ocrx_word' id='word_1_226' title='bbox 1048 3166 1077 3216; x_wconf 93' lang='lat' dir='ltr'>et</span> <span class='ocrx_word' id='word_1_227' title='bbox 1110 3159 1325 3231; x_wconf 85' lang='lat' dir='ltr'>resignassent,</span> <span class='ocrx_word' id='word_1_228' title='bbox 1358 3160 1458 3218; x_wconf 89' lang='lat' dir='ltr'>immo</span> 
     </span>
     <span class='ocr_line' id='line_1_27' title="bbox 190 3260 1458 3340; baseline 0.004 -20"><span class='ocrx_word' id='word_1_229' title='bbox 190 3263 350 3334; x_wconf 91' lang='lat' dir='ltr'>dederunt,</span> <span class='ocrx_word' id='word_1_230' title='bbox 376 3263 530 3321; x_wconf 91' lang='lat' dir='ltr'>donarunt</span> <span class='ocrx_word' id='word_1_231' title='bbox 563 3273 657 3336; x_wconf 88' lang='lat' dir='ltr'>atque</span> <span class='ocrx_word' id='word_1_232' title='bbox 686 3266 882 3337; x_wconf 89' lang='lat' dir='ltr'>resignarunt</span> <span class='ocrx_word' id='word_1_233' title='bbox 913 3280 1019 3323; x_wconf 90' lang='lat' dir='ltr'>coram</span> <span class='ocrx_word' id='word_1_234' title='bbox 1040 3260 1139 3335; x_wconf 86' lang='lat' dir='ltr'>nobis,</span> <span class='ocrx_word' id='word_1_235' title='bbox 1162 3264 1286 3323; x_wconf 91' lang='lat' dir='ltr'>nullum</span> <span class='ocrx_word' id='word_1_236' title='bbox 1309 3263 1369 3340; x_wconf 84' lang='lat' dir='ltr'>jus,</span> <span class='ocrx_word' id='word_1_237' title='bbox 1391 3268 1458 3324; x_wconf 93' lang='lat' dir='ltr'>nul·</span> 
     </span>
     <span class='ocr_line' id='line_1_28' title="bbox 190 3370 1459 3445; baseline 0.005 -19"><span class='ocrx_word' id='word_1_238' title='bbox 190 3371 295 3427; x_wconf 85' lang='lat' dir='ltr'>tamve</span> <span class='ocrx_word' id='word_1_239' title='bbox 328 3372 549 3443; x_wconf 87' lang='lat' dir='ltr'>proprietatem</span> <span class='ocrx_word' id='word_1_240' title='bbox 574 3370 703 3428; x_wconf 89' lang='lat' dir='ltr'>dominii</span> <span class='ocrx_word' id='word_1_241' title='bbox 727 3386 784 3445; x_wconf 92' lang='lat' dir='ltr'>pro</span> <span class='ocrx_word' id='word_1_242' title='bbox 808 3387 840 3428; x_wconf 91' lang='lat' dir='ltr'>se</span> <span class='ocrx_word' id='word_1_243' title='bbox 871 3379 901 3430; x_wconf 89' lang='lat' dir='ltr'>et</span> <span class='ocrx_word' id='word_1_244' title='bbox 933 3373 1071 3445; x_wconf 90' lang='lat' dir='ltr'>ipsorum</span> <span class='ocrx_word' id='word_1_245' title='bbox 1102 3370 1270 3429; x_wconf 91' lang='lat' dir='ltr'>heredibus</span> <span class='ocrx_word' id='word_1_246' title='bbox 1293 3372 1325 3430; x_wconf 92' lang='lat' dir='ltr'>in</span> <span class='ocrx_word' id='word_1_247' title='bbox 1347 3373 1459 3432; x_wconf 82' lang='lat' dir='ltr'>eedem</span> 
     </span>
     <span class='ocr_line' id='line_1_29' title="bbox 191 3475 1460 3549; baseline 0.005 -17"><span class='ocrx_word' id='word_1_248' title='bbox 191 3477 383 3549; x_wconf 88' lang='lat' dir='ltr'>possessione</span> <span class='ocrx_word' id='word_1_249' title='bbox 407 3476 445 3532; x_wconf 91' lang='lat' dir='ltr'>de</span> <span class='ocrx_word' id='word_1_250' title='bbox 469 3483 570 3534; x_wconf 89' lang='lat' dir='ltr'>cetero</span> <span class='ocrx_word' id='word_1_251' title='bbox 594 3485 795 3548; x_wconf 85' lang='lat' dir='ltr'>reservantes,</span> <span class='ocrx_word' id='word_1_252' title='bbox 813 3477 920 3535; x_wconf 88' lang='lat' dir='ltr'>dantes</span> <span class='ocrx_word' id='word_1_253' title='bbox 943 3484 972 3535; x_wconf 93' lang='lat' dir='ltr'>et</span> <span class='ocrx_word' id='word_1_254' title='bbox 997 3475 1197 3536; x_wconf 89' lang='lat' dir='ltr'>concedentes</span> <span class='ocrx_word' id='word_1_255' title='bbox 1220 3477 1312 3536; x_wconf 90' lang='lat' dir='ltr'>dictis</span> <span class='ocrx_word' id='word_1_256' title='bbox 1335 3480 1460 3538; x_wconf 91' lang='lat' dir='ltr'>civibus</span> 
     </span>
     <span class='ocr_line' id='line_1_30' title="bbox 193 3582 1459 3658; baseline 0.006 -20"><span class='ocrx_word' id='word_1_257' title='bbox 193 3582 385 3655; x_wconf 86' lang='lat' dir='ltr'>disponendi,</span> <span class='ocrx_word' id='word_1_258' title='bbox 408 3582 572 3641; x_wconf 87' lang='lat' dir='ltr'>ordinandi</span> <span class='ocrx_word' id='word_1_259' title='bbox 606 3585 672 3641; x_wconf 90' lang='lat' dir='ltr'>sive</span> <span class='ocrx_word' id='word_1_260' title='bbox 695 3585 734 3641; x_wconf 92' lang='lat' dir='ltr'>ad</span> <span class='ocrx_word' id='word_1_261' title='bbox 759 3585 860 3658; x_wconf 90' lang='lat' dir='ltr'>ipsam</span> <span class='ocrx_word' id='word_1_262' title='bbox 900 3584 1124 3657; x_wconf 87' lang='lat' dir='ltr'>possessionem</span> <span class='ocrx_word' id='word_1_263' title='bbox 1160 3582 1316 3643; x_wconf 88' lang='lat' dir='ltr'>dictorum</span> <span class='ocrx_word' id='word_1_264' title='bbox 1339 3586 1459 3646; x_wconf 88' lang='lat' dir='ltr'>civium</span> 
     </span>
     <span class='ocr_line' id='line_1_31' title="bbox 192 3686 1460 3764; baseline 0.007 -21"><span class='ocrx_word' id='word_1_265' title='bbox 192 3686 375 3760; x_wconf 86' lang='lat' dir='ltr'>Petrowyna</span> <span class='ocrx_word' id='word_1_266' title='bbox 406 3689 571 3762; x_wconf 91' lang='lat' dir='ltr'>aplicandi,</span> <span class='ocrx_word' id='word_1_267' title='bbox 602 3690 782 3748; x_wconf 88' lang='lat' dir='ltr'>annectendi</span> <span class='ocrx_word' id='word_1_268' title='bbox 818 3692 867 3748; x_wconf 92' lang='lat' dir='ltr'>vel</span> <span class='ocrx_word' id='word_1_269' title='bbox 899 3688 1138 3764; x_wconf 87' lang='lat' dir='ltr'>aproporciandi</span> <span class='ocrx_word' id='word_1_270' title='bbox 1168 3697 1221 3747; x_wconf 90' lang='lat' dir='ltr'>aut</span> <span class='ocrx_word' id='word_1_271' title='bbox 1250 3693 1365 3764; x_wconf 87' lang='lat' dir='ltr'>quovis</span> <span class='ocrx_word' id='word_1_272' title='bbox 1396 3694 1460 3752; x_wconf 87' lang='lat' dir='ltr'>alio</span> 
     </span>
     <span class='ocr_line' id='line_1_32' title="bbox 191 3793 1461 3869; baseline 0.006 -19"><span class='ocrx_word' id='word_1_273' title='bbox 191 3793 286 3850; x_wconf 92' lang='lat' dir='ltr'>modo</span> <span class='ocrx_word' id='word_1_274' title='bbox 310 3793 348 3850; x_wconf 90' lang='lat' dir='ltr'>de</span> <span class='ocrx_word' id='word_1_275' title='bbox 371 3794 480 3851; x_wconf 85' lang='lat' dir='ltr'>eadem</span> <span class='ocrx_word' id='word_1_276' title='bbox 504 3795 635 3853; x_wconf 86' lang='lat' dir='ltr'>faciendi</span> <span class='ocrx_word' id='word_1_277' title='bbox 658 3811 717 3869; x_wconf 89' lang='lat' dir='ltr'>pro</span> <span class='ocrx_word' id='word_1_278' title='bbox 740 3797 830 3853; x_wconf 90' lang='lat' dir='ltr'>libito</span> <span class='ocrx_word' id='word_1_279' title='bbox 852 3811 961 3853; x_wconf 91' lang='lat' dir='ltr'>eorum</span> <span class='ocrx_word' id='word_1_280' title='bbox 985 3796 1118 3854; x_wconf 90' lang='lat' dir='ltr'>liberam</span> <span class='ocrx_word' id='word_1_281' title='bbox 1142 3803 1172 3853; x_wconf 92' lang='lat' dir='ltr'>et</span> <span class='ocrx_word' id='word_1_282' title='bbox 1194 3811 1336 3855; x_wconf 90' lang='lat' dir='ltr'>securam</span> <span class='ocrx_word' id='word_1_283' title='bbox 1360 3798 1461 3859; x_wconf 84' lang='lat' dir='ltr'>facul·</span> 
     </span>
     <span class='ocr_line' id='line_1_33' title="bbox 190 3900 1461 3979; baseline 0.007 -24"><span class='ocrx_word' id='word_1_284' title='bbox 190 3905 303 3968; x_wconf 89' lang='lat' dir='ltr'>tatem;</span> <span class='ocrx_word' id='word_1_285' title='bbox 326 3900 443 3957; x_wconf 89' lang='lat' dir='ltr'>litteras</span> <span class='ocrx_word' id='word_1_286' title='bbox 468 3917 542 3959; x_wconf 90' lang='lat' dir='ltr'>vero</span> <span class='ocrx_word' id='word_1_287' title='bbox 567 3902 837 3975; x_wconf 91' lang='lat' dir='ltr'>prohibicionales,</span> <span class='ocrx_word' id='word_1_288' title='bbox 862 3902 1142 3974; x_wconf 89' lang='lat' dir='ltr'>protestacionales,</span> <span class='ocrx_word' id='word_1_289' title='bbox 1166 3919 1220 3961; x_wconf 91' lang='lat' dir='ltr'>seu</span> <span class='ocrx_word' id='word_1_290' title='bbox 1244 3919 1461 3979; x_wconf 88' lang='lat' dir='ltr'>quascumque</span> 
     </span>
     <span class='ocr_line' id='line_1_34' title="bbox 190 4005 1462 4082; baseline 0.011 -23"><span class='ocrx_word' id='word_1_291' title='bbox 190 4005 336 4074; x_wconf 86' lang='lat' dir='ltr'>causales,</span> <span class='ocrx_word' id='word_1_292' title='bbox 368 4021 444 4077; x_wconf 89' lang='lat' dir='ltr'>quas</span> <span class='ocrx_word' id='word_1_293' title='bbox 476 4014 617 4081; x_wconf 88' lang='lat' dir='ltr'>tempora</span> <span class='ocrx_word' id='word_1_294' title='bbox 646 4025 745 4082; x_wconf 89' lang='lat' dir='ltr'>usque</span> <span class='ocrx_word' id='word_1_295' title='bbox 776 4009 924 4067; x_wconf 89' lang='lat' dir='ltr'>moderna</span> <span class='ocrx_word' id='word_1_296' title='bbox 955 4016 1060 4068; x_wconf 92' lang='lat' dir='ltr'>contra</span> <span class='ocrx_word' id='word_1_297' title='bbox 1083 4009 1183 4068; x_wconf 91' lang='lat' dir='ltr'>dictos</span> <span class='ocrx_word' id='word_1_298' title='bbox 1204 4012 1289 4069; x_wconf 84' lang='lat' dir='ltr'>cives</span> <span class='ocrx_word' id='word_1_299' title='bbox 1311 4027 1462 4073; x_wconf 84' lang='lat' dir='ltr'>emanare</span> 
     </span>
     <span class='ocr_line' id='line_1_35' title="bbox 191 4116 1462 4191; baseline 0.011 -27"><span class='ocrx_word' id='word_1_300' title='bbox 191 4119 406 4182; x_wconf 89' lang='lat' dir='ltr'>procurassent</span> <span class='ocrx_word' id='word_1_301' title='bbox 426 4116 554 4171; x_wconf 90' lang='lat' dir='ltr'>omnino</span> <span class='ocrx_word' id='word_1_302' title='bbox 577 4120 608 4172; x_wconf 91' lang='lat' dir='ltr'>et</span> <span class='ocrx_word' id='word_1_303' title='bbox 630 4117 660 4173; x_wconf 92' lang='lat' dir='ltr'>in</span> <span class='ocrx_word' id='word_1_304' title='bbox 676 4121 741 4173; x_wconf 93' lang='lat' dir='ltr'>toto</span> <span class='ocrx_word' id='word_1_305' title='bbox 765 4124 952 4187; x_wconf 87' lang='lat' dir='ltr'>revocantes,</span> <span class='ocrx_word' id='word_1_306' title='bbox 975 4116 1093 4173; x_wconf 91' lang='lat' dir='ltr'>litteras</span> <span class='ocrx_word' id='word_1_307' title='bbox 1116 4123 1220 4174; x_wconf 89' lang='lat' dir='ltr'>autem</span> <span class='ocrx_word' id='word_1_308' title='bbox 1243 4118 1462 4191; x_wconf 72' lang='lat' dir='ltr'>privilegiatos</span> 
     </span>
     <span class='ocr_line' id='line_1_36' title="bbox 191 4214 1462 4298; baseline 0.013 -28"><span class='ocrx_word' id='word_1_309' title='bbox 191 4228 245 4270; x_wconf 86' lang='lat' dir='ltr'>seu</span> <span class='ocrx_word' id='word_1_310' title='bbox 270 4214 470 4273; x_wconf 89' lang='lat' dir='ltr'>instrumenta</span> <span class='ocrx_word' id='word_1_311' title='bbox 488 4222 707 4294; x_wconf 86' lang='lat' dir='ltr'>privilegialia,</span> <span class='ocrx_word' id='word_1_312' title='bbox 731 4238 791 4295; x_wconf 91' lang='lat' dir='ltr'>que</span> <span class='ocrx_word' id='word_1_313' title='bbox 807 4229 836 4279; x_wconf 90' lang='lat' dir='ltr'>et</span> <span class='ocrx_word' id='word_1_314' title='bbox 853 4222 957 4295; x_wconf 91' lang='lat' dir='ltr'>qualia</span> <span class='ocrx_word' id='word_1_315' title='bbox 980 4238 1075 4296; x_wconf 90' lang='lat' dir='ltr'>super</span> <span class='ocrx_word' id='word_1_316' title='bbox 1091 4222 1205 4281; x_wconf 89' lang='lat' dir='ltr'>dictam</span> <span class='ocrx_word' id='word_1_317' title='bbox 1228 4225 1462 4298; x_wconf 88' lang='lat' dir='ltr'>possessionem</span> 
     </span>
     <span class='ocr_line' id='line_1_37' title="bbox 192 4317 1462 4403; baseline 0.016 -29"><span class='ocrx_word' id='word_1_318' title='bbox 192 4317 399 4389; x_wconf 82' lang='lat' dir='ltr'>Sylalrowyna</span> <span class='ocrx_word' id='word_1_319' title='bbox 431 4321 589 4397; x_wconf 88' lang='lat' dir='ltr'>haberent,</span> <span class='ocrx_word' id='word_1_320' title='bbox 622 4330 735 4400; x_wconf 89' lang='lat' dir='ltr'>quibus</span> <span class='ocrx_word' id='word_1_321' title='bbox 767 4328 976 4386; x_wconf 90' lang='lat' dir='ltr'>mediantibus</span> <span class='ocrx_word' id='word_1_322' title='bbox 1007 4329 1109 4402; x_wconf 89' lang='lat' dir='ltr'>ipsam</span> <span class='ocrx_word' id='word_1_323' title='bbox 1132 4330 1359 4403; x_wconf 88' lang='lat' dir='ltr'>possessionem</span> <span class='ocrx_word' id='word_1_324' title='bbox 1384 4333 1462 4394; x_wconf 82' lang='lat' dir='ltr'>dicti</span> 
     </span>
     <span class='ocr_line' id='line_1_38' title="bbox 191 4422 1463 4511; baseline 0.018 -36"><span class='ocrx_word' id='word_1_325' title='bbox 191 4422 312 4478; x_wconf 88' lang='lat' dir='ltr'>nobiles</span> <span class='ocrx_word' id='word_1_326' title='bbox 335 4430 363 4480; x_wconf 91' lang='lat' dir='ltr'>et</span> <span class='ocrx_word' id='word_1_327' title='bbox 380 4425 519 4497; x_wconf 89' lang='lat' dir='ltr'>ipsorum</span> <span class='ocrx_word' id='word_1_328' title='bbox 537 4435 671 4504; x_wconf 86' lang='lat' dir='ltr'>proximi</span> <span class='ocrx_word' id='word_1_329' title='bbox 689 4436 868 4493; x_wconf 89' lang='lat' dir='ltr'>habuissent</span> <span class='ocrx_word' id='word_1_330' title='bbox 890 4442 920 4492; x_wconf 91' lang='lat' dir='ltr'>et</span> <span class='ocrx_word' id='word_1_331' title='bbox 935 4436 1095 4509; x_wconf 89' lang='lat' dir='ltr'>hucusque</span> <span class='ocrx_word' id='word_1_332' title='bbox 1117 4435 1335 4511; x_wconf 82' lang='lat' dir='ltr'>possedissent,</span> <span class='ocrx_word' id='word_1_333' title='bbox 1350 4447 1463 4501; x_wconf 77' lang='lat' dir='ltr'>oontn</span> 
     </span>
     <span class='ocr_line' id='line_1_39' title="bbox 191 4526 1462 4616; baseline 0.02 -34"><span class='ocrx_word' id='word_1_334' title='bbox 191 4532 222 4583; x_wconf 88' lang='lat' dir='ltr'>et</span> <span class='ocrx_word' id='word_1_335' title='bbox 245 4526 394 4586; x_wconf 91' lang='lat' dir='ltr'>adversus</span> <span class='ocrx_word' id='word_1_336' title='bbox 418 4540 672 4598; x_wconf 89' lang='lat' dir='ltr'>communitatem</span> <span class='ocrx_word' id='word_1_337' title='bbox 696 4548 725 4598; x_wconf 92' lang='lat' dir='ltr'>et</span> <span class='ocrx_word' id='word_1_338' title='bbox 742 4542 825 4599; x_wconf 92' lang='lat' dir='ltr'>cives</span> <span class='ocrx_word' id='word_1_339' title='bbox 849 4541 1012 4600; x_wconf 84' lang='lat' dir='ltr'>dumtaxat</span> <span class='ocrx_word' id='word_1_340' title='bbox 1034 4549 1065 4599; x_wconf 88' lang='lat' dir='ltr'>et</span> <span class='ocrx_word' id='word_1_341' title='bbox 1088 4558 1145 4616; x_wconf 91' lang='lat' dir='ltr'>per</span> <span class='ocrx_word' id='word_1_342' title='bbox 1166 4542 1271 4601; x_wconf 83' lang='lat' dir='ltr'>omnia</span> <span class='ocrx_word' id='word_1_343' title='bbox 1285 4554 1462 4607; x_wconf 77' lang='lat' dir='ltr'>cessassent</span> 
     </span>
     <span class='ocr_line' id='line_1_40' title="bbox 188 4633 1462 4724; baseline 0.018 -37"><span class='ocrx_word' id='word_1_344' title='bbox 188 4640 218 4689; x_wconf 89' lang='lat' dir='ltr'>et</span> <span class='ocrx_word' id='word_1_345' title='bbox 248 4633 455 4709; x_wconf 90' lang='lat' dir='ltr'>nichilassent,</span> <span class='ocrx_word' id='word_1_346' title='bbox 478 4641 576 4700; x_wconf 87' lang='lat' dir='ltr'>immo</span> <span class='ocrx_word' id='word_1_347' title='bbox 605 4656 763 4704; x_wconf 90' lang='lat' dir='ltr'>cassarunt</span> <span class='ocrx_word' id='word_1_348' title='bbox 794 4654 824 4704; x_wconf 90' lang='lat' dir='ltr'>et</span> <span class='ocrx_word' id='word_1_349' title='bbox 846 4648 1061 4718; x_wconf 90' lang='lat' dir='ltr'>anichilarunt,</span> <span class='ocrx_word' id='word_1_350' title='bbox 1083 4663 1202 4707; x_wconf 92' lang='lat' dir='ltr'>necnon</span> <span class='ocrx_word' id='word_1_351' title='bbox 1225 4650 1258 4707; x_wconf 87' lang='lat' dir='ltr'>in</span> <span class='ocrx_word' id='word_1_352' title='bbox 1285 4646 1406 4724; x_wconf 86' lang='lat' dir='ltr'>judicio</span> <span class='ocrx_word' id='word_1_353' title='bbox 1428 4660 1462 4713; x_wconf 87' lang='lat' dir='ltr'>et</span> 
     </span>
     <span class='ocr_line' id='line_1_41' title="bbox 183 4738 1461 4829; baseline 0.016 -35"><span class='ocrx_word' id='word_1_354' title='bbox 183 4745 272 4796; x_wconf 84' lang='lat' dir='ltr'>extra</span> <span class='ocrx_word' id='word_1_355' title='bbox 294 4738 444 4815; x_wconf 88' lang='lat' dir='ltr'>judicium</span> <span class='ocrx_word' id='word_1_356' title='bbox 476 4748 603 4806; x_wconf 92' lang='lat' dir='ltr'>cuilibet</span> <span class='ocrx_word' id='word_1_357' title='bbox 632 4751 716 4824; x_wconf 90' lang='lat' dir='ltr'>ipsas</span> <span class='ocrx_word' id='word_1_358' title='bbox 748 4755 914 4825; x_wconf 83' lang='lat' dir='ltr'>presentati</span> <span class='ocrx_word' id='word_1_359' title='bbox 945 4755 1085 4812; x_wconf 91' lang='lat' dir='ltr'>nocitura</span> <span class='ocrx_word' id='word_1_360' title='bbox 1119 4755 1236 4829; x_wconf 88' lang='lat' dir='ltr'>pan&#39;ter</span> <span class='ocrx_word' id='word_1_361' title='bbox 1269 4761 1302 4813; x_wconf 89' lang='lat' dir='ltr'>et</span> <span class='ocrx_word' id='word_1_362' title='bbox 1335 4757 1461 4818; x_wconf 85' lang='lat' dir='ltr'>viribus</span> 
     </span>
     <span class='ocr_line' id='line_1_42' title="bbox 180 4846 1460 4939; baseline 0.018 -38"><span class='ocrx_word' id='word_1_363' title='bbox 180 4846 314 4905; x_wconf 90' lang='lat' dir='ltr'>caritura</span> <span class='ocrx_word' id='word_1_364' title='bbox 338 4851 547 4911; x_wconf 89' lang='lat' dir='ltr'>reddidissent</span> <span class='ocrx_word' id='word_1_365' title='bbox 573 4862 602 4912; x_wconf 90' lang='lat' dir='ltr'>et</span> <span class='ocrx_word' id='word_1_366' title='bbox 625 4857 827 4916; x_wconf 89' lang='lat' dir='ltr'>reddiderunt</span> <span class='ocrx_word' id='word_1_367' title='bbox 841 4860 940 4917; x_wconf 91' lang='lat' dir='ltr'>nostri</span> <span class='ocrx_word' id='word_1_368' title='bbox 952 4862 983 4918; x_wconf 93' lang='lat' dir='ltr'>in</span> <span class='ocrx_word' id='word_1_369' title='bbox 1007 4862 1185 4934; x_wconf 88' lang='lat' dir='ltr'>presencia;</span> <span class='ocrx_word' id='word_1_370' title='bbox 1208 4872 1460 4939; x_wconf 61' lang='lat' dir='ltr'>assumpturum</span> 
     </span>
    </p>
   </div>
   <div class='ocr_carea' id='block_1_3' title="bbox 0 0 1654 5348">
    <p class='ocr_par' dir='ltr' id='par_1_3' title="bbox 0 0 1654 5348">
     <span class='ocr_line' id='line_1_43' title="bbox 0 0 1654 5348; baseline 0 0"><span class='ocrx_word' id='word_1_371' title='bbox 0 0 1654 5348; x_wconf 95' lang='lat' dir='ltr'> </span> 
     </span>
    </p>
   </div>
  </div>
 </body>
</html>
