3278 5348
615 442 689 500 Doc.
706 437 785 519 346.
812 475 849 486 -
874 442 931 500 An.
955 435 1046 518 1487.
1398 460 1460 520 449

192 657 403 727 zagrabiensis
438 655 516 717 feria
550 659 645 715 tercia
680 656 824 729 proxima
858 663 929 713 ante
963 654 1076 713 festum
1112 655 1340 729 purificacionis
1374 657 1463 716 beate

192 763 290 823 Marie
314 763 444 835 virginis
467 765 499 823 in
514 778 594 821 anno
610 761 729 820 domini
746 761 915 820 millesimo
930 760 1235 834 quadringentesimo
1251 764 1462 835 octuagesimo

192 869 298 943 primo
322 874 486 940 transacto,
502 867 695 943 preteritum,
718 867 759 925 de
780 867 909 941 speciali
933 867 1150 926 commissione
1172 874 1203 925 et
1226 867 1372 926 mandato
1388 867 1463 929 dicti

192 973 313 1033 domini
335 976 434 1033 nostri
457 975 539 1048 regis
561 988 662 1047 prope
679 972 838 1033 civitatem
854 973 1087 1046 namabiensem
1104 987 1160 1046 per
1175 972 1302 1035 eosdem
1312 973 1462 1034 dominos

191 1079 377 1139 Michaelem
401 1079 576 1154 palatinum
600 1085 630 1136 et
652 1079 799 1137 comitem
823 1077 1015 1152 Stephanum
1035 1078 1200 1150 celebrata,
1232 1078 1366 1138 condam
1395 1095 1462 1138 ma·

193 1186 289 1260 gister
311 1186 467 1269 Johannes
491 1186 638 1258 Posegay,
654 1185 733 1243 alias
756 1185 891 1243 director
914 1200 1078 1242 causarum
1097 1183 1209 1258 prefati
1226 1185 1345 1245 domini
1363 1185 1461 1245 nostri

191 1293 282 1366 regis,
305 1293 337 1351 in
369 1307 500 1366 persona
531 1290 671 1350 eiusdem
702 1290 741 1349 de
772 1290 877 1349 medio
907 1291 1042 1349 aliorum
1073 1306 1225 1363 exurgens
1255 1297 1461 1365 proposuerat

191 1413 229 1457 eo
252 1397 362 1457 modo:
392 1397 551 1472 quomodo
583 1397 792 1472 possessiones
824 1396 996 1468 Kralowcz,
1020 1396 1149 1469 Cherye,
1173 1396 1349 1470 Kobylyalr‚
1372 1394 1460 1470 Swy·

191 1503 290 1576 blyan
312 1510 342 1563 et
365 1503 465 1564 Narth
489 1510 604 1575 vocate,
628 1504 755 1562 omuino
775 1504 807 1563 in
823 1502 906 1560 dicto
922 1504 1071 1561 comitatu
1087 1503 1279 1575 zagrabiensi
1296 1494 1460 1563 existentes

191 1616 223 1668 et
245 1610 362 1685 habite,
385 1609 425 1668 ad
456 1610 614 1670 civitatem
642 1625 732 1667 suam
762 1610 901 1681 regalem
932 1610 1046 1667 montis
1069 1607 1232 1668 Grecensis
1262 1609 1459 1682 pertinerent,

191 1731 269 1789 quas
291 1732 373 1774 nunc
395 1716 579 1776 honorabile
603 1715 777 1790 capitulum
800 1715 928 1773 ecclesie
950 1715 1158 1787 zagrabiensis
1188 1720 1306 1774 teneret
1336 1720 1366 1773 et
1389 1729 1459 1775 con·

190 1829 338 1894 servaret,
362 1837 498 1896 quarum
522 1822 711 1881 detencionis
734 1826 764 1879 et
788 1822 1034 1880 conservacionis
1065 1822 1222 1881 racionem
1254 1822 1332 1881 scire
1361 1820 1459 1880 vellet

191 1927 233 1985 ab
256 1929 324 2002 ipse
347 1929 488 2002 capitulo
509 1928 579 2006 jure
600 1929 790 1987 admittente.
820 1927 890 2001 Quo
913 1927 1019 1986 audito
1046 1928 1216 2000 Gregorius
1244 1928 1389 1988 Petrotha
1419 1927 1458 1986 de

189 2032 408 2108 Dedynarelra‚
431 2051 490 2110 pro
520 2034 643 2110 prefato
674 2035 812 2109 capitulo
832 2035 960 2093 ecclesie
983 2034 1191 2106 zagrabieusis
1214 2049 1286 2092 cum
1310 2048 1458 2107 procura·

189 2139 278 2198 toriis
300 2141 415 2199 litteris
439 2122 579 2200 eiusdem
613 2142 645 2200 in
677 2139 861 2201 eorumdem
891 2139 1091 2197 dominorum
1125 2139 1258 2199 condam
1291 2139 1453 2198 Michaelis

189 2246 320 2320 palatini
354 2253 383 2304 et
408 2247 530 2306 comitis
566 2246 715 2320 Stephani
750 2260 901 2318 exurgens
935 2246 1136 2319 presenciam,
1170 2244 1372 2319 responderat
1394 2245 1455 2304 tali

189 2351 301 2411 modo:
341 2352 424 2426 quod
455 2352 627 2429 prescripte
663 2355 870 2426 possessiones
906 2351 1078 2423 Kralowcz‚
1109 2351 1238 2423 Cherye,
1275 2349 1452 2423 Kobylyalr,

188 2456 339 2531 Swyblya
362 2465 393 2516 et
416 2458 515 2517 Narth
538 2463 647 2517 vocate
670 2459 772 2519 eidem
787 2459 926 2534 capitulo
945 2458 1136 2530 zagrabieusi
1154 2458 1263 2530 rigore
1280 2455 1455 2514 efficacium

188 2563 364 2623 litterarum
397 2570 429 2623 et
462 2565 647 2623 litteralium
682 2565 958 2624 instrumentorum
995 2564 1192 2638 pertinerent,
1226 2578 1303 2637 quas
1339 2567 1453 2636 etque

187 2668 271 2728 idem
301 2671 476 2744 capitulum
506 2685 569 2729 non
599 2670 639 2728 ad
672 2677 753 2743 tunc,
783 2671 892 2729 sedin
924 2671 1056 2729 termino
1079 2669 1219 2727 ulteriori
1245 2684 1301 2742 per
1323 2668 1451 2726 eosdem

187 2775 330 2835 dominos
364 2777 496 2835 condam
532 2778 716 2835 Michaelem
741 2778 914 2852 palatinum
950 2783 980 2834 et
1003 2777 1151 2835 comitem
1174 2773 1367 2849 Stephanum
1391 2775 1452 2839 sibi

190 2881 304 2954 dando,
329 2899 401 2943 cum
424 2884 605 2956 gravamine
628 2889 784 2951 consuetu,
806 2884 939 2942 incuria
956 2883 1040 2956 regia
1066 2898 1169 2942 coram
1195 2881 1304 2941 eodem
1321 2878 1454 2939 condam

187 2988 315 3047 domino
340 2989 492 3048 Michaele
517 2990 656 3063 palatino
681 2988 852 3063 producere
875 2997 905 3047 et
928 2990 1076 3047 exhibere
1101 2992 1284 3062 promptum
1301 2986 1408 3045 fuisset
1424 2992 1455 3053 et

187 3103 348 3168 paratum;
372 3110 429 3168 pro
453 3111 489 3154 eo
512 3095 608 3154 iidem
632 3095 750 3154 domini
775 3096 909 3154 Michael
934 3096 1089 3168 palatinus
1112 3102 1142 3152 et
1159 3109 1264 3151 comes
1279 3091 1453 3165 Stephanus

186 3200 245 3258 hiis
267 3202 421 3275 perceptis
442 3200 613 3277 judicantes
636 3202 856 3259 commiserant
872 3217 908 3259 eo
925 3201 1027 3272 modo,
1044 3207 1078 3257 ut
1094 3198 1265 3258 antefatum
1280 3197 1454 3271 capitulum

185 3307 313 3367 ecclesie
335 3309 543 3379 zagrahiensis
573 3308 625 3366 rel
656 3314 840 3382 procurator
862 3307 1000 3365 eiusdem
1021 3307 1192 3379 legittimus
1215 3305 1376 3363 universas
1399 3303 1450 3360 lit·

185 3417 266 3470 teras
289 3421 319 3470 et
342 3413 489 3471 litteralia
511 3429 566 3471 sua
589 3414 804 3483 instrumenta,
828 3414 854 3471 si
877 3429 955 3486 quas
979 3419 1008 3470 et
1039 3428 1100 3486 que
1131 3412 1162 3470 in
1186 3410 1268 3470 facto
1299 3412 1452 3485 prescrip·

185 3524 288 3577 tarum
312 3519 542 3592 possessionum
567 3534 680 3593 prose
704 3520 833 3578 haberet
857 3518 1011 3576 confectas
1044 3525 1074 3576 et
1097 3524 1240 3576 emanata
1271 3521 1304 3575 in
1334 3518 1452 3576 octavis

185 3622 254 3682 festi
277 3625 359 3681 beati
391 3624 518 3697 Georgii
549 3625 694 3693 martiris,
720 3630 792 3682 tunc
823 3625 970 3694 venturis,
995 3625 1025 3683 in
1050 3623 1131 3682 dicta
1156 3625 1241 3681 curia
1265 3624 1350 3696 regia
1377 3638 1451 3681 cum

186 3727 370 3802 deponendo
399 3728 516 3804 judicio
548 3732 643 3789 trium
675 3746 852 3788 marcarum
884 3746 989 3788 coram
1024 3729 1145 3805 preiato
1169 3730 1301 3787 condam
1325 3728 1453 3787 domino

185 3835 337 3892 Michaele
361 3836 501 3908 palatino
525 3836 697 3909 producere
719 3843 750 3894 et
772 3837 920 3894 exhibere
943 3836 1070 3895 deberet
1101 3844 1131 3894 et
1162 3840 1316 3894 teneretur
1340 3840 1452 3893 contra

183 3946 320 3998 actorem
346 3949 553 4015 prenotatum,
576 3948 611 3999 ut
634 3943 693 4000 hiis
724 3944 808 4014 visis,
839 3943 923 4000 idem
955 3942 1100 4000 dominus
1132 3942 1265 4000 Michael
1296 3941 1452 4015 palatinus

182 4044 334 4122 judicium
357 4056 386 4104 et
408 4045 562 4121 justiciam
589 4048 689 4106 tacere
714 4049 834 4106 valeret
855 4050 935 4107 inter
952 4056 1056 4121 partes
1076 4051 1107 4106 in
1132 4049 1292 4123 premissis
1316 4046 1450 4106 dictante

182 4149 259 4227 juris
282 4153 425 4225 equitate.
450 4152 530 4226 Quin
553 4163 658 4212 autem
681 4152 820 4227 prefatus
836 4163 1018 4228 procurator
1035 4155 1109 4212 dicti
1124 4155 1263 4228 capituli,
1279 4155 1311 4213 in
1325 4169 1451 4213 causam

182 4259 313 4329 attracti,
347 4259 377 4317 in
412 4274 544 4333 persona
578 4260 717 4317 eiusdem
752 4261 960 4334 prescriptum
980 4259 1131 4336 judicium
1155 4261 1249 4318 trium
1273 4275 1450 4318 marcarum

183 4362 300 4421 eisdem
335 4363 469 4422 dominis
505 4366 636 4423 condam
673 4367 818 4424 Michaeli
854 4367 992 4440 palatino
1028 4374 1059 4424 et
1092 4367 1198 4424 comiti
1231 4364 1387 4440 Stephano
1411 4365 1450 4422 de

183 4467 305 4539 Bathor,
329 4472 473 4545 partique
496 4471 626 4530 adverse
649 4472 859 4546 persolvisset,
884 4473 954 4530 ideo
977 4472 1071 4530 iidem
1096 4472 1214 4530 domini
1237 4472 1370 4531 Michael
1394 4486 1449 4545 pa·

183 4573 296 4633 latinus
330 4584 360 4634 et
396 4593 502 4634 comes
532 4576 707 4652 Stephanus
738 4579 842 4653 ipsum
873 4579 1046 4652 capitulum
1082 4579 1210 4636 ecclesie
1241 4579 1448 4650 zagrabiensis

183 4695 277 4754 super
312 4683 470 4741 solucione
506 4683 582 4741 dicti
622 4683 730 4759 judicii
765 4686 905 4759 quietum
946 4684 1151 4743 reddidissent
1193 4691 1222 4742 et
1258 4684 1447 4759 expeditum.

182 4783 305 4861 Quibus
327 4789 453 4848 tandem
480 4792 599 4849 octaris
622 4790 693 4849 festi
717 4791 799 4850 beati
822 4791 952 4863 Georgii
975 4792 1111 4849 martiris
1136 4791 1330 4861 instantibus,
1363 4797 1447 4849 ante·

182 4891 282 4953 iatum
307 4895 480 4970 capitulum
512 4897 639 4955 ecclesie
670 4898 877 4971 ragrabiensis
908 4914 965 4972 per
996 4897 1167 4956 antelatum
1190 4896 1325 4955 condam
1349 4896 1446 4969 magi·

1346 5017 1386 5078 ²9
