3278 5348
619 435 692 492 Doc.
709 429 787 510 396.
813 468 848 479 -
877 436 932 492 Aa.
957 448 1041 512 1499

197 652 302 709 rnonio
325 651 506 708 litterarum
541 649 704 709 mediante.
727 651 844 710 Datum
867 650 953 709 Bude
975 651 1025 709 die
1048 650 1203 710 dominico
1226 643 1370 722 proximo
1394 645 1465 715 post

197 755 311 815 festum
344 756 530 816 ascensionis
570 754 709 816 Domini.
739 758 829 815 Anno
857 756 996 815 eiusdem
1026 755 1196 815 millesimo
1227 749 1464 827 quadringente·

196 865 276 922 simo
307 864 508 937 nonagesimo
542 878 632 922 nono.
669 864 851 937 Regnorum
885 869 1063 922 nostrorum
1094 860 1254 935 ilungarie
1293 862 1349 915 etc.
1383 868 1463 913 anno

195 984 285 1044 nono,
308 970 455 1029 Bohemie
478 985 553 1027 vero
575 970 728 1042 vigesimo
753 985 843 1029 nono.

300 1087 435 1152 Originale
458 1089 487 1137 in
512 1087 666 1139 membrana.
697 1087 818 1152 Sigillum
847 1089 927 1140 deest.
956 1091 987 1137 In
1013 1089 1084 1140 arch.
1105 1104 1162 1140 ven.
1182 1087 1258 1153 capit.
1280 1082 1381 1148 aagrab.
1401 1081 1463 1131 Aes

195 1175 259 1241 Cap.
278 1177 406 1229 antisse
425 1177 468 1240 78.
487 1192 524 1225 nr.
537 1189 577 1242 33.

787 1354 873 1420 396.

301 1459 381 1507 Anno
403 1471 478 1522 1499,
503 1460 541 1509 18.
559 1458 641 1524 Ju'nii.
660 1459 759 1509 Budae.

203 1549 368 1607 Vlarlr'slaus
399 1551 576 1624 Haagarare
616 1559 663 1608 etc.
694 1570 755 1608 rex.
787 1551 997 1609 archidiaconis
1020 1553 1150 1610 ccclesiae
1171 1551 1291 1626 zagrab.
1307 1546 1463 1624 praecipu,

193 1663 227 1712 ut
248 1656 286 1712 ab
323 1655 449 1714 Oszraldr’
468 1659 590 1731 episcopi
610 1659 770 1715 testamenti
789 1658 983 1715 executoribus
999 1659 1164 1731 pensionem
1188 1664 1353 1732 quartanae
1375 1659 1460 1725 expo-

707 1765 817 1821 stulare
839 1764 978 1825 destituat.

900 1887 1054 1937 Commissio
1074 1888 1178 1952 propria
1197 1885 1295 1936 domini
1314 1882 1389 1946 regis·

217 2011 219 2016 ·
299 1996 492 2056 wladislaus
516 1998 566 2056 dei
589 1999 693 2070 gracia
714 2014 769 2056 rex
793 1999 961 2071 Hungarie,
986 1999 1132 2057 Bohemie
1148 2006 1202 2056 etc.
1228 1995 1454 2056 Fidelibusno

193 2104 265 2161 stris
295 2105 538 2174 venerabilibus,
572 2105 725 2163 universis
748 2112 779 2162 et
802 2106 934 2178 singulis
957 2104 1181 2163 archidiaconis
1205 2105 1235 2161 in
1260 2098 1389 2159 ecclesia
1413 2113 1461 2155 aa·

188 2210 349 2282 grabiensi
378 2211 560 2283 constitutis,
583 2211 715 2269 salutem
746 2218 777 2269 et
807 2211 954 2283 graciam.
985 2210 1188 2268 Declaratum
1220 2214 1266 2266 est
1288 2206 1378 2265 nobis
1401 2218 1460 2278 pro

193 2322 282 2389 parte
312 2314 453 2373 fidelium
486 2324 663 2375 nostrorum
693 2323 895 2376 executorum
925 2317 1101 2375 testamenti
1134 2314 1296 2374 reverendi
1328 2310 1459 2371 condam

192 2421 312 2480 domini
343 2422 483 2481 Ostvaldi
513 2423 651 2497 episcopi
678 2425 807 2482 ecclesie
837 2425 1054 2496 zagrabiensis,
1088 2423 1221 2497 qualiter
1255 2436 1312 2479 vos
1334 2418 1460 2478 eosdem

192 2528 314 2587 racione
347 2534 377 2586 et
411 2535 553 2602 pretextu
576 2530 760 2588 relencionis
783 2529 944 2588 cuiusdam
968 2535 1085 2603 quarte,
1111 2536 1320 2603 proventuum
1343 2525 1460 2586 seilicet

196 2640 381 2706 vestrorum,
405 2650 484 2709 quos
508 2651 564 2709 per
589 2637 691 2711 ipsum
715 2636 846 2694 condam
872 2637 1033 2695 dominum
1052 2636 1245 2710 episcopum,
1263 2634 1338 2692 dum
1355 2631 1457 2691 adhuc

191 2742 222 2799 in
255 2741 400 2799 humanis
432 2748 546 2814 ageret,
578 2743 711 2800 avobis
734 2749 901 2817 occupatos
922 2748 952 2800 et
976 2748 1111 2801 retentos
1134 2742 1201 2801 iore
1224 2741 1332 2810 dicitis,
1357 2739 1459 2796 diver·

191 2848 311 2906 simode
334 2849 503 2907 turbaretis
517 2858 547 2907 et
569 2849 772 2923 impediretis,
797 2865 832 2908 ac
856 2850 983 2908 eosdem
1006 2849 1045 2907 ad
1069 2849 1299 2908 restitucionem
1322 2860 1455 2923 proven·

191 2961 280 3012 tuum
314 2955 560 3029 prescriptorum
595 2962 697 3015 artare
721 2961 752 3014 et
785 2957 956 3030 astringere
989 2957 1171 3015 niteremini.
1195 2956 1276 3030 Quia
1302 2968 1376 3012 vero
1398 2966 1455 3010 nos

192 3061 339 3118 nolumus
363 3061 448 3134 ipsos
478 3069 658 3121 executores
682 3064 740 3121 hac
762 3063 886 3122 racione
909 3080 965 3138 per
989 3079 1045 3120 vos
1069 3064 1197 3133 turbari,
1223 3077 1295 3120 nam
1318 3058 1455 3118 conside·

191 3181 260 3224 rare
284 3167 420 3239 potestis,
444 3167 528 3240 quod
553 3169 578 3225 si
600 3173 693 3242 prout
706 3169 851 3241 asseritis,
875 3170 941 3242 ipse
967 3169 1100 3227 condam
1124 3168 1269 3227 dominus
1292 3167 1458 3242 episeopus

189 3272 347 3345 aliquibus
382 3274 586 3346 proventibus
620 3289 677 3331 vos
709 3275 870 3349 privasset,
904 3290 964 3334 non
989 3275 1271 3349 impresentiarum,
1298 3288 1369 3331 cum
1400 3271 1456 3330 sci-

189 3378 263 3436 licet
293 3378 333 3435 ab
356 3379 415 3437 hac
446 3379 515 3437 luce
546 3380 693 3451 discessit,
718 3381 772 3440 sed
796 3382 860 3439 vita
885 3382 1023 3439 eiusdem
1048 3381 1161 3439 comite
1184 3380 1257 3439 illos
1281 3385 1453 3454 proventus

190 3484 231 3541 ab
254 3484 325 3557 ipso
356 3484 515 3571 requirere
545 3485 745 3557 debuissetis;
769 3487 850 3546 unde
873 3488 1018 3546 fidelitati
1041 3496 1142 3547 vestre
1165 3490 1276 3546 harum
1301 3486 1379 3544 serie
1403 3486 1455 3544 fir·

190 3590 331 3649 missime
355 3591 546 3665 precipimus
559 3598 588 3650 et
611 3593 804 3665 mandamus,
828 3601 978 3668 quatenus
994 3596 1127 3669 acceptis
1153 3594 1355 3668 presentibus,
1380 3609 1452 3667 pre-

194 3695 274 3755 fatos
297 3705 475 3757 executores
498 3702 670 3758 testamenti
694 3701 817 3759 racione
839 3701 1026 3760 detensionis
1049 3701 1226 3760 huiusmodi
1244 3706 1453 3775 proventuum

193 3807 367 3861 vestrorum
399 3819 456 3878 per
486 3804 590 3877 ipsum
614 3805 745 3864 condam
770 3806 931 3865 dominum
956 3809 1146 3881 episcopum,
1170 3814 1203 3865 ut
1226 3806 1340 3865 dicitur
1364 3804 1452 3876 facte,

187 3909 315 3966 turbare
339 3917 370 3967 et
400 3910 553 3982 impedire
576 3911 627 3968 vel
651 3911 776 3970 eosdem
800 3913 841 3971 ad
864 3915 1104 3985 restitucionem,
1127 3915 1381 3987 solucionemque
1405 3927 1454 3970 eo·

186 4014 333 4072 rumdem
365 4022 468 4073 artare
498 4023 528 4073 et
558 4018 749 4091 compellere
779 4019 955 4077 nullatenus
989 4021 1185 4093 presumatis,
1207 4019 1258 4078 sed
1286 4021 1341 4078 hac
1364 4019 1396 4076 in
1419 4034 1453 4076 re

186 4120 366 4179 omnimode
388 4123 577 4195 pacienciam
612 4125 759 4195 habeatis,
784 4127 940 4198 quoniam,
964 4134 996 4184 ut
1019 4128 1227 4200 premisimus,
1251 4141 1313 4185 non
1337 4126 1453 4199 impre-

185 4226 358 4285 senciarum
389 4226 443 4284 sed
468 4229 531 4286 vita
554 4228 693 4288 eiusdem
718 4231 849 4289 condam
875 4231 993 4290 domini
1017 4233 1155 4307 episcopi
1179 4234 1301 4303 comite,
1326 4230 1451 4305 siquid

185 4340 293 4390 contra
323 4332 413 4390 illum
446 4349 538 4406 agere
565 4336 717 4395 habuistis
748 4339 896 4412 prosequi
930 4339 1134 4409 debuissetis;
1158 4339 1244 4397 aliud
1267 4340 1362 4412 igitur
1387 4353 1448 4396 non

185 4436 312 4496 faciatis.
348 4438 548 4499 Presentibus
578 4443 732 4515 perlectis,
758 4445 917 4503 exhibenti
940 4448 1100 4506 restitutis.
1124 4448 1239 4504 Datum
1264 4446 1349 4504 Bude
1373 4444 1450 4503 feria

186 4544 281 4602 tercia
305 4545 451 4617 proxima
475 4553 545 4620 post
559 4547 671 4606 testum
697 4551 861 4608 beatorum
878 4552 942 4611 Viti
966 4558 996 4610 et
1021 4552 1151 4612 Modesti
1164 4554 1328 4611 martirum
1342 4554 1452 4629 fAnno

183 4649 302 4707 domini
326 4650 496 4709 millesimo
519 4653 824 4726 quadringentesimo
847 4659 1048 4729 nonagesimo
1071 4675 1162 4718 nono.

287 4766 422 4830 Originale
440 4770 467 4818 in
480 4771 575 4824 charta.
591 4774 621 4821 ln
635 4775 748 4837 margine
767 4775 843 4824 inseri
862 4776 1016 4840 impressum
1035 4785 1073 4826 est
1094 4778 1197 4841 uigilum
1225 4780 1256 4827 In
1277 4779 1373 4836 archiv,
1388 4794 1445 4829 ven.

183 4854 261 4920 capit.
280 4856 382 4920 zagrab.

687 4982 952 5014 -ψ-
