3278 5348
189 418 249 491 378
602 414 675 471 Dec.
694 425 769 490 305.
793 446 836 456 —
863 414 916 475 An.
941 408 1030 490 1476.

187 630 312 707 Sporar‚
336 630 510 706 Stephanus
527 631 682 701 Plathnar,
702 628 884 688 Dominicus
903 629 1083 703 Perovvych,
1107 630 1271 690 Dionisius
1295 631 1450 707 Sypchich,

187 738 299 808 Koren,
332 737 483 811 Stefanyz,
516 739 638 795 Marcus
670 738 816 808 Mezaros,
851 736 984 794 Michael
1017 735 1102 794 filius
1135 737 1307 810 Valentini,
1340 738 1450 797 Blasius

186 842 393 918 Sthenychlry,
416 845 588 902 Anthonius
610 848 720 914 sartor,
743 842 827 901 Elias
851 847 1061 917 campanator,
1085 842 1202 900 Paulus
1220 843 1319 917 Zabo,
1343 844 1452 918 Raday,

187 951 301 1009 Paulus
333 951 499 1023 aurifaber,
533 934 642 1009 Petrus
672 949 813 1025 sellipar,
837 949 957 1022 Kelecz,
981 948 1127 1008 Clemens
1150 955 1251 1022 sutor,
1274 949 1453 1009 Dominicus

186 1062 216 1115 et
240 1057 360 1116 Blasius
383 1058 487 1129 Varga
511 1062 540 1115 et
563 1058 649 1114 Hans
673 1056 820 1131 frenipar,
856 1056 974 1129 aliique
997 1056 1134 1115 universi
1157 1057 1243 1115 cives
1265 1063 1299 1116 et
1322 1059 1454 1132 hospites

187 1163 267 1221 dicte
302 1165 435 1222 civitatis
465 1165 578 1222 montis
609 1163 772 1221 Grecensis
807 1161 943 1237 prefatos
966 1161 1106 1220 homines
1130 1158 1334 1222 laboratores
1355 1165 1449 1238 ipsius

187 1270 316 1342 capituli
339 1271 520 1343 exponentis
543 1271 574 1327 in
597 1269 759 1326 laboribus
794 1269 935 1343 ipsarum
970 1269 1180 1326 municionum
1216 1268 1294 1327 dicti
1331 1270 1454 1345 capituli

187 1376 368 1434 constitutos
392 1376 553 1449 captivari,
569 1376 763 1448 vinculisque
786 1389 894 1432 eorum
919 1375 1091 1450 mancipari
1113 1374 1244 1433 minime
1268 1374 1413 1434 fecissent
1427 1382 1455 1434 et

186 1496 287 1554 neque
320 1482 440 1540 vinctos
472 1482 503 1539 in
538 1496 647 1539 eorum
685 1481 866 1554 captivitate
901 1487 1037 1539 tenerent
1059 1485 1090 1539 et
1112 1489 1338 1540 conservarent
1360 1497 1452 1556 usque

187 1586 281 1644 modo
314 1589 454 1661 potencia
486 1588 647 1657 mediante,
681 1587 738 1645 sed
773 1587 804 1646 in
835 1588 923 1646 totali
944 1588 1095 1662 premissa
1118 1588 1244 1646 accione
1270 1594 1304 1646 et
1327 1588 1452 1662 acquisi-

186 1693 272 1751 cione
295 1693 391 1766 ipsius
413 1695 542 1768 capituli
566 1695 686 1765 actoris,
703 1694 879 1751 innocentes
902 1694 963 1751 sint
985 1698 1015 1751 et
1036 1694 1168 1751 existant
1191 1694 1320 1767 penitus
1345 1699 1375 1752 et
1400 1693 1450 1751 im·

185 1813 294 1855 munes
317 1800 525 1857 iuramentum
549 1799 650 1858 facere
673 1805 703 1858 et
725 1806 864 1874 prestare
888 1800 1050 1857 tenebatur
1066 1815 1172 1857 coram
1187 1800 1294 1859 nobis.
1318 1799 1451 1858 Tandem

186 1905 255 1978 ipso
279 1906 411 1963 termino
434 1905 624 1980 adveniente,
648 1906 730 1964 idem
756 1906 874 1964 Blasius
897 1903 991 1981 judex
1014 1907 1046 1964 in
1069 1921 1123 1963 sua
1146 1911 1177 1964 et
1197 1922 1341 1980 quorum
1364 1918 1452 1980 supra

187 2012 327 2084 personis
351 2014 557 2086 prescriptum
582 2029 674 2070 suum
696 2011 906 2088 juramentum
930 2028 1001 2070 cum
1026 2013 1171 2087 pretactis
1195 2013 1296 2086 ipsius
1314 2014 1449 2071 coniura-

186 2118 306 2174 toribus
331 2126 422 2190 prout
445 2119 530 2176 iuxta
554 2125 695 2176 contenta
711 2118 863 2177 dictarum
881 2120 1015 2177 litteram
1037 2123 1174 2193 pretacte
1190 2119 1368 2193 personalis
1383 2135 1452 2193 pre·

187 2224 287 2280 sencie
318 2223 436 2281 iamfati
468 2224 586 2282 domini
617 2225 714 2282 nostri
745 2225 826 2297 regis
858 2224 1022 2295 debuisset,
1046 2225 1104 2282 rite
1126 2231 1157 2282 et
1181 2224 1338 2298 legittime
1361 2225 1450 2300 depo·

187 2330 247 2385 suit
271 2343 375 2386 coram
399 2331 489 2388 nobis
512 2332 688 2388 testimonio
712 2331 906 2405 presencium
931 2330 1096 2390 mediante.
1118 2331 1238 2389 Datum
1255 2332 1391 2391 secundo
1405 2332 1451 2390 die

187 2433 248 2491 diei
270 2431 485 2509 juramentalis
508 2436 714 2511 deposicionis
738 2443 905 2511 prenotate.
927 2438 1016 2494 Anno
1037 2436 1156 2495 domini
1185 2438 1359 2497 millesimo
1381 2453 1451 2512 qua·

187 2539 428 2612 dringentesimo
452 2544 679 2616 septuagesimo
702 2549 796 2600 sexto,

293 2696 427 2759 Originale
445 2698 472 2746 in
492 2697 588 2750 charia.
609 2699 636 2746 A
652 2706 724 2761 tergo
743 2699 880 2762 vestigium
898 2697 1016 2762 impressi
1034 2695 1123 2760 sigilii.
1144 2697 1178 2745 In
1196 2695 1316 2746 archivio
1334 2695 1380 2745 lib.
1399 2710 1448 2758 reg.

187 2784 257 2835 civit,
276 2785 375 2846 zagrab.

768 2963 857 3029 305.

292 3123 372 3172 Anno
395 3124 469 3188 1476,
491 3126 531 3176 28.
551 3125 675 3188 Augusti.
696 3123 750 3174 Sub
769 3123 841 3173 Bela.

186 3248 380 3320 Eustachias,
406 3253 542 3326 fratmm
576 3253 636 3309 ord.
672 3251 912 3309 Praede'calnrum
945 3258 1139 3321 consanam,
1168 3251 1304 3325 plebanis
1338 3251 1450 3326 zagrab.

186 3356 316 3427 mandat,
331 3365 365 3413 ut
378 3358 507 3415 Paulum
523 3358 759 3417 archidiaconum
784 3366 905 3432 propter
927 3360 1068 3434 injuriam
1090 3357 1190 3415 ordini
1210 3358 1449 3417 Pracdr'catamm

640 3467 753 3522 illatam
777 3466 808 3523 in
823 3467 878 3540 jus
900 3472 1005 3522 vocent.

289 3606 471 3665 Eustachius
495 3610 695 3667 miseracione
719 3609 824 3667 divina
848 3609 885 3667 de
910 3609 1028 3682 (iarah,
1052 3608 1211 3668 Baholcha
1233 3615 1263 3669 et
1287 3609 1363 3669 Bela
1387 3626 1449 3669 mo·

184 3712 388 3769 nasteriorum
413 3715 510 3770 abbas
534 3730 569 3771 ac
592 3715 725 3773 fratrum
742 3715 860 3774 ordinis
876 3715 1108 3774 Predicatorum
1125 3723 1154 3774 et
1170 3716 1313 3775 eiusdem
1337 3716 1451 3775 ordinis

185 3833 241 3891 per
265 3820 493 3876 sanctissimum
518 3822 548 3877 in
572 3822 695 3879 Christo
728 3829 849 3897 patrem
873 3827 902 3880 et
926 3822 1089 3881 dominum
1111 3831 1265 3898 nostrum,
1289 3823 1450 3882 dominum

184 3923 315 3996 Sixtum,
339 3924 444 3983 divina
467 3928 669 4000 providencia
693 3944 809 4002 papam
833 3935 988 4002 quartum,
1019 3934 1218 3987 conservator
1253 3935 1284 3988 et
1307 3936 1451 3988 executor

184 4032 388 4104 personaliter
417 4032 583 4105 deputatus
615 4051 650 4092 ac
682 4052 738 4109 per
769 4035 887 4093 dictum
910 4034 1051 4093 ordinem
1076 4035 1253 4109 specialiter
1275 4037 1450 4110 requisitus.

184 4137 430 4195 Honorabilibus
462 4146 490 4196 et
522 4141 661 4198 discretis
697 4144 781 4214 viris,
805 4141 947 4212 dominis,
972 4141 1006 4199 N.
1031 4142 1206 4199 chasmensi
1240 4148 1270 4199 et
1293 4142 1331 4202 N.
1355 4144 1451 4201 sancti

184 4243 315 4313 Martini,
348 4243 382 4300 N.
414 4252 517 4302 sancte
547 4249 749 4321 Margarethe,
782 4247 970 4318 dombrensi,
997 4247 1031 4305 N.
1056 4248 1153 4305 sancti
1175 4248 1310 4306 Emerici
1334 4248 1373 4307 de
1396 4250 1449 4307 Za·

183 4349 292 4419 grabia
316 4357 345 4406 et
369 4350 403 4408 N.
428 4353 525 4410 sancti
549 4355 642 4412 llarci
666 4355 779 4411 montis
811 4354 972 4412 Grecensis
1001 4368 1101 4427 prope
1133 4354 1320 4427 Zagrabiam
1352 4358 1448 4414 eccle·

183 4455 299 4512 siarum
321 4457 463 4530 plebanis
486 4461 617 4518 salutem
642 4462 673 4519 in
696 4461 822 4519 domino
839 4462 1061 4534 sempiternam
1084 4467 1114 4518 et
1133 4461 1256 4533 nostris,
1274 4462 1374 4521 immo
1397 4478 1449 4521 ve-

183 4561 247 4618 rius
277 4565 467 4637 apostolicis,
492 4566 618 4624 obedire
649 4567 810 4625 mandatis.
842 4568 1007 4639 Noveritis,
1040 4567 1222 4642 quodcum
1245 4583 1302 4626 nos
1327 4568 1450 4643 pridem

182 4668 221 4725 ad
245 4671 472 4729 venerabilium
502 4681 531 4731 et
562 4675 781 4746 religiosorum
813 4674 961 4745 virorum,
995 4674 1100 4733 fratris
1131 4673 1301 4745 Michaelis,
1336 4675 1451 4750 prioris

182 4776 440 4834 monasteriorum
476 4780 564 4838 beate
599 4780 765 4838 Katherine
799 4786 829 4838 et
860 4781 943 4838 beati
966 4781 1087 4839 Nicolai
1111 4779 1151 4838 de
1174 4779 1337 4855 Zagrabia,
1360 4797 1448 4840 sacre

182 4882 339 4955 theologie
363 4882 494 4956 lectoris,
518 4886 645 4958 syndici,
670 4888 880 4959 procuratoris
911 4886 1029 4945 ordinis
1063 4885 1305 4947 Predicatorum.
1330 4902 1449 4946 necnon
