3278 5348
192 425 253 500 396
629 417 703 474 Doc.
722 412 797 490 316.
821 447 864 457 —
888 415 943 472 An.
969 409 1059 491 1478.

190 655 243 697 sue
276 643 306 697 et
340 635 430 695 dictis
468 633 694 708 exponentibus
725 630 871 689 iniuriam
903 636 933 688 et
965 629 1140 705 dampnum
1174 631 1276 689 valde
1312 648 1461 706 magnum

190 745 280 806 Unde
303 745 393 803 nobis
424 742 584 801 humiliter
616 738 815 813 supplicavit,
847 744 882 795 ut
912 737 973 795 sibi
1003 752 1098 811 super
1127 737 1191 796 hiis
1223 738 1266 796 de
1290 746 1461 813 opportuno

189 851 265 928 juris
287 849 425 908 remedio
449 846 616 922 providere
639 845 848 918 dignaremur.
880 843 944 902 Nos
967 843 1063 916 igitur
1086 844 1287 903 attendentes
1310 846 1460 920 supplica-

190 959 309 1016 cionem
341 954 520 1014 huiusmodi
551 951 618 1010 lore
650 953 764 1009 iustam
796 958 826 1008 et
858 964 1024 1009 consonam
1060 950 1187 1021 racioni
1212 950 1364 1025 quodque
1386 951 1459 1009 iusta

190 1064 365 1137 petentibus
389 1075 451 1119 non
475 1066 521 1118 est
546 1056 745 1130 denegandus
770 1071 921 1127 assensus,
945 1057 1149 1130 volentesque
1172 1057 1246 1128 sibi,
1264 1067 1299 1115 ut
1315 1063 1457 1128 tenemur,

189 1169 342 1226 iusticiam
374 1167 558 1235 ministrare,
591 1164 630 1221 de
663 1162 810 1237 predictis
833 1168 952 1220 certam
973 1162 1120 1221 noticiam
1142 1176 1207 1221 non
1231 1163 1394 1235 habentes,
1414 1163 1457 1223 di·

188 1274 338 1332 screcioni
361 1280 412 1329 tue
435 1273 617 1330 auctoritate
640 1268 807 1341 legacionis
830 1276 934 1327 nostre
958 1275 1063 1327 tenore
1092 1269 1296 1343 presencium
1318 1272 1454 1328 commit·

190 1380 290 1449 timus,
317 1388 467 1452 quatenus
490 1377 608 1435 vocatis
631 1375 782 1450 partibus,
799 1377 937 1460 ipsisque
960 1381 990 1434 et
1005 1375 1076 1433 aliis
1091 1376 1146 1449 qui
1163 1374 1284 1434 fuerint
1301 1375 1452 1446 evocandi,

192 1485 366 1557 auditisque
390 1483 533 1541 hincinde
557 1481 733 1555 propositis.
752 1482 1005 1555 responsionibus
1021 1486 1051 1538 et
1066 1481 1319 1553 allegacionibus
1335 1496 1455 1539 causam

190 1596 220 1648 et
244 1605 350 1647 causas
373 1587 551 1647 huiusmodi
575 1604 647 1645 curn
671 1588 817 1647 omnibus
839 1588 903 1645 suis
926 1586 1103 1646 incidenciis
1123 1587 1331 1660 emergendis,
1348 1586 1453 1662 depen-

192 1695 301 1753 dendis
331 1702 425 1767 atque
456 1695 601 1752 connexis
631 1693 756 1753 decidas
787 1701 881 1768 atque
911 1694 972 1752 fine
1004 1693 1111 1752 debito
1134 1693 1297 1766 termines,
1320 1694 1452 1768 aliasque

188 1802 266 1859 inter
289 1801 372 1874 ipsas
400 1806 512 1875 partes,
545 1799 629 1874 quod
660 1801 843 1858 canonicum
872 1798 982 1871 fuerit,
1014 1799 1170 1870 decernas,
1193 1799 1340 1859 faciendo
1372 1798 1451 1874 quod

189 1905 370 1975 decreveris,
389 1922 445 1980 per
468 1922 629 1965 censuram
651 1907 889 1965 ecclesiasticam
914 1910 945 1964 et
967 1905 1028 1964 alia
1050 1904 1128 1983 juris
1149 1907 1300 1977 remedia,
1316 1907 1451 1982 appella·

103 2088 105 2093 ³
192 2013 278 2069 cione
302 2014 483 2086 postposita,
506 2012 638 2070 firmiter
660 2013 830 2071 observari.
853 2012 960 2070 Testes
983 2028 1066 2084 vero,
1089 2013 1143 2087 qui
1166 2014 1320 2071 nominati
1335 2013 1452 2083 tuerint,

188 2118 214 2175 si
238 2133 270 2174 se
293 2117 373 2188 odio,
397 2120 500 2191 gracia
524 2119 576 2176 vel
600 2119 712 2177 timore
735 2118 954 2191 subtraxerint,
977 2119 1074 2177 simili
1097 2134 1227 2177 censura
1251 2135 1345 2193 cogas
1375 2119 1452 2178 testi·

88 2248 92 2257 ·
189 2224 331 2281 monium
364 2225 528 2297 perhibere
559 2225 690 2283 veritati,
720 2224 839 2283 Datum
869 2224 961 2296 Bude,
984 2225 1227 2299 wesprimiensis
1251 2225 1402 2299 dyocesis,
1414 2226 1452 2286 ¹iu

159 2377 162 2382 .
188 2329 282 2387 domo
305 2330 395 2388 solite
425 2331 594 2388 residencie
624 2338 727 2389 nostre
758 2332 817 2388 sub
847 2333 945 2390 nostri
967 2331 1066 2404 sigilli
1088 2332 1218 2389 minoris
1240 2330 1452 2415 impressione,

189 2435 240 2492 die
263 2435 382 2493 decima
406 2444 516 2509 quarta
539 2438 653 2495 mensis
676 2438 763 2520 Julii.
788 2439 877 2496 Anno
909 2437 1027 2496 domini
1051 2437 1222 2496 millesimo
1248 2437 1454 2512 quadringen-

188 2542 297 2598 tesimo
322 2544 551 2615 septuagesimo
578 2552 696 2603 octavo.
722 2543 923 2603 Pontificatus
943 2550 1047 2602 autem
1070 2544 1260 2603 sanctissimi
1283 2544 1314 2602 in
1330 2544 1452 2602 Christo

189 2647 285 2719 patris
309 2653 338 2704 et
361 2646 479 2705 domini
505 2650 610 2720 nostri,
635 2650 753 2708 domini
776 2649 863 2721 sixti,
880 2650 985 2709 divina
1009 2649 1211 2724 providencia
1234 2666 1318 2726 pape
1341 2650 1452 2724 quarti,

189 2766 269 2809 anno
292 2754 433 2825 septimo.

294 2890 316 2936 E
336 2896 496 2954 transumpto
519 2891 648 2954 Johanuis
667 2890 743 2941 Pauli
762 2893 871 2952 Dersan,
891 2899 919 2942 ut
937 2893 1011 2951 infra,
1036 2894 1069 2942 de
1088 2909 1157 2943 anno
1179 2894 1255 2958 1478.
1281 2895 1314 2944 In
1341 2894 1454 2944 archivio

189 2993 273 3026 vener.
294 2979 370 3042 capit.
390 2978 452 3027 eccl.
472 2978 573 3043 zagrab.

293 3352 372 3400 Auno
394 3352 468 3414 1478,
490 3362 530 3413 27.
548 3350 622 3414 Julii.
641 3352 789 3415 Zagrabiae.

179 3478 342 3554 soleamus,
365 3479 586 3536 archidiaconus
608 3479 765 3547 c'asmense‘s,
788 3479 910 3536 inundat
924 3478 1056 3553 plebanis
1071 3479 1200 3552 zagrab„
1223 3485 1256 3535 ut
1271 3479 1455 3555 johannen,

187 3588 357 3643 satiatissime
389 3587 525 3653 lectorem,
557 3587 586 3640 in
608 3587 663 3661 jus
693 3587 786 3654 ce'tcut,
816 3582 899 3660 quod
923 3586 1079 3642 Antonium
1092 3586 1224 3659 fratrem
1246 3585 1308 3643 orti
1331 3586 1455 3644 Praedi-

674 3699 801 3749 catorum
824 3692 968 3765 spoliavit.

292 3834 354 3890 Nos
385 3834 540 3915 Johannes
572 3836 660 3893 Pauli
692 3838 819 3908 Dersan,
843 3836 973 3893 acolitus
996 3835 1078 3893 sedis
1100 3835 1274 3910 apostolice
1299 3842 1329 3895 et
1351 3837 1453 3897 archi·

185 3940 331 3998 diaconus
356 3941 543 3998 chasmensis
566 3942 597 3999 in
622 3943 749 4000 ecclesia
774 3941 973 4015 zagrabiensi,
995 3942 1027 3999 in
1050 3957 1142 4000 causa
1166 3948 1195 4001 et
1211 3943 1313 4001 causis
1328 3957 1366 4001 ac
1383 3959 1452 4018 par·

183 4047 266 4103 tibus
298 4045 376 4103 infra
406 4047 529 4119 scriptis
560 4046 654 4121 judex
686 4057 715 4106 et
747 4049 978 4106 commissarius
1010 4065 1067 4121 per
1097 4048 1399 4108 reverendissimum
1420 4051 1452 4109 in

183 4151 307 4208 Christo
331 4158 452 4224 patrem
476 4161 505 4209 et
528 4152 699 4223 dominum,
716 4155 878 4212 dominum
902 4154 1093 4227 Gabrielem,
1118 4156 1323 4214 miseracione
1345 4155 1452 4214 divina

183 4257 264 4314 tituli
288 4267 465 4314 sanctorum
497 4257 594 4330 Sergii
630 4269 659 4316 et
695 4260 789 4318 Bachi
812 4271 914 4318 sancte
936 4276 1065 4320 romane
1088 4261 1216 4320 ecclesie
1239 4261 1451 4335 presbiterum

183 4362 381 4434 cardinalem,
412 4365 594 4434 agriensem,
627 4367 657 4423 in
687 4367 789 4438 regnis
818 4368 976 4439 ilungarie
1008 4377 1037 4426 et
1066 4368 1213 4427 Bohemie
1243 4384 1281 4426 ac
1303 4369 1451 4427 omnibus

181 4469 270 4525 terris
294 4476 324 4526 et
347 4470 423 4526 locis
447 4472 611 4544 temporali
637 4472 775 4531 dominio
798 4475 985 4532 serenissimi
1009 4475 1158 4550 principis
1181 4475 1301 4534 domini
1323 4476 1448 4547 Mathie,

182 4573 374 4645 prefatorum
398 4591 566 4649 regnorum
590 4579 757 4651 Ilungarie,
782 4580 928 4638 Bohemie
950 4589 1007 4639 etc.
1030 4582 1121 4654 regis,
1144 4582 1301 4653 subiectis,
1326 4589 1452 4657 aposto·
1488 4559 1491 4563 ‚

181 4679 241 4737 lice
264 4681 345 4739 sedis
369 4682 517 4756 legatum,
541 4686 717 4758 specialiter
738 4686 909 4760 deputatus.
934 4688 1095 4746 Universis
1118 4693 1146 4746 et
1160 4688 1293 4762 singulis
1316 4689 1452 4749 dominis

181 4788 356 4858 abbatibus,
380 4791 547 4863 prioribus,
571 4793 745 4865 prepositis,
763 4793 894 4864 decanis,
911 4792 1145 4865 archidiaconis,
1160 4790 1363 4869 scholasticis,
1379 4812 1452 4857 can·
1504 4872 1509 4879 ι

181 4895 310 4965 toribus,
345 4896 535 4967 custodibus,
571 4897 780 4972 thesaurariis,
815 4899 958 4971 sacristis,
983 4907 1047 4958 tam
1081 4899 1316 4962 kathedralium
1352 4920 1452 4981 quam
