3278 5348
255 429 313 485 ηε
674 415 747 473 Doc.
772 427 838 490 125.
863 449 906 458 -
929 416 986 473 An.
1011 428 1102 493 1439·

251 636 354 704 tatem,
371 633 548 707 cunctisque
564 634 627 691 suis
643 633 839 707 pertinenciis
860 637 890 690 et
906 631 1102 703 utilitatibus,
1120 633 1231 706 quovis
1253 634 1382 693 nomine
1404 635 1518 692 vocatis

251 738 371 813 pretate
393 740 521 797 ecclesie
556 740 748 812 zagrabiensi
782 755 900 798 necnon
923 738 1016 797 altari
1049 744 1153 797 sancte
1174 740 1275 798 crucis
1299 745 1462 814 prenotato
1484 747 1513 798 et

250 852 473 918 consequenter
496 845 645 904 moderno
678 845 792 904 rectori
815 845 953 903 eiusdem
988 845 1104 916 altaris,
1127 845 1253 919 suisque
1287 848 1518 905 successoribus

250 952 422 1009 rectoribus
453 954 485 1010 in
520 961 705 1026 perpetuum
738 952 918 1010 duxerimus
941 951 1172 1022 conferendum,
1203 952 1403 1027 velimusque
1435 955 1518 1028 ipsos

250 1058 281 1115 in
304 1057 478 1116 dominium
508 1058 689 1116 earumdem
715 1074 770 1132 per
790 1064 932 1116 nostrum
965 1064 995 1115 et
1026 1064 1166 1115 vestrum
1200 1059 1343 1117 homines
1366 1060 1519 1133 legittime

251 1162 351 1222 tacere
373 1165 535 1223 introduci.
565 1165 662 1237 Igitur
684 1164 828 1223 fidelitati
843 1168 945 1223 vestre
971 1163 1102 1221 firmiter
1119 1163 1301 1223 mandantes
1317 1167 1518 1240 precipimus,

249 1277 401 1344 quatenus
424 1276 563 1329 vestrum
587 1272 717 1329 mittatis
740 1271 899 1328 hominem
924 1285 981 1343 pro
1016 1270 1193 1328 testimonio
1226 1269 1432 1344 fidedignum,
1457 1287 1520 1345 quo

250 1384 392 1451 presente
412 1377 568 1459 Johannes
592 1378 643 1435 vel
667 1377 821 1448 Nicolaus,
845 1376 904 1435 tilii
920 1376 1064 1450 Gregorii
1087 1376 1125 1434 de
1149 1375 1276 1450 Gepew,
1299 1384 1352 1436 aut
1376 1378 1519 1449 Michael,

251 1483 336 1540 filius
362 1483 482 1542 Nicolai
505 1484 543 1541 de
567 1485 718 1557 Kysgora,
743 1484 809 1542 sive
840 1483 1033 1553 Dominicus,
1063 1483 1149 1540 tilius
1178 1483 1317 1542 ladislai
1340 1483 1380 1541 de
1403 1484 1519 1543 Brolro

250 1604 364 1660 nowcz,
388 1591 457 1648 aliis
480 1591 669 1661 absentibus,
692 1591 788 1648 homo
821 1594 934 1659 noster,
958 1588 998 1646 ad
1033 1588 1126 1646 facies
1161 1588 1374 1662 predictarum
1397 1605 1518 1664 posses·

250 1698 372 1753 sionum
396 1711 432 1753 ac
467 1697 622 1769 porcionis
657 1695 897 1770 possessionarie
920 1709 1038 1752 necnon
1072 1695 1191 1767 tributi,
1226 1702 1519 1770 consequenterque

251 1797 329 1876 juris
352 1805 449 1861 nostri
476 1804 553 1875 regii
577 1803 609 1860 in
639 1802 755 1860 eisdem
791 1799 898 1871 habiti,
933 1801 1043 1859 vicinis
1066 1808 1097 1861 et
1119 1803 1341 1860 commetaneis
1363 1803 1429 1861 suis
1453 1803 1520 1861 uni·

252 1909 348 1966 versis
370 1909 447 1968 inibi
470 1909 622 1981 legittime
644 1909 820 1966 convocatis
843 1914 873 1965 ct
896 1907 1091 1980 presentibus
1122 1906 1304 1978 accedendo,
1338 1909 1518 1968 introducat

249 2013 403 2087 prefatam
428 2016 589 2073 ecclesiam
613 2029 730 2072 necnon
754 2014 852 2071 altare
870 2012 1093 2086 supradictum,
1109 2020 1394 2089 consequenterque
1417 2023 1517 2074 recto·

249 2136 317 2179 rem
340 2121 478 2178 eiusdem
502 2121 534 2178 in
557 2120 730 2178 dominium
755 2121 894 2193 ipsarum
918 2125 947 2177 et
971 2119 1165 2190 eorumdem,
1188 2126 1366 2194 statuatque
1391 2121 1518 2180 easdem

250 2232 280 2284 et
303 2228 386 2300 ipsas
409 2227 527 2284 eisdem
544 2227 693 2300 premisse
709 2233 813 2284 nostre
835 2226 1013 2284 donacionis
1028 2226 1120 2284 titulo
1139 2232 1290 2300 perpetuo
1305 2227 1519 2301 possidendas,

250 2333 276 2390 si
298 2347 360 2390 non
385 2331 498 2390 tuerint
520 2332 763 2403 contradictum;
787 2331 1028 2391 contradictores
1039 2347 1124 2404 vero,
1140 2333 1168 2391 si
1185 2333 1239 2407 qui
1261 2332 1385 2406 fuerint,
1408 2341 1518 2393 evocet

251 2438 336 2512 ipsos
360 2445 466 2496 contra
489 2438 646 2512 prefatum
670 2446 822 2497 rectorem
846 2441 878 2498 in
902 2441 1094 2513 presenciam
1117 2441 1206 2513 regni
1228 2441 1327 2499 nostri
1350 2439 1517 2500 Sclauonie

250 2544 323 2603 bani
353 2546 384 2602 in
415 2544 520 2603 sedern
555 2546 789 2624 zagrabiensem
823 2545 863 2603 ad
898 2545 1066 2603 terminum
1089 2552 1326 2620 competentem,
1358 2549 1518 2607 racionem

249 2650 503 2708 contradiccionis
526 2666 635 2708 eorum
659 2651 842 2721 reddituros,
859 2658 889 2709 et
912 2658 985 2724 post
1001 2653 1057 2708 hec
1072 2652 1252 2711 huiusmodi
1269 2654 1516 2713 introduccionis

251 2763 279 2813 et
303 2759 481 2816 statucionis
504 2759 616 2815 seriem
641 2774 712 2815 cum
729 2758 990 2815 contradictorum
1007 2763 1037 2815 et
1053 2765 1264 2831 evocatorum,
1280 2760 1306 2818 si
1323 2761 1378 2833 qui
1394 2759 1517 2827 fuerint.

249 2863 422 2922 vicinorum
447 2871 476 2924 et
496 2872 789 2935 commetaneorum,
807 2865 861 2938 qui
876 2866 1026 2939 premisse
1042 2866 1207 2924 statucioni
1220 2866 1403 2938 intererunt,
1419 2868 1518 2926 nomi·

249 2970 339 3027 nibus
363 2977 392 3027 et
416 2973 547 3028 termino
563 2973 727 3044 assignato
744 2971 844 3029 eidem
869 2972 951 3029 bano
967 2986 1054 3029 more
1077 2972 1169 3029 solito
1185 2971 1374 3031 rescribatis.
1399 2972 1517 3030 Datum

249 3074 371 3133 Posonii
395 3075 528 3134 infesto
553 3078 635 3136 beati
657 3079 806 3159 Johannis
841 3084 945 3134 antem
961 3085 1086 3151 portam
1109 3078 1249 3136 latinam.
1282 3079 1374 3137 Anno
1399 3078 1516 3137 domini

248 3181 417 3239 millesimo
441 3183 745 3256 quadringentesimo
769 3184 925 3240 tricesimo
948 3197 1039 3240 nono.

355 3321 377 3365 l
398 3326 556 3382 transumpto
576 3320 683 3383 capituli
704 3319 843 3367 dnsmensis
862 3319 894 3366 de
913 3334 980 3368 anuo
1002 3321 1126 3382 1481.1n
1146 3320 1298 3371 membrana.
1319 3323 1352 3370 Iu
1370 3323 1441 3375 arch.
1460 3339 1515 3373 ven.

249 3406 324 3468 capit.
344 3408 445 3467 atprab.
465 3408 528 3457 Act.
548 3424 602 3471 cap.
623 3415 675 3458 aui,
696 3409 757 3459 fasc.
779 3419 802 3455 2.
822 3423 860 3458 nr.
882 3420 922 3472 35.

842 3638 920 3705 125.

354 3781 433 3828 Anno
456 3792 530 3842 1431),
548 3780 571 3830 6.
590 3781 670 3842 Junii.
692 3767 807 3834 Cinnae.

254 3886 416 3962 Cape'talam
432 3890 579 3990 'eliseaeuse
599 3893 717 3948 eearrtiat
738 3893 893 3965 capitatam
916 3892 1037 3966 aagrab.
1062 3894 1093 3948 in
1109 3893 1324 3968 usumfructum
1340 3891 1515 3951 donatarum

239 3996 458 4069 passessionem,
490 4015 564 4069 quiae
594 4005 735 4060 aucerntar
762 3998 920 4074 Ii'raljeaec
948 4006 995 4055 ete.
1019 3995 1100 4056 realta
1129 3998 1336 4056 contradictore
1356 4007 1516 4074 apparente

765 4123 822 4160 esse
845 4105 999 4166 inductum.

353 4246 533 4319 Capitulum
557 4249 685 4306 ecclesie
709 4250 905 4307 chasmensis
941 4251 1095 4307 Omnibus
1127 4250 1242 4308 Christi
1272 4249 1421 4309 fidelibus
1452 4257 1516 4311 tam

248 4353 444 4427 presentibus
468 4369 562 4426 quam
600 4354 711 4412 futuris
741 4357 936 4428 presencium
971 4357 1117 4414 noticiam
1141 4356 1294 4414 habituris
1328 4358 1463 4416 salutem
1484 4360 1517 4417 in

251 4460 392 4516 omnium
424 4459 588 4516 salvatore.
624 4460 671 4516 Ad
707 4461 924 4519 universorum
954 4463 1101 4520 noticiam
1131 4463 1242 4520 harum
1265 4463 1344 4521 serie
1367 4464 1516 4523 volumus

247 4565 419 4638 pervenire,
444 4565 527 4638 quod
550 4581 606 4623 nos
635 4567 753 4624 litteras
784 4568 971 4627 serenissimi
1006 4569 1155 4642 principis
1181 4575 1211 4626 et
1244 4568 1372 4642 domini,
1396 4570 1517 4633 domini

250 4671 374 4727 Alberti
398 4671 446 4728 dei
478 4672 581 4743 gracia
612 4672 823 4730 Romanorum
859 4674 949 4745 regis,
973 4691 1098 4748 semper
1131 4675 1263 4747 augusti,
1287 4689 1322 4733 ac
1345 4676 1515 4751 Hungarie‚

248 4776 404 4847 Bohemie,
440 4778 611 4847 Dalmaeie‚
635 4779 763 4836 Croacie
798 4785 854 4836 etc.
885 4781 968 4851 regis
990 4788 1018 4837 et
1042 4781 1129 4838 ducis
1157 4781 1282 4839 Austrie
1304 4787 1362 4842 etc.
1397 4783 1515 4843 domini

189 4964 192 4969 ⁴
246 4883 345 4944 nostri
359 4885 510 4944 naturalis
522 4885 759 4945 introductorios
772 4893 802 4944 et
816 4887 993 4946 statutorias
1009 4889 1161 4962 nobisque
1179 4889 1372 4962 preceptorie
1386 4889 1516 4965 loquen-
