3278 5348
642 350 714 410 Doc.
731 363 786 427 32.
813 383 851 392 -
878 350 1047 425 An1422.

185 567 330 637 incolas,
356 563 487 641 judices,
511 565 578 623 XII.
600 563 727 640 juratos,
750 581 807 622 nec
830 579 891 623 non
915 565 1066 633 homines,
1090 567 1413 640 communitatemque
1434 581 1481 623 sa·

188 673 362 746 crilegam
386 679 417 729 et
450 671 556 729 locum
588 670 670 728 dicte
704 671 838 728 civitatis
872 669 1053 729 firmissimo
1084 673 1291 731 ecclesiastico
1316 673 1481 731 interdicto

185 794 276 836 curn
301 779 369 836 suis
392 778 553 836 suburbiis
569 776 705 835 subactis
726 780 756 834 et
779 777 957 850 subpositis,
974 777 1191 851 subiectosque
1206 785 1236 836 et
1252 779 1431 853 subpositus
1447 780 1478 836 in

185 899 321 958 genere
345 883 692 955 excommunicatosque
714 883 826 940 maiori
851 884 1182 956 excommunicacione,
1205 884 1282 961 juris
1299 890 1328 943 et
1344 886 1480 943 hominis

186 997 230 1048 et
256 989 477 1048 inhabilitatos
498 1005 534 1047 ac
557 989 600 1046 ita
623 989 765 1063 privatos
788 989 961 1061 quemlibet
991 990 1133 1063 ipsorum
1166 997 1196 1049 et
1228 992 1422 1049 nominanter
1445 1006 1481 1048 ac

192 1096 235 1155 in
263 1097 371 1171 specie
394 1102 424 1154 et
446 1096 621 1168 signanter:
644 1094 787 1153 Chonum
818 1094 858 1153 de
891 1095 1062 1167 Florencia,
1096 1094 1231 1171 judicem
1263 1097 1301 1154 de
1332 1098 1478 1170 presenti,

191 1203 396 1261 ltlichaelem
431 1201 613 1273 Sebastiani,
648 1202 822 1284 Johannem
856 1201 1041 1277 Bohemum,
1074 1203 1248 1286 Johannem
1279 1203 1405 1275 Zygeth,
1428 1204 1480 1287 Jo-

190 1310 346 1367 hannem
369 1310 563 1382 Hungarum,
588 1309 752 1366 Vrbanum
776 1309 1022 1383 Krapchewych‚
1046 1310 1124 1367 alias
1143 1308 1270 1384 judices,
1287 1310 1479 1367 Anthonium

196 1415 245 1473 de
270 1415 435 1474 Florencia
459 1430 557 1490 prope
580 1420 714 1490 portam,
739 1421 908 1488 utrumque
931 1416 1112 1487 Fabianum,
1129 1417 1289 1487 litteratos,
1307 1416 1478 1488 Georgium

201 1529 374 1593 sartorem,
409 1523 559 1593 lwanum,
596 1522 745 1591 Paulum,
780 1521 993 1594 Benedictum,
1029 1523 1218 1596 Gregorium
1253 1529 1282 1580 et
1316 1522 1478 1593 Briccium,

209 1628 331 1701 fratres,
355 1627 455 1687 dictos
478 1628 654 1701 Hudostyh
677 1629 853 1711 Johannem
878 1629 1014 1700 Peronis,
1039 1629 1209 1702 Georgium
1233 1629 1272 1686 de
1294 1628 1478 1699 Modrussio,

211 1736 412 1794 Valentinum
436 1735 573 1808 Gobech‚
598 1735 676 1793 duos
700 1734 870 1794 familiares
894 1737 1003 1821 Jacobi
1026 1737 1196 1807 castellani,
1215 1735 1373 1793 Andream
1397 1735 1480 1793 Petri

212 1840 308 1913 Safar,
333 1843 515 1901 ladislaum
537 1841 741 1913 aurifabrum,
765 1843 916 1900 Mathiam
947 1844 1155 1914 scolasticum,
1192 1842 1386 1916 Stephanum
1421 1842 1478 1898 Ra·

213 1945 336 2021 karych,
360 1950 511 2032 Jacobum
535 1949 723 2023 Popowych,
746 1949 941 2007 Demetrium
965 1949 1148 2021 Rosowych,
1171 1948 1376 2020 Wlfgangum
1400 1948 1481 2020 lapi·

216 2055 322 2127 eidam,
348 2056 521 2130 parlerium
544 2055 684 2127 condam,
708 2055 898 2129 Gregorium
922 2055 961 2113 de
986 2056 1161 2128 Bethowya,
1177 2056 1349 2138 Johannem
1368 2056 1478 2125 Kneht,

217 2158 366 2220 Thomam
389 2167 536 2229 sutorem,
559 2162 717 2220 Andream
749 2162 906 2235 Zwylych‚
940 2163 1150 2233 Dominicum,
1183 2162 1322 2229 Paulum,
1358 2161 1478 2231 fratres,

218 2278 247 2323 ac
269 2268 437 2326 Nicolaum
461 2275 491 2326 et
514 2268 673 2327 Andream
698 2269 883 2341 Bogdanych
908 2284 1079 2341 eorumque
1104 2268 1271 2342 complices
1288 2275 1318 2325 et
1335 2267 1479 2339 fautores,

217 2377 347 2434 accensis
371 2375 508 2433 candelis
532 2375 722 2449 demumque
745 2376 888 2433 extinctis
918 2382 949 2432 et
979 2377 1010 2433 in
1042 2383 1157 2433 terram
1189 2375 1342 2448 proiectis,
1375 2374 1479 2446 pulsa-

216 2478 315 2555 tisque
340 2482 501 2555 campanis
525 2482 555 2538 in
578 2482 716 2540 ecclesiis
739 2482 851 2540 vestris
875 2497 910 2539 ac
934 2482 1128 2539 monasteriis
1152 2487 1182 2538 et
1205 2481 1335 2554 capellis
1353 2480 1479 2554 publice

209 2592 239 2644 et
263 2589 295 2646 in
320 2587 509 2645 umbonibus
532 2586 723 2645 denuncietis
746 2593 776 2645 et
800 2587 977 2646 denunciari
1009 2582 1128 2645 faciatis
1153 2589 1182 2644 in
1206 2588 1330 2660 signum
1355 2602 1479 2659 perver-

207 2694 314 2752 sitatis
338 2693 480 2767 ipsorum
503 2693 636 2765 singulis
658 2694 768 2752 diebus
792 2694 955 2752 dominicis
979 2702 1008 2752 et
1039 2695 1165 2764 festivis,
1197 2696 1343 2767 precipue
1375 2700 1479 2750 tamen

201 2807 267 2860 vos
293 2808 356 2859 tres
379 2800 535 2874 capellani
557 2801 625 2858 sive
647 2806 783 2858 rectores
806 2802 926 2875 capelle
949 2801 1046 2859 sancti
1071 2801 1165 2858 Marci
1183 2800 1383 2872 ewangeliste
1399 2799 1479 2856 dicte

194 2914 355 2975 pretense
378 2906 512 2964 civitatis
535 2913 565 2964 et
588 2908 702 2965 montis
726 2907 888 2965 Grecensis
920 2912 951 2964 et
981 2907 1115 2979 quilibet
1151 2912 1289 2964 vestrum
1325 2907 1475 2976 effective,

189 3005 385 3073 inhibentes
410 3013 501 3070 vobis
524 3029 669 3087 expresse
699 3013 759 3071 sub
782 3014 877 3072 simili
900 3021 930 3071 et
954 3014 1206 3071 incarceracionis
1229 3028 1264 3069 ac
1289 3013 1478 3086 privacionis

188 3120 306 3178 officii
332 3126 362 3177 et
386 3119 528 3177 beneficii
552 3120 639 3193 penis
662 3125 692 3176 et
715 3120 908 3193 quibuslibet
932 3119 1002 3176 aliis
1025 3136 1062 3176 ue
1083 3119 1113 3176 in
1130 3119 1211 3176 dicta
1228 3120 1378 3189 sacrilega
1402 3119 1477 3176 civi-

189 3226 272 3286 tate
296 3232 350 3284 aut
372 3241 478 3283 coram
496 3227 566 3300 ipso
582 3226 700 3300 populo
713 3242 767 3283 seu
779 3228 929 3298 sacrilega
942 3227 1161 3284 communitate
1174 3227 1240 3283 sive
1252 3226 1321 3282 loco
1338 3226 1477 3299 ipsorum

190 3340 262 3391 aut
286 3333 482 3405 quibuslibet
505 3332 575 3390 aliis
591 3334 646 3390 ubi
658 3343 687 3390 et
703 3333 733 3390 in
747 3334 861 3406 quibus
874 3348 995 3391 moram
1013 3334 1170 3402 traxerint,
1188 3332 1422 3406 pertransierint
1446 3338 1476 3389 et

195 3438 363 3513 quamdiu
387 3439 431 3497 ibi
455 3440 624 3497 manserint
647 3440 792 3497 continuo
815 3455 851 3496 ac
874 3438 1002 3496 demum
1027 3439 1243 3512 pertriduum
1276 3445 1345 3512 post
1369 3453 1476 3495 eorum

198 3549 252 3604 ab
275 3545 347 3604 inde
370 3562 526 3604 recessum
551 3547 602 3604 vel
626 3561 733 3604 coram
756 3547 832 3620 ipsis
855 3546 1130 3605 excommunicatis
1147 3546 1252 3602 divina
1269 3543 1373 3601 officia
1397 3545 1475 3601 cele·

208 3654 304 3712 brare
327 3660 380 3711 aut
411 3653 520 3727 pocius
552 3653 748 3727 prophanare
782 3651 1006 3726 quoquomodo
1041 3652 1261 3725 presummatis
1296 3657 1348 3707 aut
1383 3651 1476 3708 ceteri

214 3766 401 3833 presumant,
426 3775 481 3817 nec
503 3759 565 3816 alia
581 3774 704 3832 queque
720 3757 789 3834 jura
805 3758 1010 3816 ecclesiastica
1027 3773 1169 3814 exercere
1185 3756 1304 3814 ibidem
1320 3763 1349 3813 et
1372 3771 1478 3813 coram

213 3866 256 3921 eis
278 3881 315 3923 ac
338 3864 456 3922 eisdem
480 3865 656 3923 ministrare
679 3864 815 3939 demptis
839 3865 1009 3934 dumtaxat,
1033 3879 1094 3936 que
1117 3863 1154 3920 de
1178 3860 1245 3937 jure
1269 3862 1384 3919 talibus
1408 3877 1478 3934 per·

215 3973 378 4029 mittuntur
399 3972 484 4046 ipsis,
509 3971 724 4029 firmissimum
756 3977 787 4029 et
816 3973 995 4030 continuum
1026 3970 1271 4027 ecclesiasticum
1304 3968 1478 4041 predictum

214 4078 414 4136 observantes
438 4077 645 4148 interdictum,
671 4077 819 4135 cessando
843 4093 967 4151 quoque
988 4077 1112 4134 interim
1137 4082 1166 4132 et
1197 4091 1321 4148 semper
1352 4077 1476 4149 penitus

215 4198 232 4240 a
253 4184 375 4255 divinis,
400 4191 561 4242 monentes
584 4190 726 4257 preterea
749 4199 856 4242 omnes
881 4189 910 4240 et
935 4183 1075 4255 singulos
1098 4182 1176 4239 alios
1210 4182 1326 4239 Christi
1360 4182 1476 4252 fideles,

215 4305 302 4348 sexus
325 4291 487 4363 utriusque
511 4291 659 4359 homines,
684 4306 762 4363 quos
784 4297 814 4348 et
838 4305 892 4348 nos
924 4296 953 4347 et
986 4290 1158 4362 quemlibet
1194 4290 1334 4362 ipsorum
1372 4296 1477 4347 tenore

217 4397 407 4469 presencium
432 4396 545 4470 primo,
569 4396 712 4467 secundo
737 4398 832 4454 tercio
856 4403 886 4454 et
918 4398 1016 4453 eciam
1048 4397 1258 4469 peremptorie
1291 4396 1477 4466 requirimus

215 4508 242 4558 et
263 4516 426 4560 monemus
447 4502 553 4575 eisque
575 4509 604 4560 et
626 4502 755 4560 cuilibet
778 4504 916 4577 ipsorum
942 4504 972 4560 in
997 4502 1110 4559 virtute
1133 4508 1236 4558 sancte
1253 4500 1431 4558 obediencie
1447 4507 1477 4557 et

216 4609 270 4667 sub
293 4609 625 4668 excommunicacionis
647 4624 734 4683 pena,
759 4625 853 4683 quam
876 4609 906 4666 in
942 4608 1194 4665 contrafacientes
1228 4609 1323 4664 trium
1355 4605 1477 4662 dierum

215 4718 355 4776 canonica
379 4717 554 4775 monicione
578 4719 730 4792 premissa
752 4716 881 4774 ferimus
905 4717 1003 4773 eciam
1033 4715 1063 4773 in
1088 4715 1146 4772 hiis
1182 4713 1313 4786 scriptis,
1338 4712 1476 4769 districte

215 4823 417 4899 precipientes
440 4821 621 4881 mandantes
644 4827 675 4881 et
697 4823 872 4881 inhibentes
894 4838 932 4879 ne
948 4822 992 4879 sic
1008 4819 1284 4878 excommunicatis
1308 4818 1360 4875 vel
1383 4819 1476 4876 inter·
