3278 5348
586 445 1121 528 mfflmoeom
1406 463 1468 523 m

203 672 349 730 ventibus
373 668 604 728 canonicalibus
627 682 684 743 per
706 667 862 742 integrum
884 683 1010 728 annum.
1035 665 1236 726 Prebendarii
1258 677 1334 722 vero
1361 669 1392 722 et
1414 662 1469 722 alii

203 778 307 836 clerici
338 776 466 835 ecclesie
495 772 748 833 contrafacientes
780 778 935 848 ponantur
956 772 995 831 ad
1020 773 1131 832 turrim
1163 787 1219 846 per
1242 767 1389 841 triduum,
1413 768 1469 828 ubi

203 883 337 941 ieiunent
360 883 392 941 in
415 896 495 956 pane
517 885 548 939 et
570 895 651 953 aqua
674 896 733 955 per
754 878 880 939 eosdem
903 885 966 938 tres
990 880 1062 939 dies.
1086 879 1124 937 Et
1145 879 1205 937 hoc
1227 879 1398 949 exequatur
1413 873 1468 933 do·

202 989 306 1046 minus
329 988 463 1046 vicarius
486 1002 545 1061 pro
568 992 709 1061 tempore
732 987 923 1045 constitutus.

309 1093 446 1152 Fandem
470 1108 583 1167 penam
607 1093 769 1166 pacientur
791 1091 910 1151 domini
933 1093 1040 1152 etalii
1063 1091 1175 1162 clerici,
1200 1089 1307 1164 quiin
1330 1088 1467 1147 tabernis

201 1200 240 1257 de
262 1204 365 1258 cetero
388 1200 428 1258 ad
450 1199 591 1258 tabulam
615 1200 752 1258 luserint

306 1353 384 1402 Liber
403 1353 497 1401 rubeus
517 1368 574 1405 ven.
594 1352 677 1417 Capit.
697 1352 797 1416 zagrab.
819 1354 849 1401 In
867 1352 963 1404 archiv.
981 1353 1042 1404 incl.
1062 1353 1147 1403 Acad.
1167 1351 1255 1402 Scieut
1282 1349 1352 1401 Slav.
1372 1349 1454 1398 merid

792 1583 881 1651 338.

302 1727 384 1776 Anno
405 1726 480 1788 1484,
503 1736 543 1791 15.
559 1725 641 1790 Junii.
661 1724 809 1788 Zagmbiae.

198 1853 342 1912 Robertus
358 1852 542 1926 praepositus
546 1858 672 1925 propter
693 1850 808 1909 diuersa
830 1851 937 1909 scelera
956 1848 1056 1923 gradu
1078 1847 1213 1923 deseritur
1233 1854 1260 1904 et
1281 1845 1414 1921 beneficio
1429 1863 1463 1903 ac

529 1957 734 2032 capitulanicm
756 1976 776 2014 a
797 1957 943 2016 consorcia
965 1954 1134 2013 excludetur.

301 2105 391 2161 Anno
414 2101 532 2160 domini
559 2101 651 2177 1484.
674 2099 752 2159 feria
767 2102 863 2159 tercia
878 2100 1024 2175 proxima
1039 2104 1110 2158 ante
1125 2097 1239 2156 testum
1261 2096 1461 2155 sacratissimi

196 2209 336 2284 corporis
359 2207 484 2278 Christi,
508 2206 626 2266 domini
644 2207 856 2281 capitulariter
872 2207 1097 2278 concluserunt,
1114 2203 1199 2280 quod
1215 2204 1288 2278 quia
1306 2203 1461 2261 Robertus

192 2316 370 2392 prepositus
393 2320 523 2388 propter
545 2314 737 2373 invasionem
759 2315 914 2373 bonorum
937 2318 968 2373 et
990 2313 1075 2371 curie
1090 2310 1224 2371 condam
1245 2309 1364 2369 domini
1387 2308 1460 2367 Bar·

193 2421 344 2481 tholomei
367 2419 499 2478 cantoris
522 2435 690 2494 suspensus
712 2425 757 2478 est
780 2434 798 2477 a
821 2418 889 2495 jure
912 2434 948 2477 ac
970 2418 1075 2478 officio
1090 2424 1121 2476 et
1137 2416 1297 2487 beneficio,
1313 2422 1344 2474 et
1359 2416 1457 2474 eciam

191 2527 475 2588 excommunicatus
492 2532 622 2600 propter
637 2526 915 2585 incarceracionem
930 2531 960 2585 et
976 2525 1188 2583 detencionem
1199 2527 1356 2582 certorum
1368 2537 1455 2595 pres·

192 2635 364 2693 biterorum
388 2647 424 2691 ac
454 2633 552 2691 eciam
586 2633 781 2691 iniectionem
810 2633 1017 2692 violentarum
1051 2646 1201 2690 manuum
1233 2630 1264 2687 in
1288 2625 1454 2701 quemdam

192 2739 321 2798 fratrem
344 2736 461 2797 ordinis
484 2739 580 2797 sancti
603 2739 757 2797 Francisci
787 2739 953 2811 minorum,
975 2739 1072 2797 eciam
1103 2741 1233 2811 propter
1263 2734 1328 2793 eius
1359 2732 1456 2791 mani·

191 2844 305 2904 testum
328 2845 499 2920 periurium
515 2850 545 2902 et
562 2844 698 2918 plurima
715 2846 780 2903 eius
803 2846 932 2903 crimina
941 2863 949 2916 ;
965 2844 1109 2902 similiter
1124 2843 1221 2901 eciam
1237 2841 1337 2900 abbas
1349 2841 1457 2899 Petrus

190 2951 369 3009 monasterii
403 2952 491 3009 beate
519 2951 648 3023 virginis
683 2959 812 3028 propter
842 2952 996 3009 notoriam
1026 2951 1221 3009 iniectionem
1246 2949 1455 3007 violentarum

190 3073 338 3115 manuum
362 3057 393 3114 in
416 3056 579 3115 dominum
602 3058 752 3116 Mathiam
783 3058 993 3132 presbiterum
1023 3062 1069 3115 est
1104 3055 1389 3114 excommunicatus
1423 3060 1454 3113 et

189 3162 378 3234 interdictus,
401 3162 470 3221 ideo
494 3164 526 3221 in
549 3162 663 3222 divinis
686 3163 798 3223 officiis
820 3164 984 3240 presertim
1006 3164 1083 3237 ipsis
1108 3168 1138 3220 et
1153 3176 1263 3220 eorum
1277 3160 1369 3219 alteri
1390 3174 1452 3219 non

190 3269 444 3341 communicetur,
468 3273 498 3328 et
522 3270 548 3328 si
571 3276 678 3328 contra
700 3272 779 3328 hanc
802 3271 1033 3329 conclusionem
1056 3270 1169 3344 aliquis
1204 3268 1452 3340 contrariaretur‚

188 3375 339 3433 conclusit
362 3375 544 3450 capitulum,
568 3375 653 3448 quod
676 3376 748 3435 talis
772 3392 827 3450 per
849 3378 1005 3450 integrum
1028 3390 1143 3434 annum
1168 3380 1271 3433 careat
1293 3374 1453 3433 consorcio

193 3479 325 3539 lratrum
349 3487 379 3540 et
402 3482 548 3539 omnibus
571 3483 783 3556 proventibus.

292 3633 371 3682 Liber
389 3633 484 3682 rubeus
503 3650 560 3684 ven.
580 3636 688 3700 capituli
706 3637 768 3687 eccl.
796 3637 978 3700 zagrabiensis.
998 3638 1030 3686 In
1048 3637 1144 3688 archiv.
1173 3637 1235 3687 incl.
1261 3636 1346 3687 Acad.
1366 3636 1451 3687 Scien.

190 3722 259 3772 Slav.
279 3723 368 3774 merid.

773 3957 861 4023 339.

290 4109 371 4161 Anno
393 4114 467 4176 1484,
489 4126 511 4176 3.
531 4114 682 4168 decembris.
700 4118 846 4181 Zagrnbiae.

187 4235 323 4295 Mathias
347 4237 441 4299 Gereb
470 4241 571 4314 banus,
602 4245 731 4304 omnibus
752 4246 896 4305 nobilibus
918 4247 1038 4319 tributa,
1060 4266 1134 4323 quac
1156 4267 1175 4305 a
1198 4250 1307 4308 crhibus
1328 4252 1446 4326 sagrab.

361 4354 461 4405 contra
483 4349 571 4423 legem
594 4353 722 4425 exigant,
743 4370 802 4410 sese
823 4361 1026 4427 occupaturum
1048 4372 1114 4424 esse,
1136 4356 1275 4414 minatur.

288 4488 352 4547 Nos
382 4491 514 4550 Mathias
546 4492 650 4553 Gereb
680 4495 718 4553 de
747 4496 907 4568 Vingarth,
936 4512 1103 4571 regnorum
1127 4499 1296 4573 Dalmacie,
1320 4500 1447 4563 Croacie

182 4598 213 4652 et
235 4592 400 4656 Sclauonie
421 4598 530 4657 banus.
556 4600 717 4660 Universis
737 4607 767 4661 et
789 4603 918 4676 singulis
941 4604 1101 4664 nobilibus
1124 4610 1154 4664 et
1169 4606 1296 4665 alterius
1310 4609 1446 4669 cuiusvis

186 4704 285 4759 status
308 4705 339 4761 et
370 4703 559 4764 condicionis
589 4707 769 4767 hominibus
800 4709 915 4768 tributa
939 4726 993 4768 seu
1015 4710 1152 4770 thelonia
1175 4712 1208 4771 in
1230 4712 1320 4773 dictis
1342 4717 1445 4789 regnis

183 4799 312 4866 Croacie
334 4815 363 4866 et
387 4808 551 4871 Sclauonie
573 4813 768 4888 habentibus,
792 4816 966 4875 tenentibus
995 4833 1049 4875 seu
1079 4818 1273 4892 exigentibus
1303 4820 1445 4883 salutem.

181 4908 334 4987 Quamvis
359 4914 527 4990 prudentes
550 4924 581 4978 et
603 4919 821 4998 circumspecti
843 4921 945 4996 iudex,
967 4921 1070 5003 jurati,
1085 4925 1240 5000 ceterique
1255 4926 1346 5000 cives,
1363 4942 1445 4988 mer·
