3278 5348
194 415 252 474 104
622 395 693 452 Dor.
718 388 770 449 80.
794 427 836 436 -
861 394 917 451 An.
942 406 1032 471 1434.

190 615 280 673 vobis
303 619 332 671 et
356 613 437 686 parti
462 610 591 669 adverse
614 609 825 668 satisfacturos
857 614 963 668 eontra
993 607 1177 667 honorabile
1212 607 1389 683 capitulum
1412 624 1457 666 ec·

189 721 281 779 clesie
303 718 510 792 zagrabiensis
531 716 568 774 ad
593 722 718 774 octavas
751 717 819 774 testi
854 718 936 774 beati
972 715 1131 774 Michaelis
1162 715 1345 789 archangeli
1370 721 1457 772 'nunc

188 832 343 899 venturas,
367 830 469 882 vestre
505 824 676 882 serenitatis
700 830 857 882 evocasset
882 825 911 881 in
936 822 1135 898 presenciam.
1158 821 1277 879 Datum
1300 826 1390 879 sexto
1409 819 1457 878 die

189 935 249 993 diei
273 933 465 992 evocacionis
488 931 649 990 antedicte.
674 932 765 989 Anno
798 929 915 987 domini
946 927 1115 986 millesimo
1151 925 1457 1001 quadringentesimo

190 1043 347 1099 tricesimo
370 1046 491 1112 quarto.

296 1142 338 1208 (A
367 1143 462 1203 tergo),
486 1143 621 1202 Domino
646 1145 720 1215 regi,
744 1157 802 1215 pro
825 1140 1002 1199 honorabili
1026 1140 1163 1215 capitulo
1188 1139 1319 1198 ecclesie
1353 1153 1456 1213 ragra-

190 1253 313 1324 biensis‚
338 1256 444 1308 contra
466 1249 666 1323 Stephanum,
692 1248 792 1306 filium
817 1246 976 1304 Michaelis
1000 1246 1184 1304 modernum
1214 1243 1352 1321 judicem
1383 1247 1455 1303 civi·

189 1361 260 1418 tatis
285 1359 397 1416 montis
420 1356 582 1416 Grecensis
605 1355 644 1412 de
675 1355 761 1430 juxta
787 1354 972 1426 Zagrabiam
1003 1359 1033 1410 et
1063 1353 1142 1411 alios
1173 1353 1392 1427 intrascriptos
1414 1351 1453 1409 ad

188 1473 313 1523 octavas
338 1463 407 1521 sesti
432 1464 515 1520 beati
539 1463 698 1519 Michaelis
721 1460 900 1533 archangeli
921 1460 1113 1517 evocacionis
1136 1459 1253 1517 relatio.

293 1616 426 1681 Originale
444 1618 472 1664 iu
490 1616 584 1665 charta.
605 1618 632 1664 A
652 1622 724 1679 tergo
743 1615 880 1678 vestigium
899 1614 1017 1679 impressi
1036 1612 1124 1677 sigilli.
1144 1615 1176 1662 Iu
1201 1613 1271 1664 arch.
1291 1628 1349 1664 ven.
1369 1612 1452 1678 Capit.

191 1706 253 1757 eccl.
272 1706 372 1770 zagrab.
395 1706 455 1755 Act.
476 1706 538 1768 Cap.
559 1712 610 1755 aut.
631 1705 690 1755 fasc.
711 1704 734 1756 6,
755 1720 799 1754 nr..
814 1716 854 1768 25.

785 1934 849 2000 80.

294 2025 376 2074 Auno
401 2036 475 2087 1434.

256 2152 390 2227 lajariae
412 2170 430 2206 a
454 2152 577 2223 capitulo
600 2151 716 2221 zegrab.
740 2150 846 2207 civr'bus
875 2145 1066 2207 Cretensibus
1088 2149 1199 2218 illatae,
1223 2149 1401 2222 reseruntur.

291 2296 377 2366 ltem,
395 2297 424 2352 in
441 2310 520 2352 anno
536 2295 655 2353 domini
672 2295 842 2352 millesimo
859 2293 1053 2351 CCCCXXX
1070 2298 1190 2368 quarto,
1216 2298 1358 2368 tempore
1379 2293 1456 2352 iudi·

187 2408 273 2459 catus
291 2402 349 2458 viri
374 2401 498 2474 providi
522 2406 552 2458 et
575 2402 791 2474 circumspecti
807 2401 964 2484 Johannis,
995 2399 1053 2458 filii
1077 2400 1163 2471 Pero,
1190 2395 1386 2458 honorabilis
1409 2400 1456 2458 vir

189 2507 333 2564 dominus
358 2507 465 2565 Petrus
489 2506 722 2565 archidiaconus
745 2507 920 2565 dubicensis
945 2523 983 2564 ex
1007 2508 1084 2564 scitu
1108 2514 1138 2563 et
1161 2507 1324 2564 voluntate
1357 2507 1454 2564 tocius

187 2614 316 2686 capituli
339 2614 466 2671 ecclesie
483 2614 698 2686 zagrabiensis,
716 2613 884 2686 quemdam
907 2614 1010 2670 civem
1025 2613 1159 2670 civitatis
1177 2610 1306 2686 prefate,
1329 2614 1455 2671 nomine

186 2720 358 2801 Johanncm
383 2721 500 2789 Plusar,
525 2721 642 2792 absque
677 2722 762 2777 omni
791 2720 884 2792 culpa
917 2734 971 2776 sua
1002 2718 1181 2777 crudelibus
1213 2726 1243 2776 et
1273 2721 1455 2778 enormibus

185 2826 351 2884 vulnerum
376 2828 477 2900 plagis
501 2827 660 2896 affecisset,
686 2829 789 2900 ipsum
806 2827 994 2884 semivivum
1009 2825 1234 2901 relinquendo;
1250 2828 1305 2899 qui
1327 2826 1454 2886 tandem

187 2940 255 3004 post
280 2935 443 3007 paululum
469 2936 618 3007 temporis
643 2950 679 2990 ex
704 2933 811 2991 eadem
837 2934 1019 3007 plagacione
1043 2933 1209 2992 vulnerum
1235 2935 1333 2991 vitam
1369 2948 1458 2992 suam

186 3036 288 3098 finivit
319 3042 532 3114 temporalem.
565 3041 630 3098 Lite
666 3048 769 3098 tamen
809 3042 887 3098 inter
923 3042 1005 3098 cives
1036 3041 1192 3115 predictos
1220 3048 1251 3098 et
1283 3042 1459 3116 capitulum

189 3148 347 3221 mmmm

293 3255 377 3322 Item,
403 3252 511 3310 eodem
537 3268 615 3310 anno
640 3260 668 3310 et
694 3253 838 3323 iudicatu,
869 3253 1018 3311 discretus
1052 3255 1102 3311 vir
1134 3253 1277 3311 dominus
1307 3254 1455 3314 Nicolaus

186 3358 417 3432 prebendarius,
442 3359 622 3431 capellanus
646 3360 837 3417 honorabilis
862 3362 921 3417 viri
946 3359 1063 3418 domini
1094 3360 1204 3443 Jacobi
1234 3360 1273 3418 de
1299 3342 1462 3420 Zerdahel⁸

187 3467 323 3523 canonici
347 3466 474 3522 ecclesie
497 3469 703 3538 zagrabiensis
727 3476 895 3540 prenotate,
928 3483 965 3524 ex
989 3469 1066 3525 scitu
1090 3474 1120 3526 et
1143 3468 1303 3525 voluntate
1340 3467 1456 3541 prelati

185 3569 303 3627 domini
325 3571 433 3652 Jacobi
458 3585 493 3627 ac
516 3573 611 3644 ipsius
636 3574 734 3629 tocius
757 3573 894 3645 capituli,
921 3573 1090 3647 quemdam
1116 3577 1217 3632 civem
1233 3575 1368 3632 civitatis
1385 3590 1456 3648 pre·

187 3675 274 3745 dicte,
311 3677 433 3731 nomine
470 3677 645 3746 Martinum,
681 3684 826 3748 sutorem,
863 3681 893 3736 in
926 3682 1081 3738 territorio
1116 3681 1245 3755 capituli
1280 3689 1454 3754 repertum,

186 3782 303 3853 absque
327 3782 409 3838 omni
436 3783 527 3855 culpa
544 3799 598 3839 sua
615 3784 680 3841 dire
705 3792 733 3841 et
751 3785 917 3844 crudeliter
937 3789 1114 3846 verberavit
1139 3794 1168 3845 ct
1191 3788 1334 3862 plagavit
1351 3803 1450 3861 usque

184 3886 222 3943 ad
247 3889 403 3958 sanguinis
435 3889 624 3959 effusionem,
657 3894 798 3963 potencia
834 3893 996 3951 mediante.
1029 3895 1095 3952 Lite
1128 3900 1231 3951 tamen
1266 3895 1344 3952 inter
1370 3895 1455 3954 cives

186 4001 214 4050 et
238 3995 410 4067 capitulum
434 3995 592 4068 pendente.

290 4101 377 4171 item,
402 4102 431 4157 in
456 4117 535 4159 anuo
559 4102 675 4159 domini
708 4106 877 4164 millesimo
901 4106 1093 4164 CCCCXXX
1117 4112 1237 4179 quarto,
1261 4121 1342 4164 nunc
1377 4123 1450 4184 pro·

186 4208 269 4264 xime
292 4207 408 4280 elapso,
432 4214 572 4281 tempore
596 4210 748 4268 iudicatus
777 4212 888 4288 judicis
918 4213 1073 4298 Johannis‚
1104 4213 1164 4271 filii
1195 4213 1280 4285 Pero,
1313 4214 1457 4274 homines

185 4319 214 4371 et
238 4313 407 4371 familiares
431 4314 548 4372 domiui
564 4314 707 4389 Gregorii
723 4320 857 4378 custodis
882 4328 911 4378 et
927 4322 1064 4379 canonici
1086 4320 1213 4377 ecclesie
1233 4322 1452 4395 zagrabiensis,

185 4420 266 4477 circa
289 4419 401 4477 festum
426 4423 522 4480 sancti
547 4424 704 4481 Michaelis
721 4427 899 4498 archangeli
916 4443 987 4484 cum
1003 4429 1073 4484 aliis
1090 4426 1298 4485 familiaribus
1315 4428 1454 4487 aliorum

185 4525 383 4584 dominorum
407 4529 534 4601 capituli
560 4532 721 4602 prenotati,
746 4533 829 4589 clara
847 4533 908 4591 dici
925 4534 1001 4604 lucc,
1018 4533 1169 4606 quosdam
1187 4539 1288 4591 certos
1311 4536 1456 4595 concives

184 4638 213 4689 et
236 4632 463 4690 cohabitatores
486 4643 616 4706 nostros,
640 4637 798 4697 videlicet:
824 4639 1023 4698 Benedictum
1053 4640 1219 4714 Dudinych
1256 4655 1328 4698 cum
1360 4642 1456 4701 certis

182 4738 272 4795 sociis
296 4740 358 4795 suis
383 4740 412 4796 in
437 4754 547 4813 campo
570 4747 599 4797 et
625 4745 779 4801 territorio
802 4747 934 4804 civitatis
958 4748 987 4803 in
1011 4747 1132 4819 pascuis
1155 4745 1293 4805 eiusdem
1319 4747 1456 4807 civitatis

182 4845 400 4902 communibus
425 4852 572 4921 repertos,
597 4849 716 4922 absque
739 4852 823 4907 omni
847 4852 939 4926 culpa
964 4867 1082 4923 eorum,
1114 4852 1188 4909 diris
1220 4852 1391 4911 verberum
1424 4860 1456 4913 et
