3278 5348
568 427 827 503 Doc.1o2.103.
854 460 889 470 -
917 423 1087 504 An.1436.

783 637 868 703 102.

297 781 378 829 Anno
399 779 474 843 1436,
494 792 535 843 23.
555 779 686 832 Octobris.
705 777 953 842 Quinqueecclesiis.

197 889 301 947 Coram
324 890 448 962 capriulo
470 889 752 964 quinqueccclcsiensi
772 889 883 960 legatus
903 888 1026 962 capituli
1045 888 1243 962 ragrabr‘ensri
1259 889 1292 946 de
1307 889 1459 948 donam

231 986 274 1067 ‘et
284 979 389 1053 fructu
411 979 505 1037 castri
524 974 658 1036 Mcdoed
676 985 778 1036 contra
800 977 907 1035 nobiles
928 977 1052 1035 Albanos
1074 978 1300 1036 mtercessr'onem
1316 979 1408 1054 facti.

296 1122 359 1180 Nos
391 1121 564 1195 capitulum
595 1122 723 1180 ecclesie
755 1120 1093 1196 quinqueecclesiensis.
1115 1120 1266 1179 Memorio
1301 1136 1459 1180 commen·

190 1228 310 1299 damus,
334 1227 418 1302 quod
442 1228 635 1286 honorabilis
651 1228 701 1286 vir
716 1229 864 1301 magister
882 1227 1037 1285 Fabianus
1053 1226 1192 1285 eiusdem
1208 1227 1339 1286 ecclesie
1354 1234 1459 1286 nostre

191 1342 222 1392 et
244 1334 452 1407 zagrabiensis
487 1334 687 1392 ecclesiarum
718 1335 898 1405 canonicus,
927 1334 958 1391 in
982 1333 1086 1392 medio
1116 1334 1214 1392 nostri
1248 1335 1457 1408 personaliter

191 1441 374 1498 constitutus
390 1441 551 1513 egregium
567 1439 747 1512 Rodoifum‚
764 1439 865 1498 filium
882 1438 1009 1498 Rodolfi
1026 1439 1064 1498 de
1080 1440 1192 1512 Alben,
1208 1454 1244 1498 ac
1257 1439 1457 1500 Leonardum

188 1546 291 1604 filium
304 1546 451 1618 eiusdem,
467 1560 584 1603 necnon
602 1547 833 1606 serenissimum
846 1547 1023 1620 principem
1040 1545 1202 1604 dominum
1219 1544 1459 1620 sigismundum

191 1652 240 1710 dei
256 1653 358 1725 gracia
372 1652 583 1710 Romanorum
600 1653 820 1727 imperatorem
837 1667 873 1710 ac
888 1652 976 1725 regni
988 1653 1145 1725 Hungarie
1158 1659 1212 1711 etc.
1223 1667 1342 1725 regem,
1356 1651 1459 1711 domi·

91 1759 92 1762 ’
188 1775 262 1817 num
280 1757 426 1816 videlicet
440 1764 580 1816 nostrum
594 1759 866 1832 graciosissimum‚
878 1773 896 1816 a
906 1757 1083 1831 donacione,
1096 1758 1285 1832 vendicione,
1300 1758 1458 1834 impigno·
1486 1792 1496 1805 ι
1524 1784 1527 1788 ·

188 1864 310 1921 racione
322 1879 375 1920 seu
392 1865 502 1938 quavis
517 1864 706 1922 alienacione
722 1863 882 1923 cuiusdam
898 1864 993 1922 castri
1008 1863 1083 1922 dicti
1099 1865 1227 1938 capituli
1241 1865 1456 1938 zagrabiensis

189 1974 218 2026 et
238 1970 365 2027 ecclesie
389 1968 527 2027 eiusdem
550 1968 737 2027 Medwewar
753 1969 835 2041 dicti,
860 1971 890 2028 in
914 1972 1063 2029 comitatu
1086 1970 1278 2044 zagrabiensi
1301 1971 1403 2030 habiti
1426 1979 1455 2029 et

189 2076 356 2145 existentis,
379 2075 658 2148 universarumque
682 2076 832 2134 villarum
859 2082 889 2134 et
911 2078 1141 2151 possessionum
1158 2093 1194 2134 ac
1220 2077 1356 2135 aliarum
1373 2076 1457 2159 utiti-

188 2187 285 2239 tatum
305 2180 342 2238 ad
360 2180 444 2239 idem
468 2187 601 2238 castrum
618 2183 836 2256 spectancium,
852 2198 971 2241 necnon
987 2183 1137 2240 villarum
1153 2197 1206 2240 seu
1223 2183 1455 2255 possessionum

188 2286 385 2346 Szlannowcz
410 2292 439 2344 et
453 2285 641 2362 Zenthjacob
669 2294 917 2362 nuncupatarum
933 2288 965 2346 in
988 2288 1071 2347 dicto
1088 2289 1236 2346 comitatu
1260 2288 1456 2360 zagrabiensi

188 2394 398 2465 existencium‚
421 2409 537 2450 necnon
563 2393 636 2451 vadi
659 2410 712 2450 seu
737 2399 846 2468 portus
867 2393 954 2453 fluvii
971 2393 1052 2452 Zaue
1075 2396 1106 2452 in
1130 2394 1238 2452 eadem
1262 2393 1453 2470 Zenthjacob

187 2498 295 2568 habiti,
330 2506 572 2573 cunctarumque
602 2499 772 2557 utilitatum
804 2517 857 2557 seu
896 2508 1106 2575 proventuum
1136 2500 1175 2559 ad
1207 2515 1260 2558 eas
1289 2501 1455 2575 porciones

187 2604 384 2664 Szlannowcz
408 2611 438 2664 et
461 2603 649 2681 Zenthjacob
672 2607 913 2680 pertinencium
940 2607 1016 2666 item
1032 2607 1233 2681 magnificum
1250 2606 1455 2679 Fridericum,

188 2712 290 2769 filium
313 2711 444 2769 condam
469 2712 617 2769 Hermoni
653 2711 691 2768 de
725 2712 813 2782 Cilic,
837 2714 984 2771 comitem
1016 2713 1054 2771 de
1078 2713 1195 2784 eadem,
1218 2729 1254 2770 ac
1284 2713 1454 2793 ericum‚

188 2818 290 2876 filium
316 2817 452 2876 eiusdem
489 2823 518 2875 et
548 2818 626 2875 aiios
661 2819 819 2891 quoslibet
852 2819 893 2876 ab
928 2819 1098 2893 empcione,
1129 2835 1188 2894 pro
1222 2819 1455 2894 pignorumque

186 2925 365 3000 recepcione
389 2932 419 2981 et
442 2925 502 2982 sibi
525 2925 600 2998 ipsis
625 2925 736 2997 quovis
760 2925 823 2982 alio
846 2926 967 2999 quesito
990 2927 1050 2983 sub
1073 2926 1177 2984 colore
1213 2927 1455 3000 perpetuacione

186 3048 238 3089 scu
275 3030 534 3105 appropriacione
569 3030 780 3103 predictorum
816 3031 891 3088 catri
925 3030 1113 3089 Medwewar
1146 3047 1182 3088 ac
1220 3034 1455 3104 possessionum

186 3137 366 3195 Slannoocz
391 3144 420 3192 et
451 3133 637 3211 Zenthjacob
672 3137 910 3208 nominatarum,
945 3145 1188 3211 cunctarumque
1218 3139 1454 3212 possessionum

186 3258 221 3299 ac
244 3243 394 3301 villarum
418 3249 447 3298 et
482 3243 615 3299 aliarum
646 3243 815 3300 utilitatum
840 3243 877 3300 ad
914 3242 997 3300 idem
1032 3249 1168 3301 castrum
1191 3249 1222 3302 et
1251 3243 1352 3302 dictas
1376 3245 1454 3304 duas

186 3350 393 3422 possessiones
424 3349 643 3421 spectandum,
671 3365 854 3421 usuumque‚
880 3348 1036 3407 fructuum
1069 3356 1098 3407 et
1130 3351 1345 3423 quarumlibet
1368 3353 1453 3411 utiti-

188 3458 285 3509 tatum
310 3454 446 3511 eiusdem
472 3459 500 3511 et
524 3453 692 3511 earundem
724 3457 926 3528 percepcione
956 3463 986 3513 et
1017 3455 1275 3530 percipifaccione
1302 3459 1452 3532 qualiter·

186 3575 319 3632 cumque
345 3560 431 3618 iactis
456 3561 506 3617 vei
531 3560 640 3618 fiendis
665 3562 826 3634 prohibuit
849 3562 1086 3620 contradicendo
1110 3568 1139 3620 et
1163 3563 1351 3624 contradixit
1374 3566 1451 3624 inhi·

184 3664 287 3722 bendo
311 3665 435 3736 publice
459 3673 489 3722 et
504 3661 666 3723 manifeste
690 3682 795 3723 coram
820 3668 917 3724 nobis.
938 3667 1054 3724 Datum
1078 3667 1153 3726 teria
1187 3670 1282 3727 tercia
1306 3673 1450 3745 proxima

185 3779 255 3845 post
286 3771 398 3827 festum
421 3771 582 3827 beatarum
606 3772 749 3830 undecim
774 3773 911 3831 millium
932 3773 1098 3845 virginum.
1123 3776 1213 3832 Anno
1235 3774 1356 3836 domini
1380 3777 1449 3836 mil·

186 3878 298 3935 lesimo
322 3877 627 3950 quadringentesimo
650 3880 810 3950 trigesimo
833 3887 927 3938 sexto.

289 3996 364 4045 Bath.
385 3994 501 4046 Krtelie.
521 3997 591 4048 Hist.
611 3998 672 4048 eccl.
693 3998 793 4060 zagrab.
814 4013 838 4062 p.
853 3998 894 4059 69.
909 4000 947 4052 Iv.
961 3996 1132 4063 Kukuljevid.
1147 3999 1234 4049 Arkiv
1246 4017 1276 4049 za
1286 4003 1448 4067 povjestnieu

182 4085 391 4150 jugosinvensku,
411 4091 454 4136 str.
475 4098 515 4146 90.

776 4209 857 4277 103.

289 4353 368 4399 Anno
390 4354 464 4414 1436,
488 4364 508 4404 1.
529 4352 682 4400 novembris.
703 4353 851 4414 anrabine.

183 4462 219 4517 In
249 4461 348 4517 tabula
379 4461 486 4530 boriali,
517 4464 548 4517 in
580 4481 638 4535 qmz
668 4465 746 4518 inter
773 4465 931 4536 capitulum
961 4471 990 4521 et
1010 4465 1138 4525 cloriotae's
1160 4468 1390 4527 communitatem
1414 4470 1449 4526 lis

302 4549 450 4621 urebatur,
471 4552 626 4623 capitulum
648 4551 832 4623 crrgralricmc
847 4553 992 4627 jmd'crirm
1015 4553 1203 4627 differendum
1227 4564 1319 4622 curat.

288 4675 351 4733 Nos
375 4675 501 4732 Mathko
526 4676 563 4732 de
587 4676 744 4734 Tallowcz
763 4693 929 4750 regnorum
947 4680 1116 4752 Dalmacie‚
1141 4680 1270 4741 Croacie
1293 4690 1324 4741 et
1347 4685 1448 4743 tocius

181 4779 345 4840 Sclauonie
367 4783 465 4840 banus
479 4785 694 4841 ethemorie
718 4785 973 4842 commendamus
998 4802 1054 4859 per
1078 4794 1244 4861 presentes,
1268 4788 1446 4862 quodcum

181 4889 271 4946 nobis
294 4905 354 4946 una
377 4905 449 4946 cum
480 4889 644 4962 magnifico
677 4891 818 4961 Henrico,
843 4892 911 4950 filio
946 4893 1097 4965 wayuode
1131 4893 1170 4951 de
1203 4893 1355 4954 Thamasi
1389 4903 1449 4957 etc.
