<?xml version="1.0" encoding="UTF-8"?>
<!DOCTYPE html PUBLIC "-//W3C//DTD XHTML 1.0 Transitional//EN"
    "http://www.w3.org/TR/xhtml1/DTD/xhtml1-transitional.dtd">
<html xmlns="http://www.w3.org/1999/xhtml" xml:lang="en" lang="en">
 <head>
  <title>
</title>
<meta http-equiv="Content-Type" content="text/html;charset=utf-8" />
  <meta name='ocr-system' content='tesseract 3.04.00' />
  <meta name='ocr-capabilities' content='ocr_page ocr_carea ocr_par ocr_line ocrx_word'/>
</head>
<body>
  <div class='ocr_page' id='page_1' title='image "./monumentahistor01laszgoog_0779.png"; bbox 0 0 3278 5348; ppageno 0'>
   <div class='ocr_carea' id='block_1_1' title="bbox 185 414 1456 1992">
    <p class='ocr_par' dir='ltr' id='par_1_1' title="bbox 185 414 1456 1992">
     <span class='ocr_line' id='line_1_1' title="bbox 621 414 1449 496; baseline 0.005 -20"><span class='ocrx_word' id='word_1_1' title='bbox 621 419 694 477; x_wconf 85' lang='lat' dir='ltr'>Doc.</span> <span class='ocrx_word' id='word_1_2' title='bbox 711 414 791 494; x_wconf 77' lang='lat'><em>388.</em></span> <span class='ocrx_word' id='word_1_3' title='bbox 818 450 858 461; x_wconf 92' lang='lat'>-</span> <span class='ocrx_word' id='word_1_4' title='bbox 879 418 937 478; x_wconf 82' lang='lat' dir='ltr'>An.</span> <span class='ocrx_word' id='word_1_5' title='bbox 961 429 1052 496; x_wconf 71' lang='lat'><em>1497.</em></span> <span class='ocrx_word' id='word_1_6' title='bbox 1390 435 1449 491; x_wconf 82' lang='lat'>5¹1</span> 
     </span>
     <span class='ocr_line' id='line_1_2' title="bbox 187 633 1452 718; baseline 0.002 -24"><span class='ocrx_word' id='word_1_7' title='bbox 187 637 285 694; x_wconf 89' lang='lat' dir='ltr'>nostri</span> <span class='ocrx_word' id='word_1_8' title='bbox 308 634 425 709; x_wconf 79' lang='lat' dir='ltr'>egregii</span> <span class='ocrx_word' id='word_1_9' title='bbox 447 635 596 718; x_wconf 88' lang='lat' dir='ltr'>Johannis</span> <span class='ocrx_word' id='word_1_10' title='bbox 629 634 752 692; x_wconf 87' lang='lat' dir='ltr'>Thurzo</span> <span class='ocrx_word' id='word_1_11' title='bbox 776 633 815 691; x_wconf 94' lang='lat' dir='ltr'>de</span> <span class='ocrx_word' id='word_1_12' title='bbox 838 634 1062 707; x_wconf 89' lang='lat' dir='ltr'>Bethlenfalva,</span> <span class='ocrx_word' id='word_1_13' title='bbox 1085 635 1220 710; x_wconf 85' lang='lat' dir='ltr'>qualiter</span> <span class='ocrx_word' id='word_1_14' title='bbox 1242 639 1310 711; x_wconf 87' lang='lat' dir='ltr'>ipse</span> <span class='ocrx_word' id='word_1_15' title='bbox 1334 645 1452 696; x_wconf 88' lang='lat' dir='ltr'>certam</span> 
     </span>
     <span class='ocr_line' id='line_1_3' title="bbox 188 738 1456 816; baseline 0.002 -16"><span class='ocrx_word' id='word_1_16' title='bbox 188 748 219 800; x_wconf 94' lang='lat' dir='ltr'>et</span> <span class='ocrx_word' id='word_1_17' title='bbox 240 757 302 801; x_wconf 91' lang='lat' dir='ltr'>non</span> <span class='ocrx_word' id='word_1_18' title='bbox 325 741 483 799; x_wconf 84' lang='lat' dir='ltr'><strong>modicam</strong></span> <span class='ocrx_word' id='word_1_19' title='bbox 517 741 720 812; x_wconf 76' lang='lat' dir='ltr'>quantitatem</span> <span class='ocrx_word' id='word_1_20' title='bbox 752 740 841 813; x_wconf 90' lang='lat' dir='ltr'>cupri</span> <span class='ocrx_word' id='word_1_21' title='bbox 871 738 1015 813; x_wconf 84' lang='lat' dir='ltr'>Segniam</span> <span class='ocrx_word' id='word_1_22' title='bbox 1051 758 1149 816; x_wconf 89' lang='lat' dir='ltr'>usque</span> <span class='ocrx_word' id='word_1_23' title='bbox 1184 744 1307 802; x_wconf 89' lang='lat' dir='ltr'>mittere</span> <span class='ocrx_word' id='word_1_24' title='bbox 1341 744 1456 803; x_wconf 88' lang='lat' dir='ltr'>consti·</span> 
     </span>
     <span class='ocr_line' id='line_1_4' title="bbox 186 844 1452 920; baseline 0.002 -14"><span class='ocrx_word' id='word_1_25' title='bbox 186 848 304 920; x_wconf 90' lang='lat' dir='ltr'>tuisset,</span> <span class='ocrx_word' id='word_1_26' title='bbox 334 847 390 906; x_wconf 90' lang='lat' dir='ltr'>sed</span> <span class='ocrx_word' id='word_1_27' title='bbox 420 846 525 905; x_wconf 88' lang='lat' dir='ltr'>audita</span> <span class='ocrx_word' id='word_1_28' title='bbox 556 844 648 917; x_wconf 90' lang='lat' dir='ltr'>fama,</span> <span class='ocrx_word' id='word_1_29' title='bbox 679 845 763 919; x_wconf 93' lang='lat' dir='ltr'>quod</span> <span class='ocrx_word' id='word_1_30' title='bbox 785 860 842 904; x_wconf 90' lang='lat' dir='ltr'>nos</span> <span class='ocrx_word' id='word_1_31' title='bbox 864 847 896 904; x_wconf 93' lang='lat' dir='ltr'>in</span> <span class='ocrx_word' id='word_1_32' title='bbox 917 847 982 906; x_wconf 91' lang='lat' dir='ltr'>illis</span> <span class='ocrx_word' id='word_1_33' title='bbox 1004 848 1107 920; x_wconf 84' lang='lat' dir='ltr'>regnis</span> <span class='ocrx_word' id='word_1_34' title='bbox 1130 850 1243 907; x_wconf 91' lang='lat' dir='ltr'>nostris</span> <span class='ocrx_word' id='word_1_35' title='bbox 1266 847 1397 908; x_wconf 90' lang='lat' dir='ltr'>Croacie</span> <span class='ocrx_word' id='word_1_36' title='bbox 1421 855 1452 908; x_wconf 91' lang='lat' dir='ltr'>et</span> 
     </span>
     <span class='ocr_line' id='line_1_5' title="bbox 187 951 1454 1026; baseline 0.003 -14"><span class='ocrx_word' id='word_1_37' title='bbox 187 953 355 1012; x_wconf 92' lang='lat' dir='ltr'>Sclavonie</span> <span class='ocrx_word' id='word_1_38' title='bbox 374 968 471 1010; x_wconf 89' lang='lat' dir='ltr'>unum</span> <span class='ocrx_word' id='word_1_39' title='bbox 502 952 601 1010; x_wconf 90' lang='lat' dir='ltr'>aliurn</span> <span class='ocrx_word' id='word_1_40' title='bbox 632 993 768 1010; x_wconf 93' lang='grc'><strong>.....</strong></span> <span class='ocrx_word' id='word_1_41' title='bbox 799 952 917 1009; x_wconf 91' lang='lat' dir='ltr'>banum</span> <span class='ocrx_word' id='word_1_42' title='bbox 948 951 1195 1026; x_wconf 85' lang='lat' dir='ltr'>destinassemus,</span> <span class='ocrx_word' id='word_1_43' title='bbox 1218 955 1300 1014; x_wconf 91' lang='lat' dir='ltr'>unde</span> <span class='ocrx_word' id='word_1_44' title='bbox 1330 957 1454 1016; x_wconf 89' lang='lat' dir='ltr'>evenire</span> 
     </span>
     <span class='ocr_line' id='line_1_6' title="bbox 187 1058 1451 1139; baseline 0.004 -22"><span class='ocrx_word' id='word_1_45' title='bbox 187 1058 325 1118; x_wconf 88' lang='lat' dir='ltr'>fortassis</span> <span class='ocrx_word' id='word_1_46' title='bbox 348 1065 460 1132; x_wconf 88' lang='lat' dir='ltr'>posset,</span> <span class='ocrx_word' id='word_1_47' title='bbox 484 1058 570 1132; x_wconf 91' lang='lat' dir='ltr'>quod</span> <span class='ocrx_word' id='word_1_48' title='bbox 599 1058 730 1116; x_wconf 89' lang='lat' dir='ltr'>illustris</span> <span class='ocrx_word' id='word_1_49' title='bbox 759 1058 914 1139; x_wconf 88' lang='lat' dir='ltr'>Johannes</span> <span class='ocrx_word' id='word_1_50' title='bbox 937 1058 1098 1131; x_wconf 91' lang='lat' dir='ltr'>Coruinus,</span> <span class='ocrx_word' id='word_1_51' title='bbox 1123 1060 1286 1135; x_wconf 90' lang='lat' dir='ltr'>Opptauie,</span> <span class='ocrx_word' id='word_1_52' title='bbox 1309 1061 1451 1136; x_wconf 90' lang='lat' dir='ltr'>Lyptho-</span> 
     </span>
     <span class='ocr_line' id='line_1_7' title="bbox 185 1164 1455 1242; baseline 0.004 -19"><span class='ocrx_word' id='word_1_53' title='bbox 185 1165 298 1239; x_wconf 91' lang='lat' dir='ltr'>uieque</span> <span class='ocrx_word' id='word_1_54' title='bbox 328 1164 392 1223; x_wconf 87' lang='lat' dir='ltr'>dux</span> <span class='ocrx_word' id='word_1_55' title='bbox 416 1205 614 1224; x_wconf 91' lang='grc'><strong>.......</strong></span> <span class='ocrx_word' id='word_1_56' title='bbox 636 1168 818 1238; x_wconf 88' lang='lat' dir='ltr'>occuparet;</span> <span class='ocrx_word' id='word_1_57' title='bbox 842 1164 868 1221; x_wconf 90' lang='lat' dir='ltr'>si</span> <span class='ocrx_word' id='word_1_58' title='bbox 889 1164 984 1237; x_wconf 86' lang='lat' dir='ltr'>igitur</span> <span class='ocrx_word' id='word_1_59' title='bbox 1006 1165 1184 1224; x_wconf 91' lang='lat' dir='ltr'>huiusmodi</span> <span class='ocrx_word' id='word_1_60' title='bbox 1208 1183 1341 1242; x_wconf 90' lang='lat' dir='ltr'>cuprum</span> <span class='ocrx_word' id='word_1_61' title='bbox 1363 1184 1455 1228; x_wconf 91' lang='lat' dir='ltr'>suum</span> 
     </span>
     <span class='ocr_line' id='line_1_8' title="bbox 186 1270 1455 1344; baseline 0.006 -17"><span class='ocrx_word' id='word_1_62' title='bbox 186 1270 270 1344; x_wconf 89' lang='lat' dir='ltr'>apud</span> <span class='ocrx_word' id='word_1_63' title='bbox 296 1286 353 1328; x_wconf 89' lang='lat' dir='ltr'>vos</span> <span class='ocrx_word' id='word_1_64' title='bbox 384 1277 413 1328; x_wconf 93' lang='lat' dir='ltr'>et</span> <span class='ocrx_word' id='word_1_65' title='bbox 445 1272 477 1328; x_wconf 92' lang='lat' dir='ltr'>in</span> <span class='ocrx_word' id='word_1_66' title='bbox 506 1271 631 1327; x_wconf 86' lang='lat' dir='ltr'>civitate</span> <span class='ocrx_word' id='word_1_67' title='bbox 665 1275 768 1328; x_wconf 90' lang='lat' dir='ltr'>vestra</span> <span class='ocrx_word' id='word_1_68' title='bbox 799 1277 928 1344; x_wconf 89' lang='lat' dir='ltr'>propter</span> <span class='ocrx_word' id='word_1_69' title='bbox 957 1273 1108 1329; x_wconf 92' lang='lat' dir='ltr'>maiorem</span> <span class='ocrx_word' id='word_1_70' title='bbox 1139 1275 1336 1331; x_wconf 89' lang='lat' dir='ltr'>securitatem</span> <span class='ocrx_word' id='word_1_71' title='bbox 1365 1291 1455 1334; x_wconf 89' lang='lat' dir='ltr'>suam</span> 
     </span>
     <span class='ocr_line' id='line_1_9' title="bbox 187 1375 1454 1450; baseline 0.006 -17"><span class='ocrx_word' id='word_1_72' title='bbox 187 1375 403 1450; x_wconf 84' lang='lat' dir='ltr'>deponeretur,</span> <span class='ocrx_word' id='word_1_73' title='bbox 428 1377 591 1434; x_wconf 90' lang='lat' dir='ltr'>hortamur</span> <span class='ocrx_word' id='word_1_74' title='bbox 621 1375 787 1434; x_wconf 82' lang='lat' dir='ltr'>fidelitates</span> <span class='ocrx_word' id='word_1_75' title='bbox 818 1382 938 1435; x_wconf 89' lang='lat' dir='ltr'>vestras</span> <span class='ocrx_word' id='word_1_76' title='bbox 961 1382 991 1434; x_wconf 92' lang='lat' dir='ltr'>et</span> <span class='ocrx_word' id='word_1_77' title='bbox 1015 1377 1134 1435; x_wconf 90' lang='lat' dir='ltr'>eisdem</span> <span class='ocrx_word' id='word_1_78' title='bbox 1157 1379 1377 1438; x_wconf 88' lang='lat' dir='ltr'>nichilominus</span> <span class='ocrx_word' id='word_1_79' title='bbox 1400 1381 1454 1440; x_wconf 92' lang='lat' dir='ltr'>fir-</span> 
     </span>
     <span class='ocr_line' id='line_1_10' title="bbox 187 1483 1454 1572; baseline 0.006 -32"><span class='ocrx_word' id='word_1_80' title='bbox 187 1483 280 1541; x_wconf 87' lang='lat' dir='ltr'>miter</span> <span class='ocrx_word' id='word_1_81' title='bbox 311 1483 545 1553; x_wconf 86' lang='lat' dir='ltr'>committimus,</span> <span class='ocrx_word' id='word_1_82' title='bbox 581 1490 731 1555; x_wconf 90' lang='lat' dir='ltr'>quatenus</span> <span class='ocrx_word' id='word_1_83' title='bbox 754 1483 892 1541; x_wconf 87' lang='lat' dir='ltr'>debeatis</span> <span class='ocrx_word' id='word_1_84' title='bbox 926 1484 1104 1542; x_wconf 91' lang='lat' dir='ltr'>huiusmodi</span> <span class='ocrx_word' id='word_1_85' title='bbox 1139 1500 1274 1558; x_wconf 85' lang='lat' dir='ltr'>cuprum</span> <span class='ocrx_word' id='word_1_86' title='bbox 1305 1486 1380 1546; x_wconf 91' lang='lat' dir='ltr'>dicti</span> <span class='ocrx_word' id='word_1_87' title='bbox 1402 1489 1454 1572; x_wconf 89' lang='lat' dir='ltr'>Jo-</span> 
     </span>
     <span class='ocr_line' id='line_1_11' title="bbox 185 1588 1454 1676; baseline 0.006 -31"><span class='ocrx_word' id='word_1_88' title='bbox 185 1589 293 1647; x_wconf 90' lang='lat' dir='ltr'>hannis</span> <span class='ocrx_word' id='word_1_89' title='bbox 316 1590 448 1659; x_wconf 87' lang='lat' dir='ltr'>Thurzo,</span> <span class='ocrx_word' id='word_1_90' title='bbox 471 1588 556 1663; x_wconf 91' lang='lat' dir='ltr'>quod</span> <span class='ocrx_word' id='word_1_91' title='bbox 584 1589 667 1663; x_wconf 89' lang='lat' dir='ltr'>apud</span> <span class='ocrx_word' id='word_1_92' title='bbox 700 1605 755 1647; x_wconf 91' lang='lat' dir='ltr'>vos</span> <span class='ocrx_word' id='word_1_93' title='bbox 779 1589 955 1663; x_wconf 90' lang='lat' dir='ltr'>depositum</span> <span class='ocrx_word' id='word_1_94' title='bbox 978 1590 1118 1660; x_wconf 89' lang='lat' dir='ltr'>fuerit,a</span> <span class='ocrx_word' id='word_1_95' title='bbox 1150 1592 1291 1664; x_wconf 90' lang='lat' dir='ltr'>predicto</span> <span class='ocrx_word' id='word_1_96' title='bbox 1313 1593 1454 1676; x_wconf 90' lang='lat' dir='ltr'>Johanne</span> 
     </span>
     <span class='ocr_line' id='line_1_12' title="bbox 186 1694 1453 1773; baseline 0.006 -22"><span class='ocrx_word' id='word_1_97' title='bbox 186 1694 322 1753; x_wconf 89' lang='lat' dir='ltr'>Coruino</span> <span class='ocrx_word' id='word_1_98' title='bbox 347 1696 418 1753; x_wconf 89' lang='lat' dir='ltr'>totis</span> <span class='ocrx_word' id='word_1_99' title='bbox 450 1695 571 1752; x_wconf 90' lang='lat' dir='ltr'>viribus</span> <span class='ocrx_word' id='word_1_100' title='bbox 602 1696 713 1753; x_wconf 89' lang='lat' dir='ltr'>vestris</span> <span class='ocrx_word' id='word_1_101' title='bbox 745 1695 918 1766; x_wconf 89' lang='lat' dir='ltr'>defendere,</span> <span class='ocrx_word' id='word_1_102' title='bbox 950 1712 1050 1769; x_wconf 91' lang='lat' dir='ltr'>neque</span> <span class='ocrx_word' id='word_1_103' title='bbox 1081 1698 1187 1770; x_wconf 90' lang='lat' dir='ltr'>aliquo</span> <span class='ocrx_word' id='word_1_104' title='bbox 1210 1705 1302 1771; x_wconf 90' lang='lat' dir='ltr'>pacto</span> <span class='ocrx_word' id='word_1_105' title='bbox 1326 1702 1453 1773; x_wconf 91' lang='lat' dir='ltr'>permit·</span> 
     </span>
     <span class='ocr_line' id='line_1_13' title="bbox 187 1801 1454 1885; baseline 0.005 -27"><span class='ocrx_word' id='word_1_106' title='bbox 187 1807 261 1872; x_wconf 89' lang='lat' dir='ltr'>tere,</span> <span class='ocrx_word' id='word_1_107' title='bbox 276 1801 362 1874; x_wconf 91' lang='lat' dir='ltr'>quod</span> <span class='ocrx_word' id='word_1_108' title='bbox 383 1801 484 1859; x_wconf 92' lang='lat' dir='ltr'>dictus</span> <span class='ocrx_word' id='word_1_109' title='bbox 513 1802 669 1885; x_wconf 89' lang='lat' dir='ltr'>Johannes</span> <span class='ocrx_word' id='word_1_110' title='bbox 700 1801 853 1859; x_wconf 89' lang='lat' dir='ltr'>Coruinus</span> <span class='ocrx_word' id='word_1_111' title='bbox 876 1803 928 1859; x_wconf 89' lang='lat' dir='ltr'>vel</span> <span class='ocrx_word' id='word_1_112' title='bbox 951 1803 1091 1860; x_wconf 91' lang='lat' dir='ltr'>homines</span> <span class='ocrx_word' id='word_1_113' title='bbox 1126 1805 1173 1861; x_wconf 90' lang='lat' dir='ltr'>sui</span> <span class='ocrx_word' id='word_1_114' title='bbox 1209 1804 1365 1877; x_wconf 86' lang='lat' dir='ltr'>prefatum</span> <span class='ocrx_word' id='word_1_115' title='bbox 1401 1823 1454 1864; x_wconf 93' lang='lat' dir='ltr'>cu·</span> 
     </span>
     <span class='ocr_line' id='line_1_14' title="bbox 185 1906 1453 1992; baseline 0.006 -29"><span class='ocrx_word' id='word_1_116' title='bbox 185 1922 279 1980; x_wconf 90' lang='lat' dir='ltr'>prum</span> <span class='ocrx_word' id='word_1_117' title='bbox 302 1909 447 1980; x_wconf 91' lang='lat' dir='ltr'>occupari</span> <span class='ocrx_word' id='word_1_118' title='bbox 479 1908 607 1982; x_wconf 81' lang='lat' dir='ltr'>possint</span> <span class='ocrx_word' id='word_1_119' title='bbox 629 1906 709 1965; x_wconf 93' lang='lat' dir='ltr'>Cum</span> <span class='ocrx_word' id='word_1_120' title='bbox 732 1922 807 1964; x_wconf 92' lang='lat' dir='ltr'>vero</span> <span class='ocrx_word' id='word_1_121' title='bbox 829 1908 970 1965; x_wconf 90' lang='lat' dir='ltr'>homines</span> <span class='ocrx_word' id='word_1_122' title='bbox 982 1907 1057 1967; x_wconf 92' lang='lat' dir='ltr'>dicti</span> <span class='ocrx_word' id='word_1_123' title='bbox 1067 1910 1215 1992; x_wconf 89' lang='lat' dir='ltr'>Johannis</span> <span class='ocrx_word' id='word_1_124' title='bbox 1228 1911 1350 1969; x_wconf 83' lang='lat' dir='ltr'>Thurzo</span> <span class='ocrx_word' id='word_1_125' title='bbox 1362 1919 1453 1971; x_wconf 89' lang='lat' dir='ltr'>nacta</span> 
     </span>
    </p>
   </div>
   <div class='ocr_carea' id='block_1_2' title="bbox 185 2012 1553 2091">
    <p class='ocr_par' dir='ltr' id='par_1_2' title="bbox 185 2012 1553 2091">
     <span class='ocr_line' id='line_1_15' title="bbox 185 2012 1553 2091; baseline 0.005 -20"><span class='ocrx_word' id='word_1_126' title='bbox 185 2015 395 2087; x_wconf 88' lang='lat' dir='ltr'>oportunitate</span> <span class='ocrx_word' id='word_1_127' title='bbox 418 2029 467 2070; x_wconf 87' lang='lat' dir='ltr'>res</span> <span class='ocrx_word' id='word_1_128' title='bbox 489 2013 668 2071; x_wconf 89' lang='lat' dir='ltr'>huiusmodi</span> <span class='ocrx_word' id='word_1_129' title='bbox 691 2012 846 2071; x_wconf 90' lang='lat' dir='ltr'>abducere</span> <span class='ocrx_word' id='word_1_130' title='bbox 870 2015 1036 2079; x_wconf 83' lang='lat' dir='ltr'>voluerint.</span> <span class='ocrx_word' id='word_1_131' title='bbox 1059 2014 1176 2073; x_wconf 86' lang='lat' dir='ltr'>eisdem</span> <span class='ocrx_word' id='word_1_132' title='bbox 1200 2032 1325 2091; x_wconf 89' lang='lat' dir='ltr'>semper</span> <span class='ocrx_word' id='word_1_133' title='bbox 1348 2019 1448 2077; x_wconf 88' lang='lat' dir='ltr'>libere</span> <span class='ocrx_word' id='word_1_134' title='bbox 1549 2044 1553 2052; x_wconf 90' lang='grc'><em>·</em></span> 
     </span>
    </p>
   </div>
   <div class='ocr_carea' id='block_1_3' title="bbox 134 2118 1453 2603">
    <p class='ocr_par' dir='ltr' id='par_1_3' title="bbox 185 2118 1453 2301">
     <span class='ocr_line' id='line_1_16' title="bbox 187 2118 1453 2193; baseline 0.006 -17"><span class='ocrx_word' id='word_1_135' title='bbox 187 2119 342 2177; x_wconf 90' lang='lat' dir='ltr'>abducere</span> <span class='ocrx_word' id='word_1_136' title='bbox 377 2120 572 2193; x_wconf 89' lang='lat' dir='ltr'>permittatis.</span> <span class='ocrx_word' id='word_1_137' title='bbox 605 2118 698 2177; x_wconf 91' lang='lat' dir='ltr'>Secus</span> <span class='ocrx_word' id='word_1_138' title='bbox 730 2134 790 2176; x_wconf 91' lang='lat' dir='ltr'>nou</span> <span class='ocrx_word' id='word_1_139' title='bbox 815 2118 933 2178; x_wconf 91' lang='lat' dir='ltr'>facturi.</span> <span class='ocrx_word' id='word_1_140' title='bbox 968 2121 1085 2178; x_wconf 89' lang='lat' dir='ltr'>Datum</span> <span class='ocrx_word' id='word_1_141' title='bbox 1120 2122 1204 2180; x_wconf 89' lang='lat' dir='ltr'>Bude</span> <span class='ocrx_word' id='word_1_142' title='bbox 1234 2123 1266 2180; x_wconf 94' lang='lat' dir='ltr'>in</span> <span class='ocrx_word' id='word_1_143' title='bbox 1297 2122 1346 2180; x_wconf 89' lang='lat' dir='ltr'>die</span> <span class='ocrx_word' id='word_1_144' title='bbox 1370 2125 1453 2183; x_wconf 89' lang='lat' dir='ltr'>beati</span> 
     </span>
     <span class='ocr_line' id='line_1_17' title="bbox 185 2223 1249 2301; baseline 0.004 -19"><span class='ocrx_word' id='word_1_145' title='bbox 185 2224 348 2282; x_wconf 90' lang='lat' dir='ltr'>Venceslai</span> <span class='ocrx_word' id='word_1_146' title='bbox 373 2225 520 2282; x_wconf 91' lang='lat' dir='ltr'>martiris.</span> <span class='ocrx_word' id='word_1_147' title='bbox 547 2226 636 2281; x_wconf 88' lang='lat' dir='ltr'>Anno</span> <span class='ocrx_word' id='word_1_148' title='bbox 660 2223 778 2282; x_wconf 91' lang='lat' dir='ltr'>domini</span> <span class='ocrx_word' id='word_1_149' title='bbox 801 2223 1085 2283; x_wconf 88' lang='lat' dir='ltr'>MCCCCLXXXX</span> <span class='ocrx_word' id='word_1_150' title='bbox 1108 2228 1249 2301; x_wconf 83' lang='lat' dir='ltr'>septimo</span> 
     </span>
    </p>

    <p class='ocr_par' dir='ltr' id='par_1_4' title="bbox 134 2331 1452 2603">
     <span class='ocr_line' id='line_1_18' title="bbox 291 2331 1452 2407; baseline 0.009 -23"><span class='ocrx_word' id='word_1_151' title='bbox 291 2334 333 2400; x_wconf 80' lang='lat' dir='ltr'>(A</span> <span class='ocrx_word' id='word_1_152' title='bbox 351 2333 445 2399; x_wconf 79' lang='lat' dir='ltr'>tergo.)</span> <span class='ocrx_word' id='word_1_153' title='bbox 480 2331 687 2389; x_wconf 80' lang='lat' dir='ltr'>prudentibus</span> <span class='ocrx_word' id='word_1_154' title='bbox 721 2337 751 2388; x_wconf 97' lang='lat' dir='ltr'>et</span> <span class='ocrx_word' id='word_1_155' title='bbox 786 2332 1019 2405; x_wconf 90' lang='lat' dir='ltr'>circumspectis</span> <span class='ocrx_word' id='word_1_156' title='bbox 1052 2331 1147 2407; x_wconf 87' lang='lat' dir='ltr'>judici</span> <span class='ocrx_word' id='word_1_157' title='bbox 1172 2341 1203 2392; x_wconf 87' lang='lat' dir='ltr'>et</span> <span class='ocrx_word' id='word_1_158' title='bbox 1230 2336 1348 2407; x_wconf 91' lang='lat' dir='ltr'>iuratis,</span> <span class='ocrx_word' id='word_1_159' title='bbox 1371 2343 1452 2395; x_wconf 88' lang='lat' dir='ltr'>cete·</span> 
     </span>
     <span class='ocr_line' id='line_1_19' title="bbox 134 2437 1449 2531; baseline 0.005 -36"><span class='ocrx_word' id='word_1_160' title='bbox 134 2515 140 2531; x_wconf 36' lang='grc'><em>·</em></span> <span class='ocrx_word' id='word_1_161' title='bbox 183 2439 288 2512; x_wconf 91' lang='lat' dir='ltr'>risque</span> <span class='ocrx_word' id='word_1_162' title='bbox 312 2439 432 2497; x_wconf 88' lang='lat' dir='ltr'>civibus</span> <span class='ocrx_word' id='word_1_163' title='bbox 455 2438 588 2495; x_wconf 88' lang='lat' dir='ltr'>civitatis</span> <span class='ocrx_word' id='word_1_164' title='bbox 603 2443 707 2495; x_wconf 88' lang='lat' dir='ltr'>nostre</span> <span class='ocrx_word' id='word_1_165' title='bbox 735 2437 950 2510; x_wconf 85' lang='lat' dir='ltr'>zagrabiensis,</span> <span class='ocrx_word' id='word_1_166' title='bbox 975 2441 1088 2497; x_wconf 91' lang='lat' dir='ltr'>montis</span> <span class='ocrx_word' id='word_1_167' title='bbox 1113 2439 1283 2512; x_wconf 87' lang='lat' dir='ltr'>Grecensis,</span> <span class='ocrx_word' id='word_1_168' title='bbox 1300 2441 1449 2501; x_wconf 78' lang='lat' dir='ltr'>fidelibus</span> 
     </span>
     <span class='ocr_line' id='line_1_20' title="bbox 185 2544 454 2603; baseline 0 -2"><span class='ocrx_word' id='word_1_169' title='bbox 185 2546 299 2603; x_wconf 88' lang='lat' dir='ltr'>nostris</span> <span class='ocrx_word' id='word_1_170' title='bbox 323 2544 454 2602; x_wconf 90' lang='lat' dir='ltr'>dilectis.</span> 
     </span>
    </p>
   </div>
   <div class='ocr_carea' id='block_1_4' title="bbox 184 2661 1450 2802">
    <p class='ocr_par' dir='ltr' id='par_1_5' title="bbox 184 2661 1450 2802">
     <span class='ocr_line' id='line_1_21' title="bbox 294 2661 1450 2728; baseline 0.004 -16"><span class='ocrx_word' id='word_1_171' title='bbox 294 2662 428 2726; x_wconf 87' lang='lat' dir='ltr'>Originale</span> <span class='ocrx_word' id='word_1_172' title='bbox 455 2664 482 2711; x_wconf 92' lang='lat' dir='ltr'>in</span> <span class='ocrx_word' id='word_1_173' title='bbox 510 2662 606 2719; x_wconf 82' lang='lat' dir='ltr'>charta,</span> <span class='ocrx_word' id='word_1_174' title='bbox 636 2661 755 2712; x_wconf 88' lang='lat' dir='ltr'>lacerum.</span> <span class='ocrx_word' id='word_1_175' title='bbox 784 2661 932 2725; x_wconf 87' lang='lat' dir='ltr'>Vestigium</span> <span class='ocrx_word' id='word_1_176' title='bbox 960 2661 1040 2726; x_wconf 85' lang='lat' dir='ltr'>sigilli</span> <span class='ocrx_word' id='word_1_177' title='bbox 1071 2679 1086 2711; x_wconf 87' lang='lat' dir='ltr'>a</span> <span class='ocrx_word' id='word_1_178' title='bbox 1115 2670 1196 2728; x_wconf 82' lang='lat' dir='ltr'>tergo.</span> <span class='ocrx_word' id='word_1_179' title='bbox 1225 2665 1258 2715; x_wconf 92' lang='lat' dir='ltr'>In</span> <span class='ocrx_word' id='word_1_180' title='bbox 1276 2666 1372 2719; x_wconf 84' lang='lat' dir='ltr'>archiv.</span> <span class='ocrx_word' id='word_1_181' title='bbox 1390 2666 1450 2719; x_wconf 84' lang='lat' dir='ltr'>incl.</span> 
     </span>
     <span class='ocr_line' id='line_1_22' title="bbox 184 2750 609 2802; baseline 0 -2"><span class='ocrx_word' id='word_1_182' title='bbox 184 2751 270 2802; x_wconf 85' lang='lat' dir='ltr'>Acad.</span> <span class='ocrx_word' id='word_1_183' title='bbox 290 2751 385 2801; x_wconf 87' lang='lat' dir='ltr'>Scient.</span> <span class='ocrx_word' id='word_1_184' title='bbox 405 2750 504 2801; x_wconf 87' lang='lat' dir='ltr'>Slnvor.</span> <span class='ocrx_word' id='word_1_185' title='bbox 518 2751 609 2800; x_wconf 87' lang='lat' dir='ltr'>merid.</span> 
     </span>
    </p>
   </div>
   <div class='ocr_carea' id='block_1_5' title="bbox 772 2928 860 2994">
    <p class='ocr_par' dir='ltr' id='par_1_6' title="bbox 772 2928 860 2994">
     <span class='ocr_line' id='line_1_23' title="bbox 772 2928 860 2994; baseline -0.011 0"><span class='ocrx_word' id='word_1_186' title='bbox 772 2928 860 2994; x_wconf 78' lang='lat'><strong>388.</strong></span> 
     </span>
    </p>
   </div>
   <div class='ocr_carea' id='block_1_6' title="bbox 291 3052 874 3117">
    <p class='ocr_par' dir='ltr' id='par_1_7' title="bbox 291 3052 874 3117">
     <span class='ocr_line' id='line_1_24' title="bbox 291 3052 874 3117; baseline 0.005 -16"><span class='ocrx_word' id='word_1_187' title='bbox 291 3054 371 3102; x_wconf 85' lang='lat' dir='ltr'>Anno</span> <span class='ocrx_word' id='word_1_188' title='bbox 393 3065 468 3117; x_wconf 85' lang='lat'>1497,</span> <span class='ocrx_word' id='word_1_189' title='bbox 491 3066 530 3103; x_wconf 81' lang='lat' dir='ltr'>ro.</span> <span class='ocrx_word' id='word_1_190' title='bbox 549 3053 704 3104; x_wconf 86' lang='lat' dir='ltr'>novembris.</span> <span class='ocrx_word' id='word_1_191' title='bbox 725 3052 874 3116; x_wconf 85' lang='lat' dir='ltr'>Zagrabiae.</span> 
     </span>
    </p>
   </div>
   <div class='ocr_carea' id='block_1_7' title="bbox 186 3163 1448 3241">
    <p class='ocr_par' dir='ltr' id='par_1_8' title="bbox 186 3163 1448 3241">
     <span class='ocr_line' id='line_1_25' title="bbox 186 3163 1448 3241; baseline 0.005 -22"><span class='ocrx_word' id='word_1_192' title='bbox 186 3163 214 3219; x_wconf 86' lang='grc' dir='ltr'><em>Α</em></span> <span class='ocrx_word' id='word_1_193' title='bbox 235 3164 360 3236; x_wconf 79' lang='lat' dir='ltr'>capitulo</span> <span class='ocrx_word' id='word_1_194' title='bbox 393 3164 513 3237; x_wconf 81' lang='lat' dir='ltr'>zagrab.</span> <span class='ocrx_word' id='word_1_195' title='bbox 544 3163 640 3220; x_wconf 66' lang='lat' dir='ltr'>elicior</span> <span class='ocrx_word' id='word_1_196' title='bbox 671 3164 820 3235; x_wconf 80' lang='lat' dir='ltr'>exemplar</span> <span class='ocrx_word' id='word_1_197' title='bbox 852 3164 1059 3220; x_wconf 75' lang='lat' dir='ltr'>constituttbnis</span> <span class='ocrx_word' id='word_1_198' title='bbox 1102 3163 1247 3221; x_wconf 80' lang='lat' dir='ltr'>Vladislat&#39;</span> <span class='ocrx_word' id='word_1_199' title='bbox 1280 3168 1366 3238; x_wconf 80' lang='lat' dir='ltr'>regis,</span> <span class='ocrx_word' id='word_1_200' title='bbox 1388 3185 1448 3241; x_wconf 85' lang='lat' dir='ltr'>qua</span> 
     </span>
    </p>
   </div>
   <div class='ocr_carea' id='block_1_8' title="bbox 363 3268 1262 3345">
    <p class='ocr_par' dir='ltr' id='par_1_9' title="bbox 363 3268 1262 3345">
     <span class='ocr_line' id='line_1_26' title="bbox 363 3268 1262 3345; baseline 0.006 -20"><span class='ocrx_word' id='word_1_201' title='bbox 363 3269 520 3345; x_wconf 72' lang='lat' dir='ltr'>johannes</span> <span class='ocrx_word' id='word_1_202' title='bbox 548 3269 691 3327; x_wconf 69' lang='lat' dir='ltr'>Coruinus</span> <span class='ocrx_word' id='word_1_203' title='bbox 714 3270 802 3327; x_wconf 74' lang='lat' dir='ltr'>totius</span> <span class='ocrx_word' id='word_1_204' title='bbox 826 3268 984 3327; x_wconf 80' lang='lat' dir='ltr'>Slaoom&#39;ae</span> <span class='ocrx_word' id='word_1_205' title='bbox 1005 3270 1067 3326; x_wconf 86' lang='lat' dir='ltr'>dux</span> <span class='ocrx_word' id='word_1_206' title='bbox 1089 3272 1262 3331; x_wconf 61' lang='lat' dir='ltr'>notabatur.</span> 
     </span>
    </p>
   </div>
   <div class='ocr_carea' id='block_1_9' title="bbox 182 3413 1449 4977">
    <p class='ocr_par' dir='ltr' id='par_1_10' title="bbox 182 3413 1449 4977">
     <span class='ocr_line' id='line_1_27' title="bbox 292 3413 1446 3487; baseline 0.003 -17"><span class='ocrx_word' id='word_1_207' title='bbox 292 3413 355 3470; x_wconf 91' lang='lat' dir='ltr'>Nos</span> <span class='ocrx_word' id='word_1_208' title='bbox 389 3413 561 3487; x_wconf 90' lang='lat' dir='ltr'>capitulum</span> <span class='ocrx_word' id='word_1_209' title='bbox 594 3413 722 3472; x_wconf 90' lang='lat' dir='ltr'>ecclesie</span> <span class='ocrx_word' id='word_1_210' title='bbox 758 3414 973 3487; x_wconf 89' lang='lat' dir='ltr'>zagrabiensis.</span> <span class='ocrx_word' id='word_1_211' title='bbox 1010 3415 1159 3472; x_wconf 90' lang='lat' dir='ltr'>Memorie</span> <span class='ocrx_word' id='word_1_212' title='bbox 1191 3416 1446 3475; x_wconf 88' lang='lat' dir='ltr'>commendamus</span> 
     </span>
     <span class='ocr_line' id='line_1_28' title="bbox 186 3518 1448 3594; baseline 0.004 -18"><span class='ocrx_word' id='word_1_213' title='bbox 186 3534 242 3593; x_wconf 92' lang='lat' dir='ltr'>per</span> <span class='ocrx_word' id='word_1_214' title='bbox 265 3525 430 3591; x_wconf 89' lang='lat' dir='ltr'>presentes,</span> <span class='ocrx_word' id='word_1_215' title='bbox 454 3518 537 3593; x_wconf 91' lang='lat' dir='ltr'>quod</span> <span class='ocrx_word' id='word_1_216' title='bbox 570 3521 695 3577; x_wconf 89' lang='lat' dir='ltr'>veniens</span> <span class='ocrx_word' id='word_1_217' title='bbox 730 3527 868 3577; x_wconf 93' lang='lat' dir='ltr'>nostram</span> <span class='ocrx_word' id='word_1_218' title='bbox 904 3521 934 3578; x_wconf 92' lang='lat' dir='ltr'>in</span> <span class='ocrx_word' id='word_1_219' title='bbox 959 3522 1149 3594; x_wconf 87' lang='lat' dir='ltr'>presenciam</span> <span class='ocrx_word' id='word_1_220' title='bbox 1173 3522 1366 3581; x_wconf 91' lang='lat' dir='ltr'>honorabilis</span> <span class='ocrx_word' id='word_1_221' title='bbox 1390 3522 1448 3581; x_wconf 91' lang='lat' dir='ltr'>do·</span> 
     </span>
     <span class='ocr_line' id='line_1_29' title="bbox 185 3625 1449 3701; baseline 0.004 -20"><span class='ocrx_word' id='word_1_222' title='bbox 185 3625 287 3682; x_wconf 89' lang='lat' dir='ltr'>minus</span> <span class='ocrx_word' id='word_1_223' title='bbox 311 3625 460 3682; x_wconf 86' lang='lat' dir='ltr'>Martinus</span> <span class='ocrx_word' id='word_1_224' title='bbox 489 3625 642 3699; x_wconf 87' lang='lat' dir='ltr'>plebanus</span> <span class='ocrx_word' id='word_1_225' title='bbox 667 3625 794 3684; x_wconf 89' lang='lat' dir='ltr'>ecclesie</span> <span class='ocrx_word' id='word_1_226' title='bbox 817 3627 914 3683; x_wconf 89' lang='lat' dir='ltr'>sancti</span> <span class='ocrx_word' id='word_1_227' title='bbox 937 3627 1033 3683; x_wconf 92' lang='lat' dir='ltr'>Marci</span> <span class='ocrx_word' id='word_1_228' title='bbox 1054 3635 1084 3683; x_wconf 89' lang='lat' dir='ltr'>et</span> <span class='ocrx_word' id='word_1_229' title='bbox 1106 3627 1264 3685; x_wconf 90' lang='lat' dir='ltr'>Emericus</span> <span class='ocrx_word' id='word_1_230' title='bbox 1287 3629 1449 3701; x_wconf 90' lang='lat' dir='ltr'>litteratus,</span> 
     </span>
     <span class='ocr_line' id='line_1_30' title="bbox 185 3701 1448 3810; baseline 0.005 -22"><span class='ocrx_word' id='word_1_231' title='bbox 185 3701 337 3799; x_wconf 63' lang='lat' dir='ltr'>notarius,</span> <span class='ocrx_word' id='word_1_232' title='bbox 363 3731 445 3787; x_wconf 88' lang='lat' dir='ltr'>cives</span> <span class='ocrx_word' id='word_1_233' title='bbox 477 3731 609 3789; x_wconf 90' lang='lat' dir='ltr'>civitatis</span> <span class='ocrx_word' id='word_1_234' title='bbox 642 3732 757 3789; x_wconf 91' lang='lat' dir='ltr'>montis</span> <span class='ocrx_word' id='word_1_235' title='bbox 786 3731 947 3789; x_wconf 87' lang='lat' dir='ltr'>Grecensis</span> <span class='ocrx_word' id='word_1_236' title='bbox 979 3733 1010 3789; x_wconf 92' lang='lat' dir='ltr'>in</span> <span class='ocrx_word' id='word_1_237' title='bbox 1034 3733 1096 3790; x_wconf 92' lang='lat' dir='ltr'>suis</span> <span class='ocrx_word' id='word_1_238' title='bbox 1120 3748 1156 3790; x_wconf 92' lang='lat' dir='ltr'>ac</span> <span class='ocrx_word' id='word_1_239' title='bbox 1178 3731 1290 3808; x_wconf 87' lang='lat' dir='ltr'>judicis</span> <span class='ocrx_word' id='word_1_240' title='bbox 1314 3742 1344 3793; x_wconf 87' lang='lat' dir='ltr'>et</span> <span class='ocrx_word' id='word_1_241' title='bbox 1366 3733 1448 3810; x_wconf 90' lang='lat' dir='ltr'>jura·</span> 
     </span>
     <span class='ocr_line' id='line_1_31' title="bbox 184 3838 1449 3914; baseline 0.006 -21"><span class='ocrx_word' id='word_1_242' title='bbox 184 3841 298 3906; x_wconf 90' lang='lat' dir='ltr'>torum,</span> <span class='ocrx_word' id='word_1_243' title='bbox 333 3843 568 3910; x_wconf 88' lang='lat' dir='ltr'>ceterorumque</span> <span class='ocrx_word' id='word_1_244' title='bbox 602 3838 717 3895; x_wconf 90' lang='lat' dir='ltr'>civium</span> <span class='ocrx_word' id='word_1_245' title='bbox 753 3845 783 3896; x_wconf 97' lang='lat' dir='ltr'>et</span> <span class='ocrx_word' id='word_1_246' title='bbox 813 3839 911 3895; x_wconf 92' lang='lat' dir='ltr'>tocius</span> <span class='ocrx_word' id='word_1_247' title='bbox 941 3840 1171 3897; x_wconf 90' lang='lat' dir='ltr'>communitatis</span> <span class='ocrx_word' id='word_1_248' title='bbox 1193 3841 1290 3914; x_wconf 88' lang='lat' dir='ltr'>ipsius</span> <span class='ocrx_word' id='word_1_249' title='bbox 1315 3842 1449 3901; x_wconf 88' lang='lat' dir='ltr'>civitatis</span> 
     </span>
     <span class='ocr_line' id='line_1_32' title="bbox 185 3943 1448 4022; baseline 0.005 -22"><span class='ocrx_word' id='word_1_250' title='bbox 185 3943 325 4015; x_wconf 89' lang='lat' dir='ltr'>personis</span> <span class='ocrx_word' id='word_1_251' title='bbox 349 3948 379 4000; x_wconf 91' lang='lat' dir='ltr'>et</span> <span class='ocrx_word' id='word_1_252' title='bbox 406 3944 584 4000; x_wconf 87' lang='lat' dir='ltr'>nominibus</span> <span class='ocrx_word' id='word_1_253' title='bbox 616 3944 824 4003; x_wconf 87' lang='lat' dir='ltr'>exhibuerunt</span> <span class='ocrx_word' id='word_1_254' title='bbox 847 3952 877 4001; x_wconf 92' lang='lat' dir='ltr'>et</span> <span class='ocrx_word' id='word_1_255' title='bbox 901 3951 1155 4018; x_wconf 88' lang='lat' dir='ltr'>presentaverunt</span> <span class='ocrx_word' id='word_1_256' title='bbox 1181 3948 1272 4005; x_wconf 92' lang='lat' dir='ltr'>nobis</span> <span class='ocrx_word' id='word_1_257' title='bbox 1296 3947 1448 4022; x_wconf 90' lang='lat' dir='ltr'>quasdam</span> 
     </span>
     <span class='ocr_line' id='line_1_33' title="bbox 186 4049 1449 4126; baseline 0.006 -21"><span class='ocrx_word' id='word_1_258' title='bbox 186 4049 303 4106; x_wconf 89' lang='lat' dir='ltr'>litteras</span> <span class='ocrx_word' id='word_1_259' title='bbox 333 4049 520 4106; x_wconf 90' lang='lat' dir='ltr'>serenissimi</span> <span class='ocrx_word' id='word_1_260' title='bbox 550 4050 700 4124; x_wconf 88' lang='lat' dir='ltr'>principis</span> <span class='ocrx_word' id='word_1_261' title='bbox 724 4049 841 4108; x_wconf 87' lang='lat' dir='ltr'>domini</span> <span class='ocrx_word' id='word_1_262' title='bbox 864 4050 1032 4108; x_wconf 89' lang='lat' dir='ltr'>Wladislai</span> <span class='ocrx_word' id='word_1_263' title='bbox 1058 4051 1107 4108; x_wconf 93' lang='lat' dir='ltr'>dei</span> <span class='ocrx_word' id='word_1_264' title='bbox 1131 4054 1235 4124; x_wconf 85' lang='lat' dir='ltr'>gracia</span> <span class='ocrx_word' id='word_1_265' title='bbox 1258 4054 1339 4126; x_wconf 86' lang='lat' dir='ltr'>regis</span> <span class='ocrx_word' id='word_1_266' title='bbox 1363 4053 1449 4112; x_wconf 90' lang='lat' dir='ltr'>Hun-</span> 
     </span>
     <span class='ocr_line' id='line_1_34' title="bbox 184 4152 1446 4231; baseline 0.006 -20"><span class='ocrx_word' id='word_1_267' title='bbox 184 4155 277 4226; x_wconf 84' lang='lat' dir='ltr'>garie‚</span> <span class='ocrx_word' id='word_1_268' title='bbox 301 4152 447 4212; x_wconf 91' lang='lat' dir='ltr'>Bohemie</span> <span class='ocrx_word' id='word_1_269' title='bbox 470 4160 525 4212; x_wconf 90' lang='lat' dir='ltr'>etc.</span> <span class='ocrx_word' id='word_1_270' title='bbox 549 4154 666 4213; x_wconf 91' lang='lat' dir='ltr'>domini</span> <span class='ocrx_word' id='word_1_271' title='bbox 689 4156 786 4213; x_wconf 90' lang='lat' dir='ltr'>nostri</span> <span class='ocrx_word' id='word_1_272' title='bbox 809 4157 1039 4228; x_wconf 85' lang='lat' dir='ltr'>graciosissimi,</span> <span class='ocrx_word' id='word_1_273' title='bbox 1063 4158 1121 4215; x_wconf 92' lang='lat' dir='ltr'>sub</span> <span class='ocrx_word' id='word_1_274' title='bbox 1144 4158 1250 4231; x_wconf 84' lang='lat' dir='ltr'>sigillo</span> <span class='ocrx_word' id='word_1_275' title='bbox 1273 4174 1327 4217; x_wconf 89' lang='lat' dir='ltr'>sue</span> <span class='ocrx_word' id='word_1_276' title='bbox 1351 4161 1446 4218; x_wconf 90' lang='lat' dir='ltr'>maie·</span> 
     </span>
     <span class='ocr_line' id='line_1_35' title="bbox 184 4260 1441 4341; baseline 0.006 -25"><span class='ocrx_word' id='word_1_277' title='bbox 184 4261 271 4317; x_wconf 89' lang='lat' dir='ltr'>statis</span> <span class='ocrx_word' id='word_1_278' title='bbox 293 4261 325 4318; x_wconf 93' lang='lat' dir='ltr'>in</span> <span class='ocrx_word' id='word_1_279' title='bbox 348 4275 418 4319; x_wconf 89' lang='lat' dir='ltr'>cera</span> <span class='ocrx_word' id='word_1_280' title='bbox 441 4261 545 4331; x_wconf 89' lang='lat' dir='ltr'>rubra,</span> <span class='ocrx_word' id='word_1_281' title='bbox 577 4260 615 4319; x_wconf 90' lang='lat' dir='ltr'>de</span> <span class='ocrx_word' id='word_1_282' title='bbox 638 4261 778 4320; x_wconf 89' lang='lat' dir='ltr'>eiusdem</span> <span class='ocrx_word' id='word_1_283' title='bbox 801 4263 1027 4334; x_wconf 87' lang='lat' dir='ltr'>commissione,</span> <span class='ocrx_word' id='word_1_284' title='bbox 1051 4265 1095 4321; x_wconf 91' lang='lat' dir='ltr'>uti</span> <span class='ocrx_word' id='word_1_285' title='bbox 1119 4265 1220 4337; x_wconf 89' lang='lat' dir='ltr'>prima</span> <span class='ocrx_word' id='word_1_286' title='bbox 1243 4264 1320 4324; x_wconf 88' lang='lat' dir='ltr'>facie</span> <span class='ocrx_word' id='word_1_287' title='bbox 1343 4281 1441 4341; x_wconf 91' lang='lat' dir='ltr'>appa·</span> 
     </span>
     <span class='ocr_line' id='line_1_36' title="bbox 184 4366 1443 4445; baseline 0.006 -23"><span class='ocrx_word' id='word_1_288' title='bbox 184 4366 280 4437; x_wconf 89' lang='lat' dir='ltr'>rebat,</span> <span class='ocrx_word' id='word_1_289' title='bbox 312 4366 415 4424; x_wconf 92' lang='lat' dir='ltr'>clause</span> <span class='ocrx_word' id='word_1_290' title='bbox 446 4367 598 4425; x_wconf 91' lang='lat' dir='ltr'>confectas</span> <span class='ocrx_word' id='word_1_291' title='bbox 622 4375 652 4426; x_wconf 93' lang='lat' dir='ltr'>et</span> <span class='ocrx_word' id='word_1_292' title='bbox 674 4374 840 4437; x_wconf 89' lang='lat' dir='ltr'>emanatas,</span> <span class='ocrx_word' id='word_1_293' title='bbox 865 4370 978 4427; x_wconf 90' lang='lat' dir='ltr'>tenoris</span> <span class='ocrx_word' id='word_1_294' title='bbox 1001 4369 1198 4444; x_wconf 81' lang='lat' dir='ltr'>infrascripti,</span> <span class='ocrx_word' id='word_1_295' title='bbox 1224 4378 1362 4445; x_wconf 85' lang='lat' dir='ltr'>petentes</span> <span class='ocrx_word' id='word_1_296' title='bbox 1386 4387 1443 4430; x_wconf 92' lang='lat' dir='ltr'>nos</span> 
     </span>
     <span class='ocr_line' id='line_1_37' title="bbox 184 4471 1446 4550; baseline 0.007 -22"><span class='ocrx_word' id='word_1_297' title='bbox 184 4471 289 4531; x_wconf 89' lang='lat' dir='ltr'>debita</span> <span class='ocrx_word' id='word_1_298' title='bbox 311 4488 384 4530; x_wconf 89' lang='lat' dir='ltr'>curn</span> <span class='ocrx_word' id='word_1_299' title='bbox 407 4475 563 4545; x_wconf 87' lang='lat' dir='ltr'>instancia,</span> <span class='ocrx_word' id='word_1_300' title='bbox 587 4482 620 4532; x_wconf 94' lang='lat' dir='ltr'>ut</span> <span class='ocrx_word' id='word_1_301' title='bbox 643 4475 768 4533; x_wconf 87' lang='lat' dir='ltr'>easdem</span> <span class='ocrx_word' id='word_1_302' title='bbox 792 4476 901 4533; x_wconf 89' lang='lat' dir='ltr'>litteris</span> <span class='ocrx_word' id='word_1_303' title='bbox 923 4477 1036 4533; x_wconf 88' lang='lat' dir='ltr'>nostris</span> <span class='ocrx_word' id='word_1_304' title='bbox 1060 4478 1235 4550; x_wconf 89' lang='lat' dir='ltr'>patentibus</span> <span class='ocrx_word' id='word_1_305' title='bbox 1258 4479 1446 4537; x_wconf 90' lang='lat' dir='ltr'>transummi</span> 
     </span>
     <span class='ocr_line' id='line_1_38' title="bbox 184 4581 1447 4656; baseline 0.005 -19"><span class='ocrx_word' id='word_1_306' title='bbox 184 4584 213 4636; x_wconf 93' lang='lat' dir='ltr'>et</span> <span class='ocrx_word' id='word_1_307' title='bbox 244 4581 408 4639; x_wconf 88' lang='lat' dir='ltr'>transcribi</span> <span class='ocrx_word' id='word_1_308' title='bbox 431 4581 584 4651; x_wconf 89' lang='lat' dir='ltr'>facientes,</span> <span class='ocrx_word' id='word_1_309' title='bbox 609 4588 747 4640; x_wconf 89' lang='lat' dir='ltr'>tenorem</span> <span class='ocrx_word' id='word_1_310' title='bbox 770 4582 952 4640; x_wconf 90' lang='lat' dir='ltr'>earumdem</span> <span class='ocrx_word' id='word_1_311' title='bbox 974 4584 1034 4640; x_wconf 91' lang='lat' dir='ltr'>sub</span> <span class='ocrx_word' id='word_1_312' title='bbox 1068 4583 1173 4656; x_wconf 86' lang='lat' dir='ltr'>sigillo</span> <span class='ocrx_word' id='word_1_313' title='bbox 1195 4590 1301 4643; x_wconf 90' lang='lat' dir='ltr'>nostro</span> <span class='ocrx_word' id='word_1_314' title='bbox 1331 4584 1447 4643; x_wconf 87' lang='lat' dir='ltr'>eisdem</span> 
     </span>
     <span class='ocr_line' id='line_1_39' title="bbox 183 4683 1446 4769; baseline 0.005 -27"><span class='ocrx_word' id='word_1_315' title='bbox 183 4683 257 4744; x_wconf 89' lang='lat' dir='ltr'>dare</span> <span class='ocrx_word' id='word_1_316' title='bbox 280 4691 311 4745; x_wconf 91' lang='lat' dir='ltr'>et</span> <span class='ocrx_word' id='word_1_317' title='bbox 343 4687 510 4745; x_wconf 90' lang='lat' dir='ltr'>concedere</span> <span class='ocrx_word' id='word_1_318' title='bbox 545 4687 750 4761; x_wconf 88' lang='lat' dir='ltr'>dignaremur.</span> <span class='ocrx_word' id='word_1_319' title='bbox 781 4687 923 4762; x_wconf 82' lang='lat' dir='ltr'>Quarum</span> <span class='ocrx_word' id='word_1_320' title='bbox 954 4696 1041 4747; x_wconf 92' lang='lat' dir='ltr'>tenor</span> <span class='ocrx_word' id='word_1_321' title='bbox 1063 4689 1134 4747; x_wconf 92' lang='lat' dir='ltr'>talis</span> <span class='ocrx_word' id='word_1_322' title='bbox 1157 4696 1229 4748; x_wconf 92' lang='lat' dir='ltr'>est:</span> <span class='ocrx_word' id='word_1_323' title='bbox 1261 4684 1346 4769; x_wconf 90' lang='lat' dir='ltr'>(vide</span> <span class='ocrx_word' id='word_1_324' title='bbox 1368 4691 1446 4749; x_wconf 90' lang='lat' dir='ltr'>Doc.</span> 
     </span>
     <span class='ocr_line' id='line_1_40' title="bbox 184 4788 1443 4870; baseline 0.005 -21"><span class='ocrx_word' id='word_1_325' title='bbox 184 4792 255 4865; x_wconf 84' lang='lat'><strong>356.</strong></span> <span class='ocrx_word' id='word_1_326' title='bbox 268 4806 348 4850; x_wconf 93' lang='lat' dir='ltr'>anno</span> <span class='ocrx_word' id='word_1_327' title='bbox 364 4808 455 4867; x_wconf 82' lang='lat'>1490.</span> <span class='ocrx_word' id='word_1_328' title='bbox 483 4809 529 4851; x_wconf 92' lang='lat'>11.</span> <span class='ocrx_word' id='word_1_329' title='bbox 542 4788 697 4870; x_wconf 76' lang='lat' dir='ltr'>octobris).</span> <span class='ocrx_word' id='word_1_330' title='bbox 711 4793 774 4853; x_wconf 90' lang='lat' dir='ltr'>Nos</span> <span class='ocrx_word' id='word_1_331' title='bbox 786 4795 889 4869; x_wconf 91' lang='lat' dir='ltr'>itaque</span> <span class='ocrx_word' id='word_1_332' title='bbox 897 4795 1102 4869; x_wconf 91' lang='lat' dir='ltr'>peticionibus</span> <span class='ocrx_word' id='word_1_333' title='bbox 1119 4795 1312 4870; x_wconf 81' lang='lat' dir='ltr'>prefatorum</span> <span class='ocrx_word' id='word_1_334' title='bbox 1325 4796 1443 4855; x_wconf 89' lang='lat' dir='ltr'>domini</span> 
     </span>
     <span class='ocr_line' id='line_1_41' title="bbox 182 4898 1438 4977; baseline 0.004 -22"><span class='ocrx_word' id='word_1_335' title='bbox 182 4898 306 4956; x_wconf 89' lang='lat' dir='ltr'>Martini</span> <span class='ocrx_word' id='word_1_336' title='bbox 329 4899 457 4972; x_wconf 90' lang='lat' dir='ltr'>plebani</span> <span class='ocrx_word' id='word_1_337' title='bbox 482 4904 512 4957; x_wconf 91' lang='lat' dir='ltr'>et</span> <span class='ocrx_word' id='word_1_338' title='bbox 535 4900 666 4959; x_wconf 89' lang='lat' dir='ltr'>Emerici</span> <span class='ocrx_word' id='word_1_339' title='bbox 691 4900 818 4959; x_wconf 86' lang='lat' dir='ltr'>litterati</span> <span class='ocrx_word' id='word_1_340' title='bbox 836 4901 1014 4960; x_wconf 89' lang='lat' dir='ltr'>nominibus</span> <span class='ocrx_word' id='word_1_341' title='bbox 1037 4902 1114 4960; x_wconf 90' lang='lat' dir='ltr'>etin</span> <span class='ocrx_word' id='word_1_342' title='bbox 1136 4903 1284 4977; x_wconf 85' lang='lat' dir='ltr'>personis,</span> <span class='ocrx_word' id='word_1_343' title='bbox 1301 4916 1438 4977; x_wconf 91' lang='lat' dir='ltr'>quorum</span> 
     </span>
    </p>
   </div>
   <div class='ocr_carea' id='block_1_10' title="bbox 0 0 1644 5348">
    <p class='ocr_par' dir='ltr' id='par_1_11' title="bbox 0 0 1644 5348">
     <span class='ocr_line' id='line_1_42' title="bbox 0 0 1644 5348; baseline 0 0"><span class='ocrx_word' id='word_1_344' title='bbox 0 0 1644 5348; x_wconf 95' lang='lat' dir='ltr'> </span> 
     </span>
    </p>
   </div>
  </div>
 </body>
</html>
