3278 5348
575 497 650 562 Doc.
673 512 741 578 272.
768 534 809 546 -
833 499 891 560 An.
917 512 1005 581 1472.
1352 516 1414 582 337

142 717 272 790 Czerye,
297 717 442 790 Kobilya,
458 716 610 790 Zwiblya,
626 717 733 788 Narth‚
750 717 941 791 Petrowyna,
957 717 1178 792 Syllalrowyna
1203 724 1234 777 et
1256 721 1417 793 Hraschya

145 829 285 894 vocatas,
302 824 427 881 omnino
451 823 483 881 in
506 824 654 882 comitatu
679 824 871 896 zagrabiensi
894 825 1065 896 existentes,
1082 825 1213 896 habitas,
1236 827 1268 884 in
1283 842 1417 901 quarum

145 928 279 1002 pacifico
315 928 453 987 dominio
485 927 598 1003 prefati
629 929 712 986 cives
742 928 975 1003 predecessores
999 945 1071 988 suos
1093 931 1134 988 ab
1157 931 1284 1005 antiquo
1308 932 1416 1006 persti-

146 1034 238 1104 tisse;
261 1034 316 1092 sed
347 1034 472 1093 tandem
503 1035 659 1108 preteritis
690 1033 918 1094 disturbiorum
941 1037 1136 1109 temporibus
1169 1053 1225 1111 per
1247 1039 1416 1097 nonnullos

145 1139 323 1199 detentores
345 1140 529 1199 earumdem
551 1141 822 1215 qualitercumque
839 1141 941 1199 minus
963 1143 1042 1200 iuste
1065 1142 1106 1200 ab
1130 1143 1197 1216 ipsa
1221 1144 1345 1202 civitate
1360 1157 1415 1202 no·

145 1253 212 1305 stra
235 1252 401 1322 occupatas
433 1255 464 1305 et
486 1248 635 1306 alienatas
666 1246 733 1305 fore
763 1254 910 1306 asserunt.
943 1249 1020 1306 Item
1051 1254 1152 1307 totum
1183 1254 1214 1308 et
1244 1265 1337 1308 omne
1368 1248 1417 1326 jus

145 1360 288 1412 nostrum
319 1354 450 1428 regium,
481 1355 508 1413 si
537 1353 620 1429 quod
652 1355 683 1412 in
715 1353 843 1429 prefatis
874 1355 1121 1429 possessionibus
1143 1357 1413 1430 qualitercumque

145 1461 333 1519 haberemus
356 1466 409 1519 aut
430 1466 570 1519 nostram
599 1477 638 1519 ex
660 1460 911 1535 quibuscumque
934 1462 1043 1533 causis,
1060 1462 1132 1533 viis,
1157 1461 1260 1520 modis
1282 1468 1312 1520 et
1336 1462 1414 1520 raci-

147 1566 262 1624 onibus
285 1573 482 1626 concerneret
506 1567 709 1638 maiestatem,
740 1567 836 1624 simul
859 1583 931 1626 cum
954 1569 1071 1626 cunctis
1095 1567 1277 1626 earumdem
1299 1568 1416 1627 utilita-

148 1673 235 1730 tibus
259 1678 289 1731 et
318 1674 514 1747 pertinenciis
539 1673 732 1746 quibuslibet
755 1675 923 1747 premissis,
948 1676 991 1732 sic
1014 1680 1048 1732 ut
1071 1673 1236 1749 prefertur,
1259 1674 1413 1733 stantibus

146 1783 179 1836 et
202 1779 396 1850 habentibus,
420 1787 593 1837 memorate
615 1779 732 1837 civitati
756 1784 860 1837 nostre
883 1781 998 1838 montis
1021 1779 1182 1838 Grecensis
1205 1786 1235 1838 et
1259 1796 1316 1854 per
1334 1795 1404 1839 con·

146 1899 278 1958 sequens
301 1886 423 1943 civibus
446 1891 476 1944 et
499 1885 676 1960 hospitibus
699 1885 730 1943 in
753 1885 863 1943 eadem
888 1901 946 1960 pro
969 1893 1109 1959 tempore
1133 1887 1406 1954 commorantibus,

144 1991 255 2063 vigore
284 1992 418 2050 aliarum
447 1992 624 2051 litterarum
653 1999 831 2050 nostrarum
862 1992 1112 2050 donacionalium
1143 1992 1254 2051 exinde
1286 1991 1411 2050 confec·

144 2103 251 2156 tarum
272 2099 304 2156 in
328 2102 515 2172 perpetuum
538 2099 768 2170 contulerimus,
791 2098 988 2172 velimusque
1012 2099 1138 2156 eosdem
1171 2100 1203 2157 in
1236 2099 1411 2158 dominium

147 2203 331 2263 earumdem
362 2221 419 2280 per
449 2210 592 2264 nostrum
621 2211 651 2264 et
687 2213 828 2264 vestrum
850 2207 994 2264 homines
1016 2207 1168 2278 legittime
1192 2205 1295 2265 facere
1317 2207 1413 2265 intro·

145 2308 227 2368 duci.
249 2308 350 2385 Super
379 2325 442 2385 quo
474 2311 620 2370 fidelitati
642 2319 745 2395 vestre
775 2312 968 2383 mandamus,
994 2318 1146 2384 quatenus
1169 2319 1309 2370 vestrum
1339 2311 1411 2370 mit·

145 2415 219 2474 tatis
242 2417 402 2476 hominem
424 2433 483 2493 pro
506 2419 682 2477 testimonio
697 2418 900 2492 fidedignum,
917 2434 979 2492 quo
1003 2424 1153 2493 presente,
1171 2418 1255 2476 lwek
1278 2417 1316 2476 de
1340 2418 1412 2476 Bre-

144 2536 295 2595 zowycza,
331 2540 394 2582 sew
428 2525 577 2582 Martinus
601 2524 639 2582 de
663 2523 892 2597 Schytaryeum,
930 2525 982 2582 vel
1017 2525 1149 2583 Michael
1174 2524 1409 2597 Bencelrowyth,

145 2633 200 2686 aut
223 2628 331 2688 Petrus
354 2629 394 2689 de
408 2630 557 2704 Kayenik,
581 2647 634 2690 seu
652 2632 833 2690 Valentinus
856 2630 895 2688 de
918 2630 1135 2703 Chemkowcz,
1161 2635 1214 2688 aut
1236 2630 1412 2706 Stephanus

144 2734 187 2791 de
209 2735 404 2809 Adamowcz,
427 2737 497 2795 aliis
520 2738 709 2808 absentibus,
728 2738 825 2795 homo
848 2743 960 2808 noster,
984 2736 1024 2794 ad
1048 2735 1140 2794 facies
1163 2738 1412 2811 prescriptarum

144 2843 377 2914 possessionum
406 2843 516 2901 vicinis
539 2849 569 2902 et
591 2845 810 2902 commetaneis
842 2843 1022 2901 earumdem
1047 2843 1198 2901 universis
1219 2843 1296 2901 inibi
1321 2841 1413 2915 legit·

147 2947 223 3005 time
245 2948 422 3007 convocatis
445 2954 474 3007 et
497 2950 694 3023 presentibus
709 2948 890 3021 accedendo
914 2948 1089 3007 introducat
1112 2954 1301 3006 memoratos
1327 2949 1409 3005 cives

145 3059 177 3112 et
207 3054 462 3113 communitatem
493 3054 573 3113 dicte
603 3055 737 3114 civitatis
767 3056 799 3113 in
822 3055 995 3113 dominium
1019 3055 1209 3126 earumdem,
1233 3059 1410 3127 statuatque

145 3159 272 3219 easdem
295 3160 413 3219 eisdem
445 3162 541 3220 simul
565 3178 636 3221 cum
667 3161 750 3219 dicto
779 3160 847 3237 jure
870 3167 976 3219 nostro
998 3162 1083 3233 regio
1106 3161 1138 3219 in
1160 3160 1277 3218 eisdem
1305 3160 1413 3218 habito

145 3282 182 3324 ac
204 3268 321 3326 cunctis
342 3267 523 3327 earumdem
553 3268 741 3327 utilitatibus
773 3274 803 3326 et
826 3269 1023 3343 pertinenciis
1045 3269 1238 3340 quibuslibet
1262 3267 1413 3342 premisse

144 3378 250 3432 nostre
272 3387 353 3432 nove
373 3374 550 3434 donacionis
573 3375 665 3434 titulo
686 3380 834 3449 perpetue
858 3373 1067 3448 possidendas,
1091 3374 1117 3431 si
1140 3389 1202 3431 non
1226 3372 1318 3430 luerit
1334 3387 1409 3430 con·

146 3478 313 3537 tradictum
325 3498 332 3551 ;
362 3480 603 3540 contradictores
626 3496 711 3553 vero,
742 3482 769 3539 si
796 3481 849 3554 qui
881 3479 1003 3554 fuerint,
1027 3486 1133 3537 evocet
1156 3478 1283 3536 eosdem
1306 3484 1413 3536 contra

145 3590 307 3644 annotatos
330 3586 413 3644 cives
436 3588 469 3645 in
491 3588 684 3662 presenciam
707 3588 861 3645 banorum
885 3587 936 3644 vel
960 3587 1182 3643 vicebanorum
1207 3586 1294 3658 regni
1311 3585 1409 3642 nostri

144 3690 309 3750 Sclauonie
339 3692 378 3749 ad
410 3694 578 3752 terminum
612 3687 861 3768 competentem‚'
880 3693 1038 3750 racionem
1068 3709 1121 3750 sue
1152 3690 1412 3749 contradiccionis

142 3797 328 3856 reddituros.
352 3798 389 3858 Et
412 3805 483 3874 post
505 3800 562 3858 hec
585 3800 764 3858 huiusmodi
787 3798 1028 3857 introduccionis
1052 3804 1081 3856 et
1097 3798 1275 3856 statucionis
1300 3798 1411 3854 seriem

142 3919 215 3962 cum
239 3905 502 3964 contradictorum
533 3911 563 3965 et
594 3914 802 3976 evocatorum,
836 3906 862 3964 si
885 3907 938 3979 qui
970 3904 1092 3973 suerint,
1116 3904 1354 3974 vicinorumque
1377 3907 1407 3959 et

141 4017 436 4083 commetaneorum,
461 4012 514 4084 qui
539 4012 690 4085 premisse
713 4013 876 4069 statucioni
900 4013 1069 4069 intererunt
1093 4010 1278 4078 nominibus,
1306 4009 1411 4066 termi-

142 4131 245 4191 noque
268 4116 423 4190 assignato
447 4117 564 4176 eisdem
587 4119 676 4176 banis
693 4119 744 4176 vel
761 4119 918 4176 vicebanis
935 4118 1048 4175 nostris
1072 4116 1207 4174 fideliter
1223 4114 1409 4172 rescribatis.

142 4223 259 4281 Datum
293 4222 378 4281 Bude
402 4223 478 4282 feria
509 4232 619 4298 quarta
649 4227 794 4298 proxima
826 4232 894 4298 post
927 4224 1040 4282 testum
1070 4224 1291 4280 penthecostes.
1320 4222 1411 4277 Anno

142 4328 263 4386 domini
285 4328 456 4387 millesimo
480 4330 785 4403 quadringentesimo
808 4331 1038 4404 septuagesimo
1063 4327 1205 4385 secundo.
1231 4328 1409 4400 Regnorum

141 4442 320 4493 nostrorum
344 4449 424 4493 anno
448 4436 607 4509 Hungarie
631 4443 685 4495 etc.
710 4436 949 4511 quintodecimo,
973 4435 1119 4493 Bohemie
1143 4449 1217 4491 vero
1241 4440 1363 4507 quarto.

247 4544 290 4610 (Α
309 4545 405 4610 tergo).
435 4542 596 4600 Fidelibus
626 4544 740 4601 nostris
770 4543 909 4616 capitulo
941 4542 1068 4599 ecclesie
1101 4540 1236 4598 albensis
1260 4553 1318 4612 pro
1351 4538 1410 4595 cir·

141 4650 328 4724 cumspectis
357 4648 468 4726 judice,
498 4647 615 4725 juratis,
647 4651 819 4723 ceterisque
842 4649 963 4707 civibus
993 4649 1126 4706 civitatis
1156 4650 1260 4705 nostre
1296 4643 1410 4702 montis

140 4754 312 4826 Grecensis,
336 4755 560 4815 introductoria
584 4761 615 4814 et
637 4758 811 4815 statutoria.

248 4891 382 4957 Originale
399 4893 427 4942 ln
446 4892 542 4951 charta,
561 4899 645 4942 exstat
669 4893 750 4943 eciam
776 4894 804 4942 in
831 4898 991 4955 transumpto
1019 4888 1126 4954 capituli
1152 4888 1265 4938 albensis
1284 4888 1316 4935 de
1343 4902 1410 4936 anno

143 4993 219 5047 1473.
238 4981 271 5030 In
288 4980 358 5033 arch.
376 4980 423 5034 lib.
443 4997 495 5046 reg.
515 4982 564 5036 civ.
582 4981 683 5046 aagrab.

1268 5087 1306 5129 22
