3278 5348
184 466 246 527 ¹94
552 446 625 504 Doc.
647 456 713 522 137.
736 440 807 516 138.
828 477 873 489 —
894 444 951 502 An.
974 456 1065 522 1443.

182 650 307 737 temque
332 667 514 738 perpetuam
537 663 678 736 sigillum
701 667 841 721 nostrum
865 675 1031 719 commune
1053 658 1201 718 duximus
1216 657 1440 734 apponendum.

182 769 298 827 Datum
330 769 360 826 in
386 767 464 827 testo
487 769 571 826 beati
594 769 754 827 Ambrosii
777 767 915 842 episcopi
936 770 1030 840 atque
1052 765 1197 825 doctoris.
1223 767 1316 824 Anno
1332 764 1442 823 domini

182 874 354 935 millesimo
376 875 684 948 quadringentesimo
706 873 947 949 quadragesimo
969 872 1072 932 tercio.

287 1010 422 1076 Originnle
440 1012 467 1060 in
486 1010 641 1063 membrana.
662 1012 685 1061 Α
709 1018 782 1075 tergo
800 1010 938 1074 vestigium
962 1009 1081 1076 impressi
1099 1007 1188 1073 sigilli.
1216 1008 1249 1057 In
1268 1006 1385 1056 archivio
1402 1004 1443 1058 bb.

182 1116 234 1164 reg.
254 1101 302 1152 civ.
322 1100 422 1164 aagrab.

784 1273 862 1345 137.

289 1421 369 1469 Anno
392 1432 467 1484 1443,
489 1431 528 1470 ιο.
548 1418 645 1484 aprilis.
664 1419 761 1471 Budae.

291 1540 499 1628 (Vladislaus)
522 1564 577 1606 rex
594 1548 756 1624 prohibuit
771 1548 829 1605 sub
845 1562 944 1622 poena
968 1547 1086 1621 capitis,
1109 1543 1196 1602 exilii
1218 1547 1249 1600 et
1266 1538 1448 1616 privationis

184 1657 324 1713 omnium
348 1656 502 1714 bonorum
526 1672 564 1714 ne
587 1656 725 1714 canonici
747 1655 818 1713 huic
841 1655 989 1729 episcopo
1013 1641 1202 1730 (benedicto)
1217 1647 1375 1719 obediant,
1401 1644 1448 1702 cui

185 1762 332 1819 mandato
368 1778 438 1820 cum
470 1763 501 1820 hi
534 1764 808 1836 obtemperassent,
843 1761 882 1819 ad
919 1761 1101 1819 instanciam
1124 1756 1281 1816 Benedicti
1310 1751 1448 1831 ejusdem

185 1869 323 1942 episcopi
345 1869 561 1941 zagrabiensis,
585 1869 725 1942 suspensi
749 1874 779 1925 et
801 1867 956 1926 interdicti
980 1866 1120 1938 fuerunt,
1159 1879 1177 1922 a
1208 1877 1271 1937 qua
1301 1859 1449 1920 sententia

185 1974 387 2048 appelarunt;
421 1974 545 2032 interim
579 1974 904 2049 appropinquantibus
935 1973 1020 2031 iestis
1053 1971 1270 2046 supplicarunt
1300 1964 1450 2025 cardinali

186 2081 289 2153 iegato
314 2125 321 2138 .
346 2127 351 2138 .
376 2127 381 2138 .
406 2097 430 2139 s.
455 2079 587 2138 Sabinae
610 2081 761 2139 cardinali
795 2096 817 2137 s.
853 2080 964 2152 Angeli
998 2077 1170 2151 vulgariter
1206 2079 1395 2148 nuncupato,
1419 2076 1451 2127 ut

187 2201 238 2244 eos
261 2187 449 2258 absolveret,
472 2203 551 2244 nea
574 2188 669 2244 sacris
691 2187 845 2245 abstinere
869 2202 926 2260 per
949 2185 1026 2243 festa
1056 2189 1247 2257 cogerentur,
1284 2179 1451 2255 praecipue

187 2307 259 2349 cum
282 2300 441 2364 sperarent
463 2310 496 2350 se
519 2308 609 2367 posse
632 2294 756 2351 interim
781 2308 852 2349 curn
875 2291 985 2350 eodem
1001 2291 1149 2366 epIscopo
1163 2287 1359 2360 zagrabiensi
1381 2299 1451 2342 con·

186 2398 315 2456 cordare
338 2407 366 2456 et
383 2415 443 2456 non
467 2410 584 2474 sponte,
608 2400 660 2457 sed
685 2399 831 2457 mandato
850 2400 944 2472 regio,
960 2399 1001 2457 ab
1024 2396 1200 2455 obedientia
1214 2393 1451 2454 retraherentur.

188 2504 362 2562 Cardinalis
384 2505 511 2563 mandat
534 2507 641 2564 abbati
664 2507 694 2564 B.
712 2507 747 2564 V.
763 2513 797 2564 ut
813 2522 865 2564 eos
885 2506 1065 2563 absolvata
1087 2502 1288 2577 suspensione
1310 2506 1341 2558 et
1357 2500 1451 2558 etiam

187 2612 422 2684 irregularitate,
454 2614 479 2669 si
504 2628 597 2686 quam
622 2613 808 2670 celebrando
840 2614 1043 2682 incurrerunt,
1079 2612 1122 2668 ita
1143 2618 1178 2668 ut
1199 2610 1280 2667 inter
1313 2622 1365 2683 40.
1389 2605 1453 2663 dies

188 2716 382 2788 concordent,
406 2719 486 2776 intra
521 2733 606 2792 quos,
630 2720 737 2777 sinon
771 2718 1027 2777 concordaverint
1056 2717 1126 2792 ipso
1157 2716 1239 2773 sacto
1274 2714 1305 2772 in
1329 2711 1452 2771 easdem

188 2838 305 2898 poenas
328 2824 474 2882 recidant.
497 2854 538 2863 -
562 2825 691 2897 Eugenii
714 2825 765 2883 IV.
789 2838 869 2882 anno
891 2819 969 2883 XIII.

294 2960 401 3023 Georgii
420 2960 590 3017 Marcelovid;
611 2963 736 3024 Regesta,
756 2968 784 3010 ut
804 2976 888 3026 supra.

785 3189 863 3257 138.

297 3351 377 3398 Αιιιιο
400 3363 474 3411 1443,
495 3362 535 3401 21.
556 3351 715 3414 septembris.
737 3350 883 3414 Zagrabiae.

197 3478 299 3534 Coram
323 3478 520 3534 corrrrnunitate
542 3479 666 3535 civitatis
687 3480 791 3537 trientis
820 3477 971 3537 Greceusis
993 3477 1153 3536 Mathoeus
1175 3478 1298 3537 Farkas
1310 3477 1456 3554 Stephano

573 3583 665 3660 Sajko
687 3585 821 3660 carnifici
840 3604 945 3659 agrum
969 3584 1072 3643 vendit.

299 3726 362 3783 Nos
377 3726 566 3798 Benedictus
583 3727 667 3784 filius
685 3729 853 3799 Michaelis
865 3727 969 3805 judex,
985 3728 1138 3800 Vrbanus,
1151 3728 1320 3797 Emericus,
1334 3729 1458 3800 Paulus,

192 3831 397 3901 Sebastianus
422 3832 537 3903 Petrus,
562 3833 746 3904 Demetrius,
775 3836 907 3892 Illichael
930 3842 960 3893 et
984 3834 1135 3907 Georgius
1159 3833 1260 3910 jurati,
1289 3836 1458 3894 consiliarii

193 3945 223 3995 et
246 3940 379 3996 uniuersi
403 3940 485 3995 cives
509 3940 641 3997 civitatis
666 3941 778 3998 montis
801 3940 992 3999 Grechensis.
1017 3942 1165 3999 Memorie
1200 3942 1457 4001 commendamus

193 4061 249 4118 per
272 4052 437 4118 presentes
461 4045 545 4118 quod
568 4048 616 4103 vir
638 4047 788 4119 providus
812 4055 841 4105 et
865 4049 1009 4105 honestus
1032 4048 1172 4119 Mathias,
1189 4047 1290 4106 dictus
1312 4048 1458 4116 Farlrass,

193 4151 277 4208 filins
289 4151 389 4222 Egidii
413 4151 451 4208 dc
464 4152 613 4223 Klokoch,
631 4153 753 4225 pridem
768 4152 896 4229 juratus,
913 4154 1110 4228 concivIsque
1133 4161 1238 4212 noster
1260 4154 1301 4212 ad
1317 4165 1458 4214 nostram

193 4258 398 4331 personaliter
421 4258 573 4314 veniendo
597 4260 788 4332 presenciam
821 4260 977 4318 consessus
1001 4268 1046 4318 est
1081 4261 1112 4319 in
1135 4262 1217 4319 hunc
1241 4260 1391 4321 modum:
1424 4270 1459 4322 ut

194 4364 260 4438 ipse
284 4363 439 4435 quandam
464 4372 578 4421 terram
610 4381 698 4422 suam
730 4366 884 4424 arabilem
908 4368 938 4423 in
973 4382 1085 4441 campo
1119 4372 1225 4425 nostro
1247 4382 1302 4425 seu
1325 4369 1459 4428 civitatis

195 4469 332 4543 predicte
355 4469 434 4527 inter
456 4471 618 4543 antiquum
650 4480 786 4530 meatum
810 4489 863 4530 sen
899 4473 1079 4531 descensum
1115 4473 1202 4531 fluvii
1232 4472 1458 4534 Chemomerca

195 4576 299 4633 vocati
322 4577 363 4632 ab
387 4576 552 4648 occidente,
576 4578 762 4636 linthichma
785 4589 939 4651 vocatum,
963 4587 993 4637 et
1016 4581 1095 4638 inter
1117 4579 1194 4638 duas
1217 4580 1285 4638 vias
1308 4581 1457 4656 publicas,

195 4697 290 4740 unam
313 4697 331 4739 a
354 4683 483 4740 meridie
506 4690 536 4739 et
558 4684 690 4742 alteram
713 4700 730 4742 a
752 4688 972 4760 septemtrione
995 4688 1167 4759 existentes,
1190 4700 1227 4744 ac
1249 4685 1330 4745 inter
1361 4693 1456 4746 terras

195 4789 341 4846 similiter
370 4789 504 4847 arabiles
535 4790 708 4848 liberorum
731 4807 784 4850 seu
807 4808 1021 4851 successorum
1040 4773 1173 4852 condam
1188 4791 1318 4877 Joannis
1338 4791 1456 4870 judicis,

196 4894 256 4953 filii
276 4896 386 4978 Jacobi
417 4896 491 4955 dicti
513 4896 600 4955 Bolie
622 4898 663 4955 ab
686 4899 810 4970 oriente,
835 4900 989 4959 mediante
1012 4899 1163 4959 moderno
1194 4905 1299 4958 meatu
1320 4914 1376 4959 seu
1407 4897 1455 4957 de·
