3278 5348
615 464 689 528 Dor.
706 478 784 546 300.
806 501 850 512 -
872 464 929 527 An.
952 459 1041 547 1476.
1398 413 1470 548 ’369ι
1546 414 1550 420 ¹

198 685 327 745 deberet
349 693 379 745 et
401 691 556 745 teneretur
580 685 841 756 ammonuissent;
857 684 1039 758 quiquidem
1055 684 1174 742 Blasius
1196 684 1291 761 judex
1315 687 1467 760 premissa

197 794 303 851 omnia
327 792 427 850 facere
449 797 627 864 recusasset,
659 790 714 848 ubi
742 789 840 868 iidem
867 787 985 865 judices
1015 790 1171 849 nobilium
1194 790 1304 849 eadem
1326 791 1377 850 die
1398 807 1465 849 am·

197 898 381 957 monicionis
412 898 585 972 prelibatus
615 898 771 956 Thomam
802 901 940 954 sutorem
971 911 1007 954 ac
1030 894 1222 971 Stephanum
1245 897 1311 954 Lah
1335 902 1365 956 et
1387 898 1466 957 alios

196 1006 398 1079 prescriptos,
428 1019 487 1078 pro
518 1008 592 1062 tunc
614 1019 688 1077 erga
712 1003 818 1076 ipsum
846 1006 989 1076 repertos
1016 1008 1048 1060 et
1075 1004 1229 1075 inventos,
1249 1001 1289 1061 ao
1311 999 1466 1078 justiciam

197 1111 437 1184 prohibuissent.
460 1111 579 1170 Datum
601 1110 752 1184 Zagrabie
775 1114 862 1166 sexto
886 1107 937 1166 die
960 1108 1022 1166 diei
1044 1109 1280 1167 ammonicionis
1303 1115 1334 1167 et
1357 1110 1465 1183 prohi-

195 1212 328 1275 bicionis
351 1220 591 1291 prenotatamm.
616 1218 704 1275 Anno
727 1212 847 1275 domini
869 1214 1040 1272 millesimo
1065 1208 1375 1288 quadringentesimo·
1395 1224 1464 1290 sep·

196 1324 371 1396 tuagesirno
394 1323 511 1398 quinto.

301 1509 436 1574 Originale
448 1511 476 1559 in
489 1509 585 1564 charta.
598 1511 626 1559 A
637 1516 709 1575 tergo
721 1509 831 1574 vestigia
850 1510 1129 1575 quatuorsigillorum.
1149 1513 1181 1560 In
1199 1511 1295 1559 archiv.
1312 1518 1371 1562 ven.
1385 1508 1454 1575 cupit

194 1593 251 1649 eccl
278 1600 383 1664 zagreb.
399 1601 461 1651 Act.
481 1598 545 1664 Cap.
564 1606 617 1649 eut.
637 1600 699 1652 lese.
722 1609 761 1651 10.
781 1615 818 1651 ur.
842 1610 882 1666 15„

700 1841 706 1850 ’
779 1878 877 1951 auo.

263 2091 266 2095 ·
301 2076 387 2127 Anno
403 2076 478 2142 1⁴7⁶,
500 2076 541 2131 ro.
556 2074 639 2142 Jmii.
652 2040 755 2130 'auom

191 2220 342 2295 Mothias,
361 2222 539 2296 Hungariae
561 2226 618 2279 etc.
632 2241 693 2279 rex.
716 2222 864 2301 comitanti
883 2223 1005 2295 zagrab.
1029 2224 1154 2297 imperat
1175 2231 1209 2281 ut
1229 2238 1462 2299 utramquomque

191 2346 404 2406 conmumtan's
426 2347 553 2405 civitatis
574 2347 677 2404 monui
706 2345 857 2405 Grecensis
871 2347 1079 2420 querimoniam
1094 2349 1174 2404 omni
1189 2355 1310 2422 tempore
1324 2348 1460 2421 excipiat.

943 2502 984 2552 De
1002 2503 1181 2553 commissione
1200 2502 1300 2553 domiui
1314 2502 1390 2567 regis.

301 2628 432 2692 Mathias
456 2628 505 2693 dei
524 2633 629 2708 gracia
644 2649 699 2692 rex
715 2627 872 2707 Hungarie
888 2640 918 2692 et
934 2628 1080 2693 bohemie
1096 2640 1152 2692 etc.
1169 2628 1329 2693 Fidelibus
1344 2633 1459 2692 nostris

192 2739 301 2799 comiti
335 2740 386 2797 vel
421 2740 596 2799 vicecomiti
630 2746 660 2798 et
688 2737 844 2815 judicibus
867 2740 1025 2798 nobilium
1056 2741 1220 2799 comitatus
1243 2734 1460 2813 zagrabiensis,

191 2847 329 2905 salutem
352 2852 382 2904 et
404 2847 549 2919 graciam.
573 2844 748 2920 Exponitur
770 2847 923 2905 maiestati
954 2851 1058 2905 nostre
1088 2846 1119 2905 in
1149 2844 1289 2921 personis
1317 2844 1460 2904 fidelium

190 2960 371 3011 nostrorum
395 2952 692 3026 circumspectorum
714 2950 825 3028 judicis
841 2957 871 3010 et
886 2949 1060 3027 juratorum
1076 2953 1193 3011 civium
1209 2952 1342 3011 civitatis
1356 2957 1460 3010 nostre

191 3059 306 3117 montis
329 3056 492 3116 Grecensis
514 3052 673 3132 quomodo
696 3074 753 3116 vos
774 3059 807 3117 in
829 3074 939 3117 eorum
954 3060 1063 3132 causis,
1078 3060 1222 3132 negociis,
1237 3058 1366 3135 juribus,
1383 3057 1458 3115 <ium

190 3180 248 3223 vos
278 3165 340 3238 ipsi
370 3164 530 3238 requirent
558 3170 588 3222 et
619 3170 757 3223 vestrum
788 3166 947 3224 hominem
978 3166 1101 3224 mittere
1129 3181 1190 3223 non
1221 3166 1344 3223 velletis
1375 3179 1459 3222 com-

192 3287 320 3330 munem
350 3269 507 3346 justiciam
537 3271 613 3345 ipsis
644 3270 768 3346 penitus
801 3272 1004 3345 abnegantes;
1039 3288 1111 3330 cum
1144 3278 1248 3331 autem
1284 3269 1458 3330 communis

188 3374 311 3453 justicia
341 3378 458 3437 nemini
488 3377 528 3436 sit
558 3373 757 3450 abneganda,
787 3377 858 3436 ideo
888 3376 1032 3437 fidelitati
1064 3385 1166 3437 vestre
1197 3377 1329 3436 firmiter
1361 3377 1457 3451 preci·

189 3484 308 3557 pientes
330 3483 527 3559 mandamus,
558 3491 709 3557 quatenus
739 3484 872 3559 receptis
895 3485 1099 3558 presentibus,
1123 3484 1252 3541 dumet
1276 3482 1398 3555 quando
1422 3498 1458 3538 ac

189 3591 473 3664 quocienscumque
504 3605 563 3663 pro
593 3597 681 3665 parte
712 3590 894 3649 eorumdem
926 3592 1042 3649 civium
1066 3596 1244 3648 nostrorum
1267 3587 1387 3645 fueritis
1410 3603 1457 3645 re·

189 3696 304 3770 quisiti,
335 3690 453 3754 eisdem
485 3697 517 3755 in
551 3696 696 3754 omnibus
729 3698 828 3755 causis
859 3703 889 3755 et
917 3695 1038 3772 juribus
1073 3698 1213 3771 ipsorum
1244 3693 1331 3771 juxta
1355 3694 1457 3765 legem

187 3807 281 3877 atque
305 3802 558 3861 consuetudinem
583 3804 670 3876 regni
693 3805 791 3861 nostri
816 3809 935 3861 vestros
957 3804 1098 3861 homines
1122 3801 1339 3871 transmittere,
1363 3801 1453 3874 ipsis-

188 3925 249 3983 que
272 3910 358 3967 iuxta
380 3908 548 3968 tassionem
571 3908 751 3967 huiusmodi
785 3910 947 3967 hominum
978 3916 1156 3967 vestrorum
1186 3908 1306 3965 litteras
1338 3917 1454 3979 oppor-

187 4020 277 4074 tunas
301 4022 331 4074 et
354 4016 546 4074 necessarias
569 4015 644 4074 dare
666 4021 696 4074 et
719 4017 855 4074 emanari
879 4015 979 4074 facere
996 4015 1144 4087 debeatis,
1160 4013 1318 4072 communi
1334 4010 1456 4088 justicia

187 4122 382 4194 requirente;
404 4129 547 4179 caventes
570 4127 674 4180 tamen
696 4138 734 4180 ne
757 4121 843 4179 fraus
859 4128 911 4178 aut
927 4121 1018 4179 dolus
1035 4121 1147 4179 exinde
1171 4121 1288 4178 oriatur
1309 4118 1454 4191 aliquale.

186 4227 281 4287 Secus
312 4243 372 4286 non
403 4227 522 4286 facturi.
552 4229 750 4287 Presentibus
781 4228 934 4302 perlectis,
957 4229 1115 4287 exhibenti
1148 4227 1307 4287 restitutis.
1338 4227 1453 4284 Datum

186 4328 272 4392 Bude
295 4331 421 4393 domina
437 4325 536 4413 (post)
552 4332 666 4393 testum
681 4334 881 4394 sacratissimi
901 4337 1040 4409 corporis
1057 4335 1181 4393 Christi.
1203 4336 1293 4391 Anno
1316 4332 1454 4391 eiusdem

185 4440 358 4500 millesimo
381 4440 686 4515 quadringentesimo
709 4441 940 4516 septuagesimo
961 4446 1056 4499 sexto.
1082 4442 1259 4513 Regnorum
1275 4447 1454 4498 nostrorum

184 4561 266 4606 anno
291 4548 450 4621 Hungarie
473 4554 529 4606 etc.
553 4547 787 4620 decimonono,
811 4547 958 4606 Bohemie
981 4561 1056 4605 vero
1080 4554 1199 4605 octavo.

291 4754 426 4820 Origiusle
444 4755 472 4805 in
491 4754 588 4819 charta,
607 4763 646 4804 sat
664 4771 778 4807 exesum.
797 4757 830 4804 Iu
849 4756 963 4819 margine
982 4754 1098 4804 inferiori
1107 4753 1261 4819 impressum
1273 4761 1313 4804 est
1329 4753 1454 4818 sigillum.

182 4843 217 4893 In
235 4843 350 4894 archivio
368 4843 415 4895 lib.
435 4860 488 4909 reg.
503 4823 574 4896 civit.
594 4844 695 4909 zagrab.
