3278 5348
626 419 699 474 Dec.
723 413 752 473 ό.
781 450 814 461 -
842 418 898 475 An.
923 430 1014 494 1402.

182 635 354 706 medietate,
379 636 466 691 iuxta
489 633 675 706 condignam
708 634 849 706 ipsorum
882 632 1082 691 dominorum
1111 633 1242 691 fratrum
1274 640 1449 691 nostrorum
1480 698 1483 705 ¹

181 749 211 800 et
234 743 369 800 aliorum
392 741 565 815 proborum
595 745 624 797 et
654 739 847 812 ydoneorum
871 741 1011 798 virorum
1047 741 1285 799 extimacionem
1309 741 1373 808 ille,
1397 740 1446 812 qui

184 850 217 908 in
240 848 349 906 eadem
374 847 495 905 edificia
519 846 705 916 succederet,
730 852 800 903 ante
823 861 918 919 quam
942 846 980 903 ad
1006 847 1073 920 ipsa
1097 847 1294 903 habitaturus
1314 847 1450 914 intraret,

185 955 359 1029 plenariam
382 954 574 1010 solucionem
598 957 627 1009 et
650 950 866 1008 omnimodam
887 951 1138 1024 satisfactionem,
1161 953 1248 1009 iuxta
1272 952 1372 1024 ipsius
1388 951 1452 1009 edi-

185 1061 306 1118 ficantis
330 1061 360 1116 in
385 1059 448 1116 vita
472 1059 523 1115 vel
549 1059 579 1115 in
604 1064 703 1115 morte
727 1056 976 1131 disposicionem,
1001 1056 1181 1131 impendere
1206 1063 1372 1125 teneretur,
1396 1072 1450 1115 nos

186 1168 284 1225 eciam
308 1167 408 1239 ipsam
432 1165 664 1238 prerogativam
689 1163 868 1222 donacionis
888 1180 941 1221 seu
966 1165 1119 1222 libertatis
1143 1165 1189 1234 uti
1204 1163 1401 1222 laudabilem
1425 1170 1454 1222 et

188 1273 348 1330 salubrem
361 1273 572 1344 approbantes
597 1275 626 1327 et
648 1270 858 1328 ratihabentes
878 1271 1071 1329 roboramus.
1095 1269 1302 1327 Concedimus
1317 1271 1455 1345 insuper,

184 1375 284 1453 prout-
307 1379 466 1449 hucusque
499 1378 577 1433 inter
607 1377 691 1449 ipsos
723 1375 834 1433 tratres
858 1383 978 1433 nostros
1002 1383 1031 1433 et
1056 1377 1194 1449 ipsorum
1220 1376 1318 1432 eciam
1342 1375 1454 1449 prede·

184 1499 319 1542 cessores
354 1483 512 1540 dinoscere
547 1481 641 1539 fuisse
675 1482 875 1539 laudabiliter
909 1481 1124 1553 observatum,
1156 1489 1190 1539 ut
1222 1480 1302 1538 infra
1327 1482 1455 1554 triginta

189 1591 254 1649 dies
278 1589 398 1647 tamilla
418 1588 593 1646 decedentis
617 1589 775 1662 prepositi,
800 1588 933 1663 lectoris,
958 1588 1102 1658 cantoris,
1126 1587 1273 1657 custodis,
1291 1587 1455 1660 archydia-

184 1697 252 1754 coni
287 1703 317 1754 et
352 1695 517 1752 cuiuslibet
550 1695 688 1751 canonici
722 1709 757 1751 ac
789 1709 919 1766 persone
947 1694 1153 1751 ecclesiastice
1190 1694 1336 1770 decuria
1361 1710 1457 1766 quam

185 1801 321 1861 vivendo
357 1801 552 1871 inhabitavit,
586 1816 642 1873 per
673 1800 853 1873 quempiam
884 1801 1056 1856 ammoveri
1081 1801 1209 1857 minime
1233 1801 1331 1874 possit
1355 1815 1456 1873 neque

185 1909 305 1979 debeat,
330 1908 491 1980 quinnimo
515 1905 597 1964 infra
622 1900 741 1963 dictum
764 1907 905 1979 spacium
929 1905 1050 1964 dierum
1071 1906 1197 1978 triginta
1228 1906 1367 1979 singulas
1398 1907 1454 1964 ob-

185 2015 350 2071 venciones
375 2013 550 2070 evenientes
572 2028 609 2068 ex
633 2013 729 2085 ipsius
754 2011 904 2069 beneficio
928 2026 981 2068 seu
1005 2011 1163 2069 beneficiis
1180 2012 1342 2085 percipere
1358 2012 1457 2086 possit

188 2125 281 2192 atque
316 2120 418 2175 valeat
455 2120 485 2175 in
519 2120 673 2189 integrum
697 2122 727 2174 et
750 2116 957 2174 diminucione
982 2118 1101 2190 absque
1122 2118 1215 2175 omni.
1239 2117 1457 2175 promittimus

186 2226 284 2283 eciam
318 2226 422 2281 omnia
453 2225 605 2297 premissa
636 2231 665 2281 et
695 2224 804 2296 quevis
827 2224 1052 2296 premissorum
1072 2224 1194 2296 singula
1219 2239 1274 2298 per
1298 2239 1356 2281 nos
1381 2238 1453 2281 con·

185 2346 270 2388 cessa
302 2336 366 2388 toto
402 2335 542 2403 tempore
577 2330 640 2387 vite
674 2336 778 2386 nostre
813 2330 1036 2387 inviolabiliter
1070 2329 1237 2387 observare
1272 2329 1452 2388 bonafide.

184 2440 305 2495 Harum
326 2443 504 2494 nostrarum
526 2437 634 2509 vigore
658 2443 688 2494 et
721 2437 896 2495 testimonio
928 2437 1113 2494 litterarum.
1147 2436 1264 2493 Datum
1299 2436 1453 2509 Zagrabie

185 2543 326 2618 predicta
361 2544 391 2600 in
427 2542 505 2601 festo
540 2544 624 2600 beati
658 2544 815 2601 Valentini
848 2542 991 2600 martiris.
1026 2543 1114 2600 Anno
1138 2543 1256 2601 domini
1279 2543 1454 2601 millesimo

188 2649 494 2723 quadringentesimo
517 2649 660 2707 secundo

291 2803 423 2866 Originale
442 2805 469 2852 in
488 2805 641 2852 membrana.
663 2804 766 2852 Serieea
784 2818 848 2850 zona
867 2801 978 2850 caerulei
997 2802 1091 2851 coloris
1115 2802 1213 2866 pendet
1240 2802 1339 2864 absque
1359 2802 1458 2867 sigillo.

185 2895 217 2941 In
236 2892 306 2942 arch.
326 2907 382 2944 ven.
403 2893 487 2958 Capit.
506 2893 607 2956 zagrab.
627 2894 689 2943 Act.
710 2892 794 2956 Capit.
812 2899 863 2940 ant.
884 2893 945 2940 fasc.
967 2905 989 2943 2.
1010 2893 1056 2940 Nr.
1079 2904 1101 2941 2.

291 3211 372 3259 Anno
394 3222 467 3272 1402,
491 3223 501 3258 1
532 3211 592 3274 maji
622 3211 768 3273 Zagrnbine.

193 3338 386 3395 Commendas
416 3339 541 3395 ct'rv'lott's
571 3340 672 3394 errantis
710 3337 860 3395 Grecensis
890 3357 925 3393 ne
959 3334 1066 3396 arabiles
1087 3337 1121 3393 de
1144 3335 1239 3394 Sused
1250 3339 1458 3409 possessiones,

313 3463 388 3518 qliae
410 3446 529 3501 Hradla
551 3452 578 3501 et
600 3445 758 3501 Petrovriro
782 3452 930 3512 vocantur,
955 3445 1011 3501 sih·
1031 3452 1189 3512 assumant,
1213 3452 1332 3500 recusat.

292 3606 355 3664 Nos
379 3607 526 3679 magister
548 3607 711 3689 Johannes,
736 3606 822 3664 filius
846 3605 995 3680 Stephani
1019 3612 1049 3663 et
1081 3606 1190 3663 Petrus
1220 3606 1385 3672 litteratus,
1410 3608 1456 3664 vi·

186 3713 295 3770 cebani
311 3719 341 3770 et
357 3715 486 3770 comites
514 3714 727 3785 zagrabienses
743 3729 778 3771 ac
800 3712 917 3788 judices
941 3713 1096 3769 nobilium
1118 3711 1256 3769 eiusdem
1280 3711 1456 3770 comitatus.

188 3817 341 3876 Memorie
365 3819 619 3875 commendamus
641 3836 697 3892 per
729 3826 906 3893 presentes:
929 3819 1012 3891 quod
1043 3819 1207 3900 johannes,
1239 3817 1324 3875 filius
1356 3818 1456 3890 Pauli,

189 3923 283 4001 judex
307 3926 440 3982 civitatis
457 3926 570 3982 montis
588 3925 748 3983 Grecensis
765 3925 802 3982 de
819 3926 969 3997 Zagrahia
985 3940 1040 3981 sua
1057 3930 1086 3981 et
1102 3925 1320 3982 universorum
1337 3924 1456 3983 civium

188 4030 226 4088 de
251 4030 360 4087 eadem
383 4032 413 4088 in
438 4033 577 4103 personis
608 4039 745 4089 nostram
777 4031 981 4104 personaliter
1012 4030 1165 4088 veniendo
1195 4031 1226 4088 in
1260 4032 1456 4102 presenciam

187 4153 244 4210 per
266 4137 396 4193 modum
421 4139 656 4211 protestacionis
690 4138 780 4194 nobis
803 4137 976 4209 significare
1000 4139 1121 4194 curavit
1143 4138 1175 4194 in
1198 4137 1280 4194 hunc
1303 4135 1453 4197 modum:

187 4241 270 4315 quod
294 4243 442 4314 magister
466 4243 621 4311 Nicolaus,
645 4242 729 4300 filius
752 4243 880 4312 Nicolai,
904 4242 977 4301 dicti
1001 4244 1104 4300 Touth
1135 4243 1173 4300 de
1203 4241 1397 4300 Zumzeduar
1422 4249 1453 4301 et

187 4348 359 4418 Ladislaus,
384 4348 467 4405 filius
489 4348 636 4416 eiusdem,
660 4364 776 4407 necnon
801 4348 974 4421 Stephanus
998 4357 1027 4407 et
1050 4350 1205 4431 Johannes
1237 4348 1297 4406 filii
1320 4347 1455 4407 condam

188 4453 330 4524 magistri
353 4454 514 4511 Laurencii
537 4454 681 4511 similiter
705 4455 742 4511 de
765 4456 867 4513 Touth
885 4456 922 4513 de
939 4456 1057 4527 eadem,
1074 4455 1226 4528 quasdam
1243 4456 1453 4530 possessiones

188 4573 296 4616 eorum
319 4559 502 4631 Petrouyna,
526 4560 666 4616 Hrascha
689 4566 719 4617 et
741 4560 960 4634 Sylyalrouyna
983 4567 1117 4632 vocatas,
1148 4562 1225 4635 ipsis
1248 4577 1305 4635 per
1334 4562 1455 4634 regiam

188 4665 381 4722 maiestatem
406 4680 463 4738 pro
486 4664 632 4722 fidelibus
650 4681 758 4723 eorum
775 4669 912 4726 serviciis
925 4668 1054 4725 collatas
1078 4683 1136 4741 pro
1159 4683 1192 4725 se
1218 4668 1293 4741 ipsis
1316 4666 1456 4725 indebite

186 4778 386 4844 occupassent
410 4777 439 4829 et
461 4773 618 4845 occupatis
641 4778 800 4829 uterentur
822 4772 860 4830 de
883 4775 1018 4846 presenti
1041 4773 1071 4830 in
1096 4788 1205 4830 eorum
1227 4770 1304 4848 juris
1316 4773 1454 4846 preludi-

188 4877 271 4934 cium
287 4878 421 4935 multum
438 4879 552 4951 ingens.
570 4877 658 4936 Unde
675 4877 754 4934 lacta
767 4878 944 4936 huiusmodi
962 4879 1185 4952 protestacione
1201 4877 1285 4936 idem
1296 4878 1454 4962 Johannes
