3278 5348
495 439 659 514 Doerro.
683 451 751 496 120.
779 471 816 482 -
842 439 899 500 An.
923 434 1015 516 1438.

735 681 805 752 119.

130 806 137 813 -
231 772 313 821 Anno
334 772 408 835 1438.

230 882 344 952 Budae,
373 884 406 941 in
438 883 548 956 vigilia
581 901 605 943 s.
636 883 797 942 Michaelis
834 898 940 941 coram
963 883 1121 959 Stephano
1144 885 1268 959 Bethor,
1290 883 1394 963 judice

100 990 230 1048 curiae
266 990 390 1049 Alberti
423 991 514 1064 regis,
545 990 654 1048 Petrus
678 990 842 1048 canonicus
864 991 1081 1063 zagrabiensis,
1105 999 1289 1067 procurator
1311 995 1394 1071 capi·

99 1096 182 1153 tuli
218 1098 430 1170 praesentavit
467 1098 587 1156 litteras
622 1097 756 1156 Mathiae
791 1097 906 1155 Paloch
940 1100 1133 1157 evocatorias
1170 1101 1289 1159 ratione
1312 1102 1393 1162 Otoh

102 1203 268 1275 occupati
288 1218 379 1279 142t·
402 1201 572 1278 judiciales,
596 1208 626 1261 et
639 1209 702 1261 tres
717 1204 913 1261 chasmenses
929 1207 1270 1265 evocatoriorelatorias
1287 1213 1393 1267 contra

108 1307 282 1366 civitatem
306 1309 346 1368 de
367 1325 447 1368 anno
475 1325 575 1386 1434,
599 1310 654 1384 qui
676 1325 749 1367 cum
771 1325 833 1368 non
850 1310 999 1383 adessent,
1016 1326 1069 1370 eos
1085 1311 1187 1370 denuo
1203 1314 1395 1387 proclamari

116 1411 213 1490 jubet
236 1414 412 1499 Stephanus
435 1417 574 1492 capitulo
597 1417 778 1475 chasmensi.

231 1553 338 1616 Georgii
357 1552 528 1602 Marcelovid:
547 1554 666 1618 Regesta
684 1552 826 1617 Diplomat.
846 1552 1006 1616 aliorumque
1026 1556 1253 1608 Documentorum.
1282 1558 1347 1608 Msc.
1366 1557 1394 1605 in

123 1639 285 1691 bibliotheca
302 1641 456 1694 archidioec.
475 1642 576 1706 zagrab.

719 1851 799 1921 120.

231 1996 314 2045 Anno
335 1997 409 2059 1438,
429 2008 470 2058 30.
490 1996 651 2061 septembris.
672 1997 769 2048 Budae.

129 2104 293 2180 Stephanus
314 2106 438 2176 Bethor,
453 2106 551 2181 judex
573 2108 679 2175 eumue,
702 2107 826 2164 mandat
845 2108 970 2181 capitulo
993 2107 1139 2177 dusmensi,
1159 2117 1191 2165 ut
1202 2112 1394 2183 peremptorie

128 2213 168 2270 od
195 2220 313 2271 octavos
336 2214 417 2287 sesti
443 2212 469 2273 b.
501 2212 657 2271 Michaelis
687 2210 859 2287 archangeli
887 2215 1112 2272 communitatem
1142 2215 1267 2273 civitatis
1289 2217 1392 2274 montis

135 2318 285 2379 Grecensis
314 2320 345 2376 in
367 2322 423 2395 jus
452 2327 538 2390 ooeet,
567 2321 646 2394 quod
671 2321 730 2377 iam
760 2339 838 2377 anno
868 2333 959 2397 1433.
990 2322 1116 2395 capitulo
1138 2322 1256 2394 aogrob,
1276 2324 1393 2397 eiusque

301 2425 526 2499 possessionibus
547 2433 577 2484 et
595 2426 759 2484 hominibus
781 2445 905 2499 magnos
927 2426 1058 2502 injurias
1080 2428 1219 2501 imposuit.

230 2570 351 2627 Amicis
373 2570 437 2627 suis
459 2569 638 2629 reverendis
661 2571 800 2645 capitulo
822 2571 951 2629 ecclesie
973 2571 1171 2643 chasmensis,
1193 2586 1298 2629 comes
1328 2572 1394 2631 Ste-

127 2676 247 2747 phanus
270 2675 309 2734 de
331 2675 454 2747 Bathor,
470 2674 565 2751 judex
588 2677 672 2734 curie
696 2676 814 2734 domini
838 2678 969 2749 Alberti,
994 2677 1044 2735 dei
1059 2678 1164 2750 gracia
1180 2677 1392 2737 Romanorum

124 2783 214 2856 regis,
231 2797 357 2855 semper
379 2783 512 2856 augusti,
534 2798 570 2841 ac
592 2783 760 2857 Hungarie,
791 2784 948 2855 Bohemie,
978 2785 1148 2854 Dalmacie,
1179 2784 1307 2843 Croacie
1338 2792 1393 2844 etc.

122 2889 214 2962 regis,
249 2888 425 2947 amiciciam
456 2904 526 2947 cum
557 2889 685 2949 honore.
719 2889 883 2961 Noveritis,
915 2891 997 2963 quod
1022 2891 1113 2948 nobis
1136 2890 1168 2948 in
1191 2892 1299 2964 vigilia
1322 2891 1393 2951 festi

120 2991 208 3054 beati
254 2995 417 3053 Michaelis
451 2996 629 3069 archangeli
664 3011 798 3053 unacum
833 2997 921 3069 regni
956 2997 1117 3055 nobilibus
1155 3012 1212 3070 pro
1251 2997 1392 3057 iaciendo

116 3101 322 3161 moderativo
359 3099 475 3177 judicio
509 3103 707 3159 causantibus
742 3102 773 3159 in
796 3101 869 3159 sede
892 3110 997 3159 nostra
1020 3100 1181 3177 judiciaria
1205 3102 1392 3176 sedentibus,

113 3205 321 3268 honorabilis
356 3207 413 3278 vir,
449 3209 598 3281 magister
632 3208 741 3265 Petrus
764 3209 928 3266 canonicus
951 3209 1080 3266 ecclesie
1103 3209 1310 3280 zagrabiensis
1334 3226 1392 3284 pro

114 3313 304 3376 honorabili
340 3314 479 3387 capitulo
510 3314 648 3372 eiusdem
684 3314 812 3372 ecclesie
843 3315 1051 3386 zagrabiensis
1075 3329 1146 3372 cum
1170 3317 1392 3387 procuratoriis

113 3421 237 3482 litteris
272 3419 410 3477 eiusdem
445 3421 476 3478 in
510 3427 648 3477 nostram
678 3421 804 3477 veniens
836 3423 1026 3494 presenciam
1064 3428 1125 3479 tres
1157 3420 1284 3493 litteras,
1316 3422 1393 3480 duas

116 3528 257 3589 condam
281 3527 404 3585 comitis
426 3527 568 3584 Matheus
592 3526 630 3584 de
654 3526 771 3597 Palocz,
793 3527 870 3585 alias
900 3529 1044 3585 similiter
1066 3525 1177 3602 judicis
1201 3529 1284 3585 curie
1300 3530 1392 3602 regie,

117 3649 218 3694 unam
242 3632 460 3704 evocatoriam,
483 3632 573 3690 nobis
603 3631 761 3705 directam,
793 3639 822 3690 et
853 3634 948 3690 aliam
981 3631 1169 3708 judicialem,
1191 3648 1309 3691 necnon
1333 3641 1393 3693 ter·

120 3742 204 3800 ciam
238 3746 374 3797 vestram
407 3754 501 3813 super
531 3739 600 3813 ipsa
623 3739 807 3797 evocacione
831 3739 1010 3797 relatoriam
1035 3740 1066 3797 in
1090 3740 1229 3797 terminis
1253 3745 1281 3797 et
1305 3743 1392 3799 annis

121 3844 379 3906 infrascribendis
402 3851 567 3915 emanatas,
591 3845 682 3902 nobis
706 3845 896 3918 presentavit
912 3842 1114 3903 declarando:
1139 3846 1223 3919 quod
1244 3848 1392 3919 magister

122 3951 276 4026 Georgius
292 3951 456 4009 canonicus
472 3949 546 4009 dicti
568 3952 697 4025 capituli
713 3952 840 4009 ecclesie
856 3952 1063 4024 zagrabiensis
1080 3968 1151 4009 cum
1169 3954 1391 4025 procuratoriis

123 4058 235 4127 litteris
258 4057 397 4116 eiusdem
420 4056 506 4114 iuxta
525 4058 748 4115 continenciam
772 4058 946 4115 litterarum
963 4058 1101 4115 eiusdem
1115 4059 1236 4115 comitis
1253 4059 1392 4116 Matheus

124 4165 413 4238 prorogatoriarum
447 4163 479 4221 in
510 4164 627 4221 octavis
663 4162 734 4222 testi
764 4165 847 4221 beati
871 4165 1030 4221 Michaelis
1054 4164 1233 4235 archangeli
1257 4163 1288 4220 in
1311 4178 1392 4221 anno

125 4270 242 4329 domini
266 4268 494 4327 MCCCCXXX
515 4270 611 4328 tercio
633 4271 797 4343 preteritis,
813 4271 845 4328 in
868 4270 970 4342 figura
992 4269 1098 4346 judicii
1114 4269 1253 4326 eiusdem
1270 4270 1391 4327 comitis

125 4377 265 4435 Matheus
282 4375 501 4451 competendo,
517 4384 623 4434 contra
640 4375 841 4450 Stephanum,
857 4376 960 4435 filium
977 4377 1144 4445 Michaelis,
1161 4383 1232 4432 tunc
1247 4372 1391 4449 judicem,

125 4497 158 4541 ac
181 4481 375 4554 Michaelem,
399 4481 502 4540 filium
524 4481 706 4552 sebastiani,
732 4484 922 4541 Anthonium
940 4483 1090 4553 Italicum,
1108 4482 1268 4550 Briccium,
1289 4479 1391 4538 illium

125 4588 289 4661 Benedicti,
324 4588 449 4647 Petrum
485 4588 678 4660 Hungarum,
714 4596 744 4646 et
779 4588 950 4661 Georgium
981 4594 1133 4646 sartorem
1165 4597 1194 4644 et
1219 4586 1391 4656 Nicolaum,

124 4696 201 4755 alias
231 4694 358 4772 judices,
388 4709 507 4754 necnon
530 4695 702 4754 Fabianum
740 4696 922 4766 litteratum,
953 4697 1081 4768 Fryche,
1116 4695 1264 4764 Blasium‚
1287 4692 1392 4751 filium

103 4800 317 4886 ,Withezych
341 4800 522 4875 Georgium,
546 4800 648 4858 filium
671 4800 829 4860 Francisci
851 4808 881 4860 et
904 4802 982 4860 alios
1006 4800 1133 4877 juratos,
1149 4801 1232 4859 cives
1249 4807 1279 4857 et
1295 4805 1392 4857 totam

124 4909 379 4967 communitatem
403 4908 536 4967 civitatis
560 4907 674 4965 montis
697 4906 859 4966 Grecensis
876 4907 914 4965 de
937 4894 1022 4966 iuxta
1038 4907 1224 4981 Zagrabiam
1240 4906 1391 4981 quasdam
