3278 5348
621 381 694 439 Duc.
719 394 787 458 193.
811 414 855 425 -
878 381 935 438 An.
959 390 1046 459 1457·
1389 395 1449 453 ³55

185 596 306 655 Datum
328 595 470 669 Wyenne
492 596 525 655 in
547 594 626 654 festo
649 596 733 655 beati
755 596 857 670 Egidii
879 596 1010 655 abbatis.
1033 598 1123 655 Anno
1147 595 1266 654 domini
1283 594 1453 654 millesimo

186 702 492 777 quadringentesimo
515 702 774 776 quinquagesimo
796 703 939 777 septimo.
971 703 1150 777 Regnorum
1173 708 1351 762 nostrorum
1373 715 1453 761 anno

186 808 346 882 Hungarie
377 815 432 867 etc.
457 808 578 867 decimo
601 814 720 879 octavo,
744 808 891 867 Bohemie
914 821 989 866 vero
1013 814 1135 883 quarto.

291 999 316 1046 E
335 1003 495 1062 transumpto
513 998 620 1063 capituli
640 995 813 1061 zagrabiensis
838 997 870 1045 de
895 1011 962 1046 anno
994 997 1068 1063 1458.
1096 998 1129 1045 In
1158 995 1253 1048 archiv.
1283 1013 1339 1047 ven.
1367 996 1451 1061 Capit.

185 1085 366 1150 zagrabiensis.

779 1318 862 1384 193.

292 1493 373 1543 Anno
395 1505 469 1560 1457,
492 1505 513 1545 1.
534 1493 696 1559 septembris.
716 1493 840 1544 Viennae.

184 1617 354 1688 Ladislaur,
376 1618 554 1693 Hungam‘ae
576 1626 623 1677 etc.
647 1636 710 1689 rex,
732 1619 930 1678 communitati
949 1619 1074 1676 ciuitate
1096 1619 1224 1679 restituit
1236 1617 1452 1692 quattuordecim

181 1724 291 1797 fundas
306 1725 336 1780 in
352 1725 456 1798 platea
471 1732 599 1783 sutorum
614 1726 691 1795 sitas,
713 1743 785 1799 quas
808 1725 875 1782 aliur
900 1722 1039 1782 Sebaldus
1060 1732 1229 1799 capetaneus
1244 1725 1451 1782 communitatis

633 1839 733 1890 cantra
757 1833 830 1906 leges
854 1833 1008 1905 occupavit.

893 1969 1048 2020 commissio
1066 1970 1170 2034 propria
1188 1969 1285 2018 domini
1303 1970 1380 2034 regis.

291 2083 453 2142 Ladislaus
478 2084 527 2142 dei
549 2085 653 2157 gracia
675 2083 842 2156 Hungarie,
867 2082 1022 2153 Bohemie,
1047 2082 1215 2151 Dalmacie,
1239 2081 1367 2139 Croacie
1391 2087 1446 2141 etc.

184 2204 249 2261 rer,
274 2191 399 2248 Austrie
422 2196 452 2248 et
473 2189 566 2249 Stirie
588 2189 662 2261 dux,
685 2190 887 2262 marchioque
910 2189 1048 2246 Morauie
1071 2193 1127 2245 etc.
1152 2184 1310 2246 Fidelibus
1337 2189 1450 2247 nostris

184 2291 282 2372 judici
305 2301 334 2354 et
357 2293 467 2372 juratis
490 2296 613 2354 civibus
636 2296 770 2354 civitatis
792 2303 897 2354 nostre
921 2295 1035 2352 montis
1058 2293 1220 2353 Grecensis
1251 2293 1384 2352 salutem
1419 2299 1450 2353 et

183 2402 330 2476 graciam.
353 2402 566 2461 Intelleximus
601 2400 761 2474 quomodo
796 2401 924 2474 quidam
959 2399 1117 2473 Syboldus
1151 2400 1229 2458 alias
1264 2406 1449 2474 capetaneus

183 2523 240 2583 per
263 2509 420 2566 illustrem
444 2509 585 2567 Vlricum
609 2509 756 2567 comitem
791 2508 869 2566 Cilie
900 2514 956 2565 etc.
993 2508 1025 2564 in
1061 2506 1169 2564 eadem
1195 2507 1320 2564 civitate
1343 2513 1448 2565 nostra

183 2615 298 2673 montis
321 2613 483 2673 Grecensis
517 2615 710 2686 constitutus,
746 2613 982 2687 quatuordecim
1021 2612 1134 2670 fundos
1167 2629 1220 2670 seu
1243 2613 1394 2670 sessiones
1418 2614 1450 2670 in

183 2720 288 2794 platea
310 2725 452 2780 sutorum
474 2737 584 2779 versus
607 2720 770 2778 ecclesiam
794 2721 891 2778 sancti
914 2719 1038 2777 Martini
1063 2725 1151 2776 extra
1175 2733 1281 2777 muros
1304 2718 1384 2777 dicte
1408 2719 1449 2777 ci·

184 2826 289 2886 vitatis
311 2833 415 2886 nostre
438 2829 609 2899 existentes,
633 2827 763 2898 habitas,
786 2827 828 2884 ab
863 2826 970 2884 eadem
1006 2826 1130 2883 civitate
1151 2830 1256 2883 nostra
1286 2825 1449 2883 alienasset

184 2938 212 2991 et
235 2947 294 3007 pro
317 2946 350 2991 te
381 2939 569 3008 occupasset,
592 2933 665 2991 illos
689 2932 728 2990 ad
752 2948 831 3007 quos
853 2931 1033 2990 huiusmodi
1056 2932 1206 2989 sessiones
1230 2932 1448 3006 pertinuissent

184 3039 221 3098 de
244 3039 361 3097 eisdem
385 3039 516 3098 emendo
539 3047 569 3098 et
593 3040 671 3109 aliis,
695 3040 809 3112 quibus
832 3040 900 3113 ipse
923 3039 1083 3107 voluisset,
1119 3038 1257 3109 locasset,
1297 3044 1326 3095 et
1357 3054 1448 3112 supe·

183 3145 272 3204 rinde
294 3152 392 3203 certas
414 3147 533 3203 litteras
553 3146 707 3203 acivibus
731 3145 811 3202 dicte
834 3145 966 3202 civitatis
990 3151 1095 3202 nostre
1119 3159 1177 3217 pro
1202 3160 1234 3201 se
1257 3144 1448 3215 extraxisset,

183 3253 327 3326 quamvis
350 3251 530 3310 huiusmodi
554 3252 673 3310 litteras
696 3252 826 3325 pretacti
849 3252 932 3309 cives
955 3251 1061 3320 nostri,
1102 3264 1139 3308 eo
1174 3249 1259 3323 quod
1294 3250 1355 3323 ipsi
1390 3266 1447 3324 per

183 3357 353 3416 antelatum
376 3356 553 3430 Syboldum
577 3364 778 3431 capetaneum
794 3358 926 3415 nimium
943 3364 1015 3415 tunc
1038 3356 1180 3430 oppressi
1198 3355 1335 3428 fuissent,
1360 3356 1449 3414 inviti

183 3464 243 3522 sibi
267 3463 423 3535 dederint;
452 3471 564 3538 tamen,
597 3466 669 3537 quia
703 3464 881 3522 huiusmodi
914 3462 1149 3537 quatuordecim
1179 3463 1328 3520 sessiones
1354 3463 1447 3520 simul

184 3585 254 3627 cum
278 3569 417 3643 predicta
441 3570 544 3644 platea
568 3578 709 3628 sutorum
732 3585 857 3643 semper
879 3575 909 3627 et
924 3570 965 3626 ab
981 3570 1108 3641 antiquo
1124 3568 1163 3625 ad
1187 3567 1355 3625 antefatam
1374 3569 1448 3625 civi·

185 3680 278 3733 tatem
295 3682 434 3734 nostram
448 3677 563 3734 montis
579 3675 756 3734 Greczensis
780 3676 996 3750 pertinuissent
1009 3695 1016 3745 ;
1039 3690 1109 3732 cum
1133 3682 1237 3732 autem
1260 3690 1316 3732 nos
1341 3675 1444 3731 huius-

183 3781 270 3840 modi
295 3780 530 3855 quatuordecim
557 3783 706 3840 sessiones
734 3783 774 3840 ab
802 3782 911 3839 eadem
938 3782 1061 3838 civitate
1099 3788 1203 3838 nostra
1231 3781 1360 3837 alienari
1387 3795 1448 3838 non

184 3887 326 3959 velimus,
343 3888 518 3961 quinimmo
540 3887 663 3946 easdem
688 3889 837 3946 sessiones
861 3903 932 3944 cum
956 3889 1101 3945 omnibus
1125 3884 1254 3961 juribus,
1278 3884 1445 3960 jurisdicti-

182 3993 294 4052 onibus
318 4000 348 4051 et
377 3994 575 4052 libertatibus
599 3995 712 4067 quibus
735 3995 812 4051 alias
835 3992 943 4050 eedem
977 3992 1016 4049 ad
1051 3992 1166 4050 dictam
1205 3992 1361 4049 civitatem
1395 4007 1447 4049 no-

182 4107 279 4158 stram
303 4101 536 4173 pertinuissent,
553 4099 653 4158 eidem
677 4101 794 4158 civitati
829 4098 1063 4170 reanectandas,
1088 4114 1123 4155 ac
1160 4098 1224 4155 illis
1261 4098 1446 4169 hominibus,

183 4220 316 4279 quorum
340 4208 428 4278 prius
457 4206 564 4265 eedem
597 4209 747 4264 sessiones
770 4221 805 4263 ac
837 4205 941 4263 fenilia
978 4204 1100 4262 fuerunt
1136 4204 1347 4261 restituendas
1381 4220 1446 4261 esse

182 4311 378 4369 decrevimus
401 4319 431 4369 et
453 4312 647 4369 decernimus
671 4329 726 4386 per
750 4316 916 4386 presentes,
941 4317 1092 4385 pretaetas
1116 4312 1213 4368 eciam
1239 4311 1356 4368 litteras
1391 4328 1448 4385 per

183 4423 448 4490 prememoratum
482 4415 657 4489 Syboldum
692 4433 709 4474 a
745 4417 872 4490 pretatis
909 4419 1021 4475 nostris
1055 4418 1176 4474 civibus
1212 4416 1292 4475 dicte
1315 4417 1447 4475 civitatis

182 4531 286 4581 nostre
319 4528 463 4596 extortas,
498 4539 603 4595 vanas,
638 4539 738 4582 cassas
762 4531 792 4581 et
815 4524 934 4581 viribus
960 4525 1109 4580 carituras
1133 4524 1355 4594 commitentes,
1372 4523 1447 4580 iide-

182 4628 263 4688 litati
287 4631 381 4703 igitur
401 4637 503 4689 vestre
527 4631 658 4689 firmiter
682 4630 882 4705 precipiendo
905 4630 1099 4701 mandamus,
1134 4636 1286 4703 quatenus
1313 4629 1446 4703 receptis

183 4737 387 4810 presentibus,
410 4738 547 4812 visisque
571 4744 600 4794 et
623 4737 805 4795 examinatis
828 4734 950 4812 juribus
974 4736 1102 4794 illorum
1128 4737 1300 4807 hominum,
1325 4736 1386 4809 qui,
1415 4741 1447 4792 ut

183 4843 381 4917 premittitur,
415 4860 470 4917 per
494 4842 648 4918 prefatum
673 4842 848 4916 Syboldum
872 4850 1073 4917 capetaneum
1109 4842 1146 4900 de
1170 4843 1351 4917 prescriptis
1372 4857 1443 4916 qua·
