3278 5348
235 461 300 524 m
654 435 1081 516 mm-mw·

235 656 355 734 uytnek
384 664 415 717 et
443 654 564 715 Nowalr
592 661 726 728 vocatas,
760 668 880 714 necnon
912 651 988 713 vadi
1021 653 1187 726 Kyrnlrew
1216 653 1336 726 vocati,
1360 653 1394 712 in
1416 653 1508 712 fluvio

235 765 328 826 lave
349 764 458 836 habiti,
480 762 591 821 ricinis
625 767 656 820 et
678 761 899 820 commetaneis
921 759 1091 819 earundem
1114 758 1191 816 inibi
1214 758 1377 832 legittime
1399 773 1510 818 convo·

235 872 312 933 catis
334 876 366 930 et
388 867 592 946 presentibus,
615 866 802 939 accedentes,
826 871 857 925 et
886 864 962 924 dum
984 864 1110 924 easdem
1132 865 1350 939 possessiones
1373 872 1406 925 et
1428 865 1508 924 idem

237 974 357 1039 vadum
387 976 482 1036 simul
513 989 586 1032 cum
617 973 701 1032 dicto
729 972 797 1050 iure
819 973 906 1046 regio
930 973 962 1031 in
984 971 1102 1031 eisdem
1124 970 1234 1029 habito
1258 985 1295 1029 ac
1319 973 1441 1030 cuncds
1462 987 1507 1030 ee

235 1084 368 1144 rundem
397 1082 585 1141 utilitatibus
615 1080 796 1139 memoratis
824 1080 948 1138 civibus
978 1085 1009 1137 et
1032 1077 1209 1151 hospitibus
1231 1078 1374 1136 civitatis
1395 1079 1507 1137 nmntis

237 1188 401 1252 Greoensis
424 1194 559 1247 statuere
581 1187 761 1259 voluissent,
791 1191 864 1245 tunc
894 1185 1010 1245 nobilis
1041 1183 1204 1242 Ladislaus
1235 1183 1438 1258 Byztrychey
1470 1184 1506 1242 de

236 1296 383 1370 Omellya
407 1296 439 1354 in
461 1308 593 1369 persona
617 1292 775 1366 magnifici
797 1291 947 1377 Johannis
970 1291 1066 1349 Thwz
1089 1289 1128 1348 de
1144 1289 1236 1361 Laak,
1252 1289 1377 1350 domini
1391 1292 1508 1350 scilicet

235 1403 292 1475 sni,
322 1400 503 1461 huiusmodi
532 1399 696 1458 statucioni
726 1414 836 1458 eorum
866 1397 1121 1456 contradiccionis
1154 1396 1311 1455 velamine
1342 1398 1508 1469 obviasset,

233 1509 276 1568 ob
299 1505 524 1581 quamquiiem
555 1505 827 1565 contradictoriam
857 1503 1079 1563 inhibicionem
1108 1501 1248 1576 prelatus
1278 1503 1378 1562 homo
1403 1506 1506 1578 regius

235 1612 319 1674 dicto
341 1618 448 1672 nostro
464 1614 641 1671 testimonio
658 1617 809 1686 presente,
825 1609 982 1685 prelatum
1000 1608 1202 1682 magnificum
1216 1608 1397 1693 Johannem
1414 1610 1508 1669 Thvvz

235 1725 344 1779 contra
374 1724 535 1777 annotatos
566 1719 649 1777 cives
680 1717 719 1776 ad
752 1722 879 1776 octavas
910 1716 979 1775 festi
1002 1715 1085 1774 beati
1107 1713 1236 1789 Georgii
1256 1717 1410 1787 martiris,
1429 1733 1509 1775 nunc

234 1832 389 1898 venturas,
421 1831 558 1884 vestram
588 1830 746 1883 evocasset
776 1825 809 1883 in
837 1824 1030 1897 presenciam
1062 1822 1219 1880 racionem
1250 1821 1510 1882 contradictionis

235 1944 289 1991 sue
311 1930 517 1990 redditurum.
548 1931 665 1989 Datum
696 1931 818 1989 decimo
848 1929 898 1988 die
928 1929 990 1988 diei
1017 1928 1211 1986 evocacionis
1233 1927 1383 2002 predicte
1419 1931 1509 1989 Anno

233 2036 354 2099 domini
376 2037 545 2096 millesimo
569 2036 874 2111 quadringentesimo
896 2035 1126 2109 septuagesimo
1150 2035 1254 2094 tercio.

340 2147 385 2213 (A
403 2150 502 2212 sergo).
525 2143 615 2202 Banis
638 2144 691 2201 vel
714 2144 873 2201 vicebanis
895 2143 983 2215 regni
998 2140 1170 2200 Sclauonie.
1193 2140 1255 2199 Pro
1270 2141 1509 2218 circumspectis

233 2247 353 2329 judice,
383 2250 509 2328 juratis,
539 2251 710 2324 ceterisque
741 2250 863 2308 civibus
892 2250 1028 2308 civitatis
1057 2249 1172 2306 montis
1202 2247 1370 2308 Grecensis
1400 2256 1509 2308 contra

234 2358 436 2432 magnificum
458 2359 634 2441 Johannem
657 2357 754 2415 Thwz
777 2356 816 2414 de
839 2354 924 2415 Laeli
954 2354 993 2413 ad
1023 2361 1152 2413 octavas
1174 2352 1246 2412 festi
1270 2355 1358 2414 beati
1380 2355 1511 2431 Georgii

234 2465 380 2538 martiris,
405 2463 653 2536 introduccionis,
676 2463 856 2522 statucionis
877 2469 909 2521 et
930 2461 1125 2521 evocacionis
1147 2460 1272 2521 relacio.

341 2602 474 2666 Originale
492 2602 520 2651 in
538 2601 633 2652 charta
654 2602 682 2650 A
701 2608 773 2665 tergo
792 2605 898 2666 apparet
915 2599 1054 2664 vestigium
1072 2597 1191 2663 impressi
1207 2595 1300 2662 sigilli.
1337 2600 1372 2650 In
1390 2600 1509 2652 archivio

232 2686 280 2741 lib.
297 2706 350 2755 reg.
370 2692 440 2743 civit.
458 2688 570 2759 ingrato:

830 2902 915 2968 285.

340 3044 422 3094 Anno
444 3055 518 3107 1473,
539 3056 580 3094 22.
599 3045 694 3095 martii.
712 3045 826 3094 Romae.

237 3168 343 3227 Sixtus
358 3170 415 3226 IV.
439 3170 568 3239 corrccdrt,
591 3179 625 3226 ut
638 3177 757 3245 fratres
778 3169 1000 3228 Pmedtkatores
1021 3166 1111 3225 sedan
1133 3185 1216 3225 suum
1231 3168 1263 3225 in
1278 3172 1511 3229 communetotm

542 3279 667 3334 civitatis
690 3278 793 3334 errantes
822 3275 973 3334 Grccensis
995 3275 1186 3349 transferant.

338 3420 444 3480 Sixtus
467 3424 632 3496 episcopus
648 3438 755 3480 servus
770 3437 935 3480 servorum
958 3420 1016 3479 dei
1040 3420 1220 3479 Venerabili
1234 3419 1327 3479 fratri
1350 3421 1504 3498 episcopo

234 3525 404 3585 Rosonensi
433 3534 464 3585 et
496 3527 617 3586 dilectis
649 3529 724 3586 filiis
753 3530 861 3587 abbati
889 3528 1070 3586 monasterii
1100 3526 1260 3599 Bellensis,
1292 3529 1508 3602 nagrabiensis

235 3629 383 3691 dioecesis
413 3648 448 3690 ac
479 3635 611 3716 Johanni
643 3634 681 3691 de
705 3637 878 3706 Martiancz,
909 3634 1056 3693 canonico
1087 3633 1288 3707 zagrabiensi,
1310 3634 1452 3694 salutem
1476 3643 1507 3695 et

231 3739 437 3812 apostolicam
470 3717 724 3798 benedictionem.
746 3741 807 3798 Piis
831 3741 1012 3816 supplicum
1034 3741 1124 3807 votis.
1147 3755 1287 3815 perque
1319 3743 1509 3815 opportuni·

233 3845 349 3903 tatibus
372 3845 589 3917 religiosarum
614 3863 818 3920 personarum
842 3863 914 3906 cum
929 3853 1097 3921 augmento
1120 3846 1219 3905 divini
1240 3845 1345 3905 cultus
1367 3853 1401 3906 et
1416 3863 1505 3907 sacre

232 3951 393 4024 religionis
415 3952 640 4024 propagatione
664 3954 856 4026 providetur,
879 3954 1014 4012 libenter
1036 3953 1210 4024 annuimus,
1240 3958 1272 4011 et
1293 3957 1329 4010 ut
1349 3952 1409 4012 illa
1431 3955 1507 4013 sub·

232 4057 304 4114 latis
333 4058 496 4130 quibusvis
527 4056 697 4131 dispendiis
728 4066 758 4116 et
789 4060 958 4118 obstaculis
987 4067 1132 4134 optatum
1154 4060 1324 4118 sortiantur
1344 4060 1505 4132 effectum,

231 4178 305 4221 curn
327 4177 345 4220 a
367 4164 457 4221 nobis
481 4165 604 4236 petitur,
621 4164 761 4222 favorem
784 4166 993 4240 apostolicum
1008 4166 1215 4241 impertimus,
1237 4164 1318 4224 Sane
1335 4179 1395 4241 pm
1411 4173 1503 4241 parte

231 4268 419 4327 dilectorum
450 4268 589 4327 filiorum
621 4272 742 4344 prioris,
766 4272 969 4345 provincialis
999 4277 1030 4329 et
1060 4271 1195 4331 fratrum
1217 4270 1337 4331 ordinis
1359 4272 1505 4332 Predica·

230 4379 337 4433 torum
370 4375 530 4448 provincie
553 4376 696 4449 Vngarie
721 4378 892 4436 secundum
915 4393 1036 4437 morem
1058 4378 1135 4437 dicti
1153 4378 1272 4438 ordinis
1293 4380 1386 4439 nobis
1401 4395 1505 4455 nuper

229 4481 370 4540 exhibita
394 4482 506 4556 peticio
522 4484 707 4555 continebat„
732 4484 817 4556 quod
834 4486 895 4558 ipsi
911 4485 1043 4560 provide
1065 4485 1267 4559 attendentes,
1289 4485 1375 4561 quod
1389 4501 1505 4546 eorum

231 4585 344 4645 domus
368 4589 465 4646 sancti
490 4589 610 4647 Nicolai
634 4596 722 4648 extra
744 4606 852 4649 muros
874 4592 1101 4665 zagrabienses,
1123 4591 1199 4651 dicti
1222 4591 1349 4667 ordinis,
1368 4593 1431 4652 sita
1454 4598 1502 4652 est

229 4692 262 4752 in
286 4693 356 4752 loco
378 4694 457 4752 adeo
479 4695 611 4754 distante
634 4711 652 4753 a
669 4697 793 4755 civitate
809 4697 1011 4770 zagrabiensi
1034 4698 1119 4772 quod
1143 4699 1228 4758 cives
1249 4702 1282 4758 et
1302 4699 1408 4759 incole
1421 4699 1504 4760 dicte

229 4799 363 4859 civitatis
392 4801 432 4858 ad
456 4803 545 4861 illam
576 4804 741 4862 commode
773 4818 832 4878 pro
865 4805 967 4864 missis
990 4811 1021 4864 et
1041 4806 1113 4866 aliis
1135 4805 1251 4867 divinis
1273 4804 1387 4868 officiis
1409 4807 1504 4869 audi·

229 4906 317 4965 endis
338 4907 485 4967 accedere
507 4925 544 4967 ac
567 4912 713 4983 congruis
736 4912 917 4984 honoribus,
940 4917 975 4970 ut
997 4912 1123 4986 vellent,
1146 4911 1354 4991 frequentare,
1374 4928 1499 4976 nemon
