3278 5348
607 432 685 491 Dec.
708 428 780 509 164.
805 466 847 476 -
870 434 925 493 An.
949 445 1038 510 1452.

782 644 866 711 164.

292 786 372 834 Anno
394 798 469 850 1452,
489 800 513 848 4.
534 788 660 850 Augusti.
672 788 818 851 Krapinae.

182 875 351 952 Frederr‘cus
374 914 462 953 comes
491 895 584 954 Cr'lene
614 905 643 956 et
665 897 766 966 bonus,
789 898 913 970 capitulo
942 896 1125 969 rngrabieme
1151 903 1287 968 precante
1316 895 1447 964 concedit,

183 991 218 1040 ut
238 1003 258 1039 a
282 984 421 1042 trabilibus
451 987 535 1058 regni
564 983 721 1044 Sleoonrhe
751 985 794 1042 ad
820 987 926 1043 cultum
949 985 1078 1042 rlrvr'rrum
1102 985 1132 1041 r'n
1155 984 1270 1042 ccclesia
1293 983 1454 1042 cathedrali

552 1075 714 1148 augendum
728 1075 920 1149 possessiones
943 1074 1090 1130 donentur.

291 1198 354 1256 Nos
377 1198 552 1258 Friderieus
575 1200 625 1259 dei
648 1202 751 1274 gracia
775 1199 862 1272 Cilie,
896 1201 1113 1287 Ortemburge,
1137 1199 1327 1273 Zagorieque
1349 1212 1453 1257 comes

183 1312 240 1364 etc.
265 1320 383 1363 necnon
406 1307 493 1378 regni
519 1305 682 1366 Sclauonie
705 1308 813 1379 banus,
836 1312 982 1380 tutorque
1006 1313 1035 1362 et
1059 1305 1228 1363 advocatus
1251 1305 1379 1363 ecclesie
1402 1319 1449 1361 za·

183 1412 366 1485 grabiensis.
390 1411 505 1469 Notum
519 1412 650 1470 facimus
671 1419 776 1471 tenore
800 1414 994 1487 presencium
1011 1413 1125 1485 quibus
1148 1409 1273 1485 expedit
1289 1411 1451 1479 universis

183 1516 268 1591 quod
293 1532 351 1590 pro
375 1524 463 1591 parte
486 1525 515 1577 et
539 1520 570 1576 in
593 1519 733 1593 personis
756 1518 989 1576 honorabilium
1019 1518 1160 1575 virorum
1183 1517 1380 1574 dominorum
1405 1531 1452 1573 ca-

182 1625 367 1681 nonicorum
391 1623 429 1681 de
451 1624 590 1698 capitulo
613 1626 740 1682 ecclesie
763 1625 971 1697 zagrabiensis
1002 1625 1093 1682 nobis
1124 1624 1226 1681 extitit
1249 1621 1452 1694 declaratum,

186 1729 345 1803 quomodo
369 1729 481 1788 forent·
493 1730 636 1805 plerique
659 1732 781 1789 nobiles
803 1731 891 1803 regni
914 1729 1077 1788 Sclauonie
1100 1730 1285 1788 in'crisiensi
1301 1739 1330 1787 et
1347 1743 1452 1801 zagra·

184 1835 284 1893 biensi
307 1837 506 1894 comitatibus
531 1852 566 1894 ac
590 1838 622 1895 in
644 1853 740 1910 regno
764 1836 927 1895 Sclauonie
958 1838 1130 1907 existentes,
1162 1837 1216 1909 qui
1247 1837 1289 1894 ob
1319 1835 1451 1893 salutem

183 1942 360 1999 animarum
384 1936 548 2016 parentum
581 1958 709 2001 suorum
741 1949 770 2001 et
803 1945 978 2001 animarum
1010 1944 1219 2017 propriarum,
1243 1942 1452 2016 possessiones

183 2062 236 2105 seu
260 2049 424 2122 porciones
447 2051 587 2124 ipsorum
612 2051 868 2123 possessionarias
891 2066 950 2124 pro
981 2054 1147 2122 augmento
1178 2048 1279 2107 cultus
1302 2048 1400 2106 divini
1422 2054 1452 2105 et

183 2140 416 2212 continuacione
439 2171 491 2212 seu
515 2157 682 2214 missarum
706 2155 916 2214 celebracione
945 2157 976 2212 in
1011 2156 1140 2213 ecclesia
1174 2155 1271 2212 sancti
1305 2153 1452 2228 Stephani

182 2259 265 2333 re'gis
288 2260 405 2318 eisdem
429 2256 582 2320 canonicis
605 2277 660 2320 seu
683 2262 822 2336 capitulo
853 2262 993 2320 eiusdem
1021 2261 1148 2319 ecclesie
1179 2261 1387 2334 zagrabiensis
1418 2261 1449 2317 in

183 2373 368 2440 perpetuam
402 2366 604 2426 elemosinam
638 2367 712 2426 dare
747 2367 865 2425 vellent
896 2377 926 2425 et
957 2367 1080 2426 donare.
1104 2366 1321 2440 Supplicatum
1345 2367 1450 2438 itaque

183 2473 284 2530 extitit
316 2473 406 2531 nobis
440 2475 619 2532 nominibus
653 2480 682 2532 et
713 2475 752 2542 in¹
779 2475 919 2548 personis
954 2472 1135 2531 eorumdem
1171 2473 1389 2531 canonicorum
1413 2471 1451 2529 de
1495 2454 1503 2482 ²

183 2580 322 2654 capitulo
358 2579 468 2638 eodem
499 2581 661 2639 humiliter
693 2588 723 2639 et
758 2580 878 2652 devote,
912 2585 946 2639 ut
977 2596 1032 2638 nos
1062 2581 1243 2638 auctoritate
1266 2586 1371 2637 nostra
1394 2579 1448 2636 ba·

182 2686 247 2743 nali
281 2702 376 2760 super
411 2686 590 2745 huiusmodi
625 2686 794 2745 donacione
828 2692 859 2745 et
889 2688 1060 2745 collacione
1091 2701 1287 2760 quocumque
1310 2693 1451 2759 tempore

183 2798 211 2851 et
243 2808 299 2866 per
334 2808 547 2868 quoscumque
582 2793 692 2853 fiendis
719 2800 860 2853 nostrum
891 2796 1073 2853 benivolum
1106 2808 1288 2852 consensum
1320 2792 1451 2865 prebere

183 2898 384 2973 dignaremur
408 2901 525 2974 pariter
548 2906 578 2959 et
600 2916 767 2960 assensum.
799 2901 863 2959 Nos
888 2903 980 2975 igitur
1005 2909 1166 2975 tamquam
1190 2899 1359 2957 advocatus
1381 2914 1451 2973 pre·

182 3004 263 3064 dicte
287 3005 415 3064 ecclesie
437 3005 644 3080 zagrabiensis
667 3009 826 3082 cupientes
849 3025 887 3066 ex
910 3008 1023 3077 animo,
1059 3013 1127 3065 tum
1158 3006 1277 3063 cultum
1309 3004 1450 3063 divinum
1493 3034 1495 3041 ·

183 3117 213 3169 et
237 3111 342 3170 officia
365 3113 580 3185 ecclesiastica,
604 3094 833 3187 missarumque
857 3114 1087 3181 celebraciones
1107 3113 1138 3170 in
1154 3111 1263 3170 eadem
1280 3109 1450 3171 cathedrali

181 3208 278 3276 sancti
309 3216 458 3292 Stephani
493 3221 575 3293 regis
609 3226 639 3276 et
673 3219 857 3279 contessoris
888 3219 988 3278 iacere
1011 3219 1168 3293 ampliari,
1191 3224 1258 3276 tum
1283 3221 1382 3276 eciam
1406 3217 1448 3273 ob

181 3340 270 3399 spem
294 3333 323 3382 et
347 3324 549 3384 devocionem
571 3332 718 3398 nostram,
743 3306 837 3399 quam
854 3327 934 3384 cirea
951 3325 1083 3383 eundem
1100 3329 1240 3382 sanctum
1258 3322 1450 3398 Stephanum

181 3447 287 3505 regem
322 3437 352 3489 et
387 3432 596 3492 confessorem
631 3434 767 3506 gerimus
802 3431 962 3504 indefesse,
999 3433 1085 3489 cuius
1110 3432 1228 3489 meritis
1251 3437 1281 3487 et
1305 3431 1449 3504 precibus

181 3537 296 3626 nedum
320 3539 351 3596 in
374 3541 510 3612 presenti
534 3541 606 3610 vita,
623 3555 734 3597 verum
758 3540 855 3598 eciam
878 3540 908 3597 in
933 3538 1038 3601 tuturo
1061 3538 1166 3596 seculo
1183 3538 1214 3594 in
1230 3536 1336 3595 celesti
1353 3527 1450 3609 regno

182 3660 345 3719 speramus
369 3645 536 3716 confoveri,
568 3650 634 3703 tum
671 3647 783 3704 etenim
817 3645 1104 3721 supplicacionibus
1134 3644 1223 3701 iustis
1255 3648 1284 3700 et
1315 3640 1448 3715 juricon-

181 3752 265 3810 sonis
290 3752 472 3810 eorumdem
497 3753 697 3810 dominorum
720 3754 938 3811 canonicorum
963 3758 992 3809 et
1016 3751 1146 3825 capituli
1176 3751 1265 3809 nobis
1297 3751 1449 3823 porrectis

182 3865 212 3916 et
235 3859 351 3918 oblatis
374 3860 425 3932 pie
448 3858 592 3917 admissis
615 3867 645 3916 et
667 3861 806 3932 graciose
829 3860 975 3929 inclinati,
1000 3858 1030 3916 id
1055 3859 1237 3916 auctoritate
1268 3863 1372 3914 nostra
1396 3857 1449 3914 ba-

181 3966 244 4023 nali
270 3964 469 4022 concedimus
492 3967 640 4038 graciose,
664 3966 747 4039 quod
773 3966 959 4039 quicumque
983 3964 1137 4023 nobilium
1161 3965 1191 4021 in
1216 3965 1361 4037 pretectis
1392 3964 1450 4019 cri·

182 4072 276 4130 elensi
311 4078 341 4128 et
375 4072 567 4144 zagrabiensi
599 4073 798 4148 comitatibus
822 4079 875 4129 aut
897 4074 928 4129 in
950 4086 1046 4144 regno
1069 4070 1231 4127 Sclauonie
1255 4070 1446 4142 ubicumque

183 4177 275 4236 fuerit
300 4179 492 4250 constitutus,
517 4179 651 4236 voluerit
676 4192 783 4237 omnes
806 4180 1014 4253 possessiones
1045 4192 1099 4234 seu
1124 4177 1284 4249 porciones
1308 4176 1449 4247 ipsorum

182 4285 440 4358 possessionatias
475 4300 547 4343 cum
581 4285 761 4343 earumdem
797 4286 983 4343 utilitatibus
1020 4290 1049 4341 et
1082 4282 1277 4356 pertinenciis
1298 4281 1450 4357 universis

183 4392 331 4465 pretactis
355 4392 518 4465 canonicis,
543 4407 657 4450 necnon
682 4393 809 4450 ecclesie
833 4399 862 4449 et
886 4392 950 4448 eius
974 4391 1111 4464 capitulo
1135 4389 1269 4445 liberam
1291 4394 1321 4445 et
1351 4389 1449 4445 omni·

183 4496 311 4555 modam
334 4497 372 4554 de
395 4504 502 4556 nostro
526 4513 674 4556 consensu
698 4501 815 4572 pariter
838 4505 867 4555 et
891 4512 1016 4554 assensu
1033 4494 1176 4566 donandi,
1194 4493 1296 4563 dandi,
1314 4492 1447 4565 legundi,

183 4603 299 4662 fatendi
323 4609 352 4662 et
374 4605 405 4662 in
428 4610 613 4678 perpetuam
649 4605 852 4663 elemosinam
882 4602 1056 4661 ascribendi
1091 4617 1127 4658 ac
1155 4599 1361 4675 perpetuandi
1391 4614 1449 4673 pro

182 4709 274 4768 libito
296 4710 467 4768 voluntatis
490 4725 598 4768 eorum
622 4713 756 4770 habeant
779 4711 968 4779 facultatem,
999 4709 1181 4767 auctoritate
1204 4711 1309 4764 nostra
1332 4705 1449 4764 eisdem

181 4818 332 4875 attributa
355 4817 516 4876 mediante.
541 4818 574 4875 ln
597 4819 683 4876 cuius
706 4819 751 4876 rei
774 4815 959 4875 memoriam
992 4815 1234 4887 firmitatemque
1266 4819 1449 4893 perpetuam

184 4930 341 4996 presentes
364 4925 483 4982 litteras
507 4931 627 4982 nostras
650 4924 812 4999 pendentis
835 4924 933 4996 sigilli
954 4923 1052 4982 nostri
1083 4920 1254 4984 munimine
1286 4922 1449 4979 roboratas

1344 5020 1361 5060 s
