3278 5348
195 424 258 499 380
614 418 686 477 Dor.
705 427 781 493 305.
807 449 845 460 -
871 418 919 475 An
951 412 1042 495 1476,

192 636 270 714 juris
293 637 434 709 rigorem
458 636 585 694 lenitate
607 600 719 709 justice
741 638 917 707 temperare
939 647 976 690 ac
998 632 1038 691 de
1060 634 1223 707 premissis
1239 636 1408 693 certiorem
1422 635 1458 692 in·

194 743 417 802 formacionem
448 743 563 800 babere
583 739 732 811 volentes,
753 740 924 814 preriaque
946 738 1184 798 mansvetudine
1206 742 1395 814 vigilancius
1414 757 1462 800 ex·

195 851 300 924 periri,
331 851 423 909 vobis
451 848 587 906 dominis
618 845 806 920 supradictis
837 851 869 905 et
899 851 1040 904 vestrum
1062 847 1192 905 cuilibet
1215 849 1250 905 in
1272 847 1411 905 solidum
1431 848 1461 906 in

194 957 309 1014 virtute
332 955 478 1013 salutaris
499 953 680 1011 obediencie
695 957 726 1010 et
741 953 924 1010 auctoritate
937 958 1044 1010 nostra
1064 952 1214 1026 predicta,
1237 954 1340 1011 immo
1363 955 1460 1012 verius

194 1064 375 1136 apostolica,
400 1063 459 1119 sub
483 1076 561 1135 pena
577 1060 1027 1133 excommunicacionisquam
1050 1060 1083 1117 in
1104 1074 1162 1116 vos
1176 1060 1231 1117 vel
1254 1061 1392 1119 alterum
1412 1076 1459 1118 re

193 1173 294 1226 strum
316 1168 376 1226 nisi
398 1166 532 1225 feceritis
553 1182 615 1239 que
638 1166 823 1224 mandamus
846 1166 937 1223 vobis
955 1170 986 1223 et
1001 1166 1192 1240 precipimus
1207 1165 1345 1225 ierimus
1360 1167 1391 1224 in
1405 1168 1460 1224 biis

194 1275 326 1346 scriptis,
360 1278 512 1346 quatenus
543 1273 649 1356 statim
672 1273 787 1330 habitis
811 1273 1006 1345 presentibus
1029 1270 1070 1328 ad
1092 1272 1296 1329 honorabiles
1319 1279 1352 1329 et
1372 1288 1459 1330 rene

194 1380 310 1437 rubiles
333 1379 426 1449 viros,
457 1377 601 1435 dominos
624 1378 796 1462 Johannem
828 1378 987 1447 lectorem,
1010 1376 1267 1435 Bartholomeum
1297 1385 1460 1448 cantorem,

194 1485 305 1558 Elyam
336 1485 376 1541 de
405 1485 538 1557 Othyna,
570 1484 738 1550 Thomam
768 1484 927 1557 Tumpam
958 1483 1085 1556 dictum,
1119 1483 1257 1558 Crispos,
1289 1484 1460 1542 Bamabam

194 1590 437 1663 prebendarium
461 1591 590 1647 ecclesie
612 1590 827 1663 zagrabiensis,
850 1588 1052 1662 Stephanum,
1074 1591 1178 1648 civem
1201 1589 1241 1648 de
1264 1598 1375 1649 monte
1388 1590 1459 1650 Gne·

192 1698 275 1754 censi
298 1704 328 1754 et
351 1697 437 1767 alios,
454 1710 534 1769 quos
557 1697 648 1753 vobis
671 1694 771 1754 dictus
794 1695 890 1753 frater
911 1696 1067 1779 Johannes
1092 1705 1277 1770 procurator
1300 1697 1392 1755 duxit
1412 1712 1458 1755 no

193 1802 366 1870 minandos,
396 1804 600 1876 personaliter
623 1803 785 1874 accedatis,
815 1803 857 1859 ab
880 1801 1055 1875 iisdemque
1085 1801 1132 1860 de.
1148 1804 1311 1876 premissis
1334 1801 1457 1877 etquid

192 1901 269 1982 ipsis
302 1910 482 1979 constiterit,
519 1915 643 1982 recepto
678 1910 765 1982 prius
800 1910 842 1966 ab
869 1908 988 1967 eisdem
1011 1910 1168 1982 corporali
1190 1908 1371 1984 juramento
1392 1910 1457 1968 dili·

193 2022 300 2086 genter
324 2016 487 2087 inquiratis
511 2022 541 2072 et
564 2016 710 2085 resciatis,
733 2014 817 2072 dicto
840 2015 938 2072 Paulo
962 2022 1086 2072 cantore
1107 2016 1196 2089 prius
1218 2015 1260 2072 ad
1291 2014 1457 2074 ridendum
1505 2044 1509 2048 -

191 2118 295 2196 jurare
316 2128 409 2179 testes
432 2127 542 2179 vocato
564 2128 594 2179 et
616 2123 718 2192 citato,
734 2129 765 2179 et
787 2120 940 2195 quidquid
963 2121 1087 2179 tandem
1119 2123 1161 2181 ab
1189 2121 1310 2180 eisdem
1332 2124 1457 2181 rescire·

192 2227 267 2301 ritis,
291 2228 381 2285 nobis
411 2229 523 2285 vestris
546 2230 577 2285 in
608 2228 719 2285 litteris
750 2228 863 2286 clausis
886 2233 916 2286 et
938 2228 1084 2299 sigillatis
1106 2229 1333 2299 conscienciose
1355 2229 1457 2288 rescri-

192 2334 280 2392 batis.
304 2334 442 2391 Tandem
474 2349 549 2391 vero
584 2333 742 2407 prelatum
771 2333 903 2391 Paulum
935 2332 1199 2405 archidyaconum
1221 2340 1254 2392 et
1276 2337 1456 2394 canonicum

194 2441 232 2498 ad
257 2457 373 2498 nonum
397 2441 480 2498 diem
504 2440 566 2498 diei
590 2448 692 2497 vestre
713 2440 892 2498 huiusmodi
922 2441 1134 2513 inquisicionis
1165 2453 1274 2498 coram
1295 2443 1388 2500 nobis
1409 2443 1456 2499 hic

191 2548 222 2603 in
246 2548 320 2605 Bela
343 2555 395 2604 aut
419 2547 618 2619 subrogando
641 2552 747 2604 nostro
770 2545 979 2620 comparendo
1001 2547 1104 2605 citatis
1125 2546 1167 2604 ad
1197 2545 1371 2606 videndum
1400 2562 1453 2635 pu·
1503 2535 1506 2539 ’

192 2653 301 2710 blicari
327 2638 417 2710 testes
440 2661 470 2710 et
494 2653 619 2710 tandem
642 2662 748 2710 contra
758 2654 862 2726 ipsum
886 2653 1055 2726 procedere
1076 2654 1214 2726 plenarie
1233 2655 1340 2726 prouti
1355 2669 1373 2710 a
1389 2669 1455 2728 pre·

192 2757 255 2814 sato
278 2759 405 2816 domino
429 2765 535 2816 nostro
559 2774 641 2832 papa
664 2760 816 2817 habemus
843 2761 874 2816 in
897 2760 1079 2830 commissis,
1101 2736 1155 2817 aut
1177 2751 1351 2833 allegandi
1360 2768 1391 2820 et
1412 2760 1455 2840 di·

191 2864 280 2921 cendi
309 2880 364 2921 cur
395 2867 545 2937 premissa
578 2866 705 2923 minime
736 2863 804 2922 fieri
835 2865 993 2923 deberent.
1017 2865 1230 2924 Certiflcantes
1253 2867 1390 2925 eundem
1411 2868 1452 2925 sic

191 2971 328 3032 citatum.
351 2970 433 3043 quod
460 2971 525 3028 sive
549 2972 578 3027 in
603 2971 743 3043 predicto
767 2973 900 3029 termino
923 2986 1029 3029 coram
1052 2972 1143 3030 nobis
1170 2989 1226 3047 per
1250 2988 1284 3031 se
1309 2975 1363 3032 vel
1385 2986 1452 3048 pro·

189 3084 363 3133 curatorem
387 3092 477 3133 suum
502 3077 692 3148 legittimum
715 3084 893 3151 compareat
913 3080 981 3136 sive
1002 3093 1073 3149 non,
1097 3093 1153 3136 nos
1173 3125 1366 3139 .......
1388 3081 1454 3153 ipsu

189 3183 320 3239 ulterius
344 3198 403 3239 non
427 3191 598 3256 expectato,
622 3182 662 3239 ad
684 3183 838 3243 dictorum
864 3184 995 3242 fratrum
1019 3186 1178 3243 Michaelis
1209 3187 1326 3258 prioris
1348 3195 1380 3245 et
1400 3187 1449 3269 Jo

190 3289 299 3345 hannis
335 3290 515 3345 instanciam
550 3296 579 3346 et
611 3290 848 3362 requisicionem
871 3290 902 3347 id
932 3291 1092 3360 faciemus,
1116 3299 1210 3364 prout
1231 3290 1311 3368 juris
1343 3294 1401 3351 erit
1421 3297 1450 3348 et

188 3393 266 3450 ordo
289 3395 416 3451 dictavit
441 3397 579 3453 racionis.
604 3397 846 3454 Absolucionem
869 3412 944 3455 vero
960 3399 1100 3456 omnium
1113 3405 1143 3456 et
1165 3399 1365 3471 singulorum
1386 3415 1452 3474 pre·

189 3502 364 3570 missorum,
397 3503 449 3573 qui
480 3502 658 3559 huiusmodi
682 3517 775 3577 penas
799 3504 1021 3577 quoquomodo
1045 3506 1229 3563 incurrerint
1248 3507 1342 3564 nobis
1365 3505 1449 3564 dum·

189 3614 271 3663 taxat
295 3615 347 3663 aut
371 3608 522 3679 superiori
546 3618 652 3665 nostro
674 3625 877 3668 reservamus.
909 3610 1106 3668 Presentibus
1130 3611 1286 3684 perlectis,
1309 3614 1400 3671 nobis
1420 3613 1448 3670 in

188 3714 290 3784 specie
314 3712 457 3768 remissis.
484 3713 598 3769 Datum
623 3716 654 3772 in
678 3715 759 3773 dicto
783 3723 888 3774 nostro
920 3719 1106 3775 monasterio
1129 3716 1203 3774 Bela
1228 3717 1280 3776 die
1304 3719 1447 3777 vicesima

186 3826 295 3873 octava
312 3818 425 3873 mensis
443 3819 583 3888 Augusti.
608 3823 698 3878 Anno
714 3822 832 3880 domini
853 3824 1021 3881 millesime
1037 3822 1141 3880 CCCC
1153 3826 1385 3898 septuagesimo
1401 3823 1448 3882 v1.

186 3922 384 3979 Pontificatus
407 3930 510 3979 autem
534 3927 719 3985 sanctissimi
741 3931 772 3986 in
796 3930 919 3988 Christo
942 3931 1038 4004 patris
1054 3936 1084 3988 et
1099 3930 1227 4002 domini,
1243 3931 1366 3990 domini
1377 3929 1450 3990 sixti

187 4042 267 4100 pape
292 4028 395 4099 quarti
419 4029 558 4102 predicti,
575 4048 654 4089 anno
678 4036 742 4092 cius
767 4037 882 4108 quinto.
907 4036 1105 4095 Presentibus
1120 4036 1239 4094 ibidem
1255 4038 1408 4111 religiosis
1422 4039 1450 4093 et

185 4132 324 4190 discretis
348 4134 436 4191 viris:
471 4134 565 4193 fratre
599 4139 760 4197 Francisco
784 4143 895 4213 priore,
920 4142 1072 4215 Gregorio
1095 4147 1230 4214 cantore,
1261 4144 1389 4217 Mathya
1411 4143 1446 4200 de

184 4237 266 4310 Bela,
290 4241 422 4312 aliisque
445 4244 614 4315 capellanis
637 4246 711 4304 dicti
735 4250 913 4307 monasterii
938 4251 1034 4307 nostri
1058 4249 1097 4307 de
1120 4250 1192 4308 Bela
1216 4257 1247 4308 et
1262 4251 1334 4309 aliis
1357 4264 1447 4326 quant

185 4345 329 4416 pluribus
353 4347 483 4404 testibus
507 4349 670 4422 lidedignis
686 4352 725 4408 ad
742 4356 894 4426 premissa
913 4356 1089 4428 specialiter
1105 4358 1223 4415 vocatis
1238 4363 1270 4416 et
1285 4358 1445 4432 requisitis.

288 4535 420 4599 Originale
440 4537 467 4585 in
487 4537 581 4588 charta.
602 4540 629 4587 A
649 4545 721 4603 tergo
741 4542 878 4607 vestigium
897 4543 1016 4607 impressi
1035 4543 1124 4608 sigilli.
1143 4545 1176 4594 Iu
1195 4545 1312 4596 archivio
1329 4546 1376 4599 lib.
1394 4562 1444 4611 reg.

181 4622 250 4675 civit.
270 4626 371 4689 zagrab.
