3256 5346
289 462 353 522 4⁷0
709 381 794 497 Doc,
807 449 874 515 351.
898 470 941 479 —
964 437 1021 495 An.
1045 432 1139 514 1489.

296 550 369 559 ...-
379 550 396 557 ο-
436 549 551 557 --—·-...-
559 550 566 555 .
577 548 586 553 -
595 540 1521 553 —————-———-——-——---——-—-
1533 542 1559 549 -

289 662 376 736 poris
408 658 533 727 Christi,
564 655 734 714 nativitatis
767 653 915 738 Johannis
949 653 1094 727 baptiste,
1125 653 1321 713 visitacionis
1346 655 1455 726 Marie,
1477 655 1563 714 Maris

189 814 192 822 .
289 768 327 826 de
357 768 437 838 nive,
470 763 697 837 assumptionis
728 761 833 831 Marie,
867 759 953 817 beati
988 759 1073 832 regis
1106 758 1267 834 Stephani,
1293 760 1503 821 dedicacionis
1522 779 1563 820 ec·

289 874 391 944 clesie,
416 872 529 929 festum
550 868 720 928 nativitatis
752 867 883 939 virginis
907 866 1052 939 gloriose,
1085 866 1247 924 Michaelis
1270 868 1465 941 archangeli,
1488 867 1562 926 festi·

290 981 371 1037 vitas
393 978 533 1036 omnium
557 980 745 1045 sanctorum,
769 972 936 1045 concepcio
959 972 1049 1030 beate
1072 972 1215 1045 virginis.

397 1084 431 1141 ln
455 1082 636 1157 prescriptis
660 1078 882 1138 festivitatibus
904 1077 1109 1152 expediantur
1134 1077 1240 1136 divina
1264 1078 1383 1151 officia,
1407 1080 1562 1138 videlicet:

297 1192 400 1261 misse,
424 1195 575 1258 curature,
607 1187 759 1244 lecciones
781 1190 812 1242 et
835 1184 1006 1257 evangelia
1029 1199 1066 1242 ac
1088 1184 1219 1257 epistole
1242 1199 1302 1257 per
1325 1184 1404 1244 illos
1427 1185 1564 1245 dominos

290 1296 472 1370 dignitarios
504 1299 534 1352 et
565 1293 728 1351 canonicos
758 1291 971 1365 personaliter,
995 1290 1111 1364 quibus
1132 1291 1288 1349 scribetur
1310 1292 1434 1363 tabula,
1459 1300 1512 1350 aut
1538 1297 1561 1353 si

290 1419 345 1477 per
369 1417 401 1460 se
417 1401 572 1475 quispiam
588 1400 730 1473 ipsorum
747 1397 946 1454 dominorum
962 1395 1044 1454 dicta
1067 1396 1171 1455 officia
1190 1398 1234 1455 sic
1257 1397 1291 1455 in
1314 1398 1428 1456 tabula
1450 1400 1560 1473 scripta

289 1508 436 1582 expedire
458 1522 519 1565 non
536 1514 649 1581 posset,
665 1510 803 1563 teneatur
819 1519 855 1561 ea
878 1502 1025 1578 expedire
1049 1519 1105 1576 per
1128 1504 1189 1563 sibi
1212 1504 1353 1563 similem
1380 1506 1432 1564 vel
1452 1506 1558 1564 saltem

293 1630 349 1690 per
373 1613 563 1684 canonicum,
588 1616 619 1670 et
649 1611 709 1669 hoc
732 1625 856 1682 semper
878 1609 1072 1682 intelligatur
1096 1614 1162 1667 tam
1185 1607 1223 1668 de
1246 1612 1449 1684 presentibus
1472 1627 1560 1687 quam

293 1720 332 1778 de
354 1719 545 1790 absentibus,
575 1733 649 1776 nam
673 1717 753 1775 sicut
775 1712 907 1791 quilibet
937 1716 1120 1774 absencium
1143 1716 1239 1774 habet
1261 1724 1503 1790 procuratorem
1524 1716 1560 1775 ad

289 1824 444 1884 tollendos
467 1831 645 1899 proventus,
678 1824 720 1882 ita
751 1822 849 1879 eciam
881 1822 993 1879 habeat
1022 1829 1277 1896 supportatorem
1302 1824 1334 1881 in
1359 1823 1483 1883 divinis.
1503 1824 1560 1883 Ubi

291 1939 394 1990 tamen
418 1932 508 1989 nullo
537 1930 632 1988 modo
654 1945 693 1988 ex
721 1929 836 2003 quibus
858 1928 949 1986 bonis
982 1934 1013 1986 et
1036 1926 1236 1987 evidentibus
1257 1930 1440 1990 racionibus
1463 1938 1560 2006 posset

289 2038 410 2111 expleri
441 2036 570 2111 aliquod
602 2036 742 2094 officium
775 2051 831 2109 per
847 2034 1029 2107 dignitarios
1052 2040 1106 2092 aut
1128 2036 1322 2107 canonicum,
1347 2036 1497 2097 dominus
1517 2038 1559 2095 vi·

288 2145 390 2202 carius
425 2150 531 2219 posset
566 2142 723 2201 moderari
759 2148 789 2199 et
813 2139 973 2215 provideri
1007 2157 1064 2215 per
1099 2141 1234 2200 mulctas
1256 2146 1288 2201 et
1312 2158 1412 2217 penas
1435 2143 1558 2205 inferius

291 2249 472 2308 declaratas.

393 2357 427 2413 ln
461 2355 530 2413 aliis
563 2369 639 2412 vero
674 2353 894 2413 festivitatibus
928 2352 1186 2427 quibuscumque,
1220 2354 1394 2429 inquibus
1417 2355 1557 2414 similiter

288 2463 367 2520 solet
391 2461 499 2519 tabula
523 2461 619 2519 scribi
650 2461 727 2534 ipsis
751 2460 885 2518 dominis
909 2459 1081 2530 dignitariis
1105 2468 1136 2518 et
1158 2454 1324 2533 canonicis,
1354 2462 1556 2536 expediantur

289 2570 382 2626 misse
406 2568 569 2625 dumtaxat
599 2568 761 2641 perillus,
786 2568 900 2640 quibus
923 2567 1032 2625 tabula
1054 2567 1214 2639 scribetur,
1238 2568 1292 2626 vel
1316 2569 1343 2627 si
1364 2584 1424 2642 per
1447 2584 1479 2627 se
1498 2582 1555 2626 non

289 2682 421 2749 possent,
445 2681 557 2732 extunc
580 2690 636 2748 per
659 2674 720 2732 sibi
749 2674 886 2732 similem
909 2680 960 2730 aut
984 2674 1095 2732 saltem
1119 2689 1177 2746 per
1200 2674 1383 2732 canonicum
1408 2690 1460 2734 eas
1482 2674 1555 2733 cele·

289 2781 374 2837 brari
397 2779 518 2850 faciant
542 2786 698 2838 coraturas
727 2785 832 2838 autem
855 2787 885 2839 et
908 2780 1059 2839 lecciones
1083 2780 1202 2854 possint
1233 2780 1377 2854 expediri
1402 2796 1458 2854 per
1480 2781 1553 2838 alios

288 2887 478 2960 presbiteros
508 2885 635 2944 idoneos
666 2891 720 2943 aut
756 2885 979 2961 prebendarius
1010 2901 1065 2945 seu
1096 2885 1261 2959 altaristas,
1293 2887 1468 2946 dummodo
1497 2900 1554 2945 non

289 2992 328 3049 sit
353 2992 498 3051 defectus.

395 3099 472 3156 Item
502 3100 532 3156 in
557 3098 777 3157 festivitatibus
800 3100 952 3171 omnibus,
966 3098 1080 3172 quibus
1102 3100 1203 3157 maior
1226 3114 1380 3174 campana
1405 3100 1551 3175 pulsatur,

288 3210 448 3263 teneantur
468 3221 575 3263 ornnes
592 3206 710 3262 domini
727 3205 886 3278 dignitarii
907 3212 937 3264 et
953 3207 1092 3263 canonici
1115 3207 1262 3264 interesse
1284 3208 1455 3279 matutinis,
1472 3203 1551 3280 quod

288 3311 313 3368 si
338 3311 407 3383 quis
430 3312 585 3384 legittimo
598 3311 822 3384 impedimento
834 3326 896 3369 non
912 3312 1052 3370 obstante
1069 3311 1248 3385 neglexerit,
1265 3313 1376 3370 subeat
1399 3319 1432 3372 et
1455 3313 1551 3370 solvat

290 3432 401 3489 penam
425 3423 572 3474 statutam
596 3417 851 3476 irremissibiliter
874 3419 959 3476 iuxta
982 3419 1206 3477 continenciam
1229 3424 1428 3479 statutorum.

395 3522 471 3581 ltem
505 3524 536 3580 in
571 3523 641 3580 aliis
671 3522 889 3581 festivitatibus
923 3530 952 3581 et
987 3522 1149 3583 dominicis
1173 3524 1291 3597 diebus,
1315 3527 1433 3599 quibus
1457 3526 1551 3584 maior

290 3644 439 3701 campana
471 3643 531 3685 non
564 3629 713 3701 pulsatur,
744 3630 963 3687 nichilominus
993 3635 1105 3701 tamen,
1129 3631 1243 3705 quibus
1267 3631 1377 3690 tabula
1400 3633 1552 3701 scribitur,

286 3734 337 3791 isti
354 3733 514 3790 dumtaxat
538 3734 656 3791 domini
672 3735 829 3792 matutinis
853 3737 997 3793 interesse
1010 3741 1178 3807 teneantur,
1195 3737 1310 3810 quibus
1333 3739 1445 3797 tabula
1460 3739 1549 3797 fuerit

293 3840 416 3912 scripta,
441 3839 494 3897 alii
519 3855 592 3897 vero
616 3856 676 3897 non
700 3841 760 3898 sint
784 3841 915 3913 obligati
937 3842 995 3898 nisi
1018 3858 1056 3899 ex
1080 3843 1284 3916 beneplacito

396 3946 431 4001 Et
469 3952 502 4001 ut
537 3947 687 4018 premissa
723 3946 850 4020 aliquod
887 3948 983 4004 robur
1006 3953 1036 4005 et
1058 3947 1241 4007 firmitatem
1264 3950 1411 4023 habeant,
1435 3952 1552 4026 ipsique

289 4049 407 4108 domini
429 4058 492 4108 tam
509 4051 665 4124 dignitarii
681 4069 774 4126 quam
791 4054 888 4110 eciam
901 4055 1038 4113 canonici
1061 4055 1121 4113 sint
1144 4055 1363 4129 diligenciores
1380 4063 1410 4116 et
1429 4072 1552 4132 promp

288 4156 386 4213 ciores
405 4157 444 4213 ad
468 4159 664 4231 exsequenda
689 4161 927 4232 uniuscuiusque
946 4176 1000 4217 sua
1017 4160 1130 4234 officia,
1154 4169 1306 4221 statutum
1321 4172 1352 4223 et
1375 4166 1552 4223 conclusum

288 4268 347 4319 est:
384 4262 468 4334 quod
501 4266 689 4338 quicumque
724 4266 923 4323 dominorum
959 4267 1024 4324 sive
1060 4270 1255 4341 presencium
1284 4270 1352 4329 sive
1376 4272 1552 4330 absencium

290 4367 462 4438 neglexerit
488 4385 543 4441 per
567 4386 598 4428 se
622 4379 675 4428 aut
697 4374 808 4429 saltem
833 4374 1105 4446 percanonicum,
1128 4375 1216 4432 salvo
1241 4381 1345 4436 tamen
1367 4393 1493 4452 semper
1514 4376 1553 4434 le·

289 4473 399 4542 gitimo
422 4474 654 4549 impediment0,
679 4481 836 4537 celebrare
858 4486 887 4537 et
911 4481 1058 4554 expedire
1080 4497 1135 4540 sua
1152 4482 1264 4553 officia,
1287 4489 1402 4543 extunc
1424 4484 1465 4543 de
1487 4496 1552 4559 pro

289 4577 434 4635 ventibus
469 4580 646 4640 huiusmodi
682 4585 865 4657 negligentis
902 4603 960 4660 pro
985 4588 1125 4660 qualibet
1164 4590 1257 4648 missa
1288 4591 1431 4662 neglecta
1463 4589 1553 4649 XXV.

287 4681 381 4740 solidi
416 4683 625 4759 detrahantur,
661 4695 690 4746 et
715 4706 770 4763 per
804 4692 967 4750 dominum
1002 4695 1153 4753 vicarium
1189 4695 1237 4753 illi
1263 4695 1385 4770 dentur,
1410 4700 1466 4773 qui
1502 4711 1554 4772 pro

288 4802 325 4845 eo
359 4790 572 4863 celebraverit,
604 4794 776 4853 dummodo
807 4797 900 4856 fuerit
930 4800 1101 4870 canonicus
1124 4802 1151 4859 si
1173 4808 1277 4861 autem
1300 4818 1362 4863 non
1394 4805 1489 4864 fuerit
1510 4819 1556 4863 ca·

288 4896 425 4967 nonicus,
461 4898 552 4955 detur
586 4901 647 4957 sibi
683 4902 806 4960 oblacio
842 4915 1029 4979 competens,
1062 4907 1221 4966 residuum
1253 4925 1330 4969 vero
1353 4911 1557 4972 distribuatur
