3278 5348
290 785 371 835 Anno
393 797 468 848 1433,
491 798 529 849 14.
548 787 646 836 marcii.
666 783 911 849 Quinqneecclesiis.

216 912 244 968 Α
261 913 402 987 Jolramre
425 914 543 981 Adraa,
565 915 645 987 episc.
669 913 799 987 zagrab,
814 913 871 986 pia
895 912 991 984 legata
1006 915 1175 967 testamento
1199 907 1414 979 relinquuntur.

286 1057 353 1114 Hoc
376 1072 456 1115 anno
483 1072 573 1133 1433.
600 1073 647 1133 14.
672 1058 784 1129 martii,
807 1055 942 1139 Joannes
963 1054 1129 1126 episcopus
1151 1048 1370 1124 zagrabiensis,
1393 1048 1449 1105 im·

181 1163 261 1234 perii
284 1168 313 1220 et
335 1165 422 1235 regni
447 1164 606 1236 Hungarie
628 1164 832 1222 cancellarius
851 1167 998 1233 aegrotus
1022 1158 1210 1216 decumbens
1222 1153 1450 1229 9000000010-

180 1268 234 1324 siis
258 1268 288 1325 in
320 1269 457 1326 stubella
492 1283 590 1342 parva
621 1270 652 1326 in
687 1270 804 1342 palatio
839 1267 925 1325 chori
955 1267 986 1324 in
1017 1270 1118 1323 castro
1150 1259 1451 1337 quinquecclesiensi

185 1379 403 1431 testamentum
428 1375 574 1446 condidit,
598 1376 629 1432 in
654 1390 715 1447 qno
739 1374 890 1448 disponit:
922 1371 1006 1446 quod
1031 1371 1108 1428 velit
1130 1368 1257 1443 sepeliri
1280 1365 1450 1439 Zagrabiae

181 1480 212 1535 in
236 1478 405 1537 cathedrali
428 1488 498 1537 ante
519 1496 610 1537 suum
626 1480 724 1537 altare
740 1480 770 1536 in
786 1480 888 1537 choro.
912 1470 1220 1550 Argen'teriaetotius
1244 1471 1447 1530 medietatem

180 1584 264 1655 legat
287 1584 433 1642 ecclesiae
456 1585 649 1657 zagrabiensi
672 1586 703 1642 in
725 1590 852 1643 ornatus
867 1585 1073 1657 reliquiarum
1096 1588 1126 1640 et
1149 1581 1261 1638 calices
1283 1583 1339 1635 etc.
1363 1574 1451 1652 juxta

181 1689 415 1762 dispositionem
447 1691 592 1764 capituli;
625 1690 799 1748 medietatis
830 1706 905 1748 vero
936 1705 1030 1747 unarn
1062 1694 1183 1762 partem
1207 1684 1379 1758 Rudolpho
1412 1681 1451 1739 de

184 1795 289 1852 Alben
312 1802 342 1853 et
365 1796 403 1853 de
426 1796 538 1853 Medve
563 1795 654 1853 fratri
679 1811 735 1852 suo
759 1797 884 1866 carnali,
912 1803 946 1852 nt
969 1810 1077 1869 preces
1100 1792 1169 1849 fieri
1191 1796 1277 1848 curet
1300 1803 1361 1862 pro
1384 1786 1450 1864 ejus

182 1906 214 1958 et
235 1902 408 1959 Eberhardi
433 1902 565 1960 condam
589 1902 736 1975 episcopi,
761 1901 867 1959 fratris
882 1901 956 1971 eius,
980 1901 1096 1969 anima;
1120 1898 1216 1955 aliam
1239 1909 1314 1954 vero
1339 1907 1451 1967 aequa-

184 2008 248 2064 lem
271 2015 392 2081 partem
426 2009 508 2081 legat
544 2007 715 2065 cathedrali
745 2024 767 2064 s.
791 2006 874 2065 Petri
901 2005 1199 2080 quinquecclesiensi
1231 2002 1270 2061 ad
1303 2000 1451 2058 emendas

182 2128 298 2187 cappas
322 2119 352 2170 et
374 2119 555 2170 ornamenta
579 2113 733 2170 ecclesiae.
768 2113 888 2184 Libros,
919 2113 1040 2170 casulas
1063 2127 1099 2169 ac
1122 2115 1224 2167 vestes
1254 2105 1451 2183 pontificales

183 2218 330 2275 ecclesiae
364 2219 563 2292 zagrabiensi.
596 2218 778 2277 Breviarum
808 2233 884 2276 vero
918 2219 1064 2276 ecclesiae
1099 2215 1290 2285 dumhrensi,
1326 2219 1361 2270 ut
1384 2209 1451 2286 ejus

182 2328 317 2381 rectores
340 2339 399 2398 pro
422 2325 491 2397 ipso
515 2334 611 2381 orent.
647 2324 802 2381 Vestitum
833 2340 934 2397 suum,
966 2331 1029 2383 tres
1051 2324 1127 2381 item
1158 2336 1267 2379 currus
1296 2319 1396 2393 ipsius
1420 2322 1450 2374 et

183 2435 330 2502 quartum
353 2430 540 2505 pendentem
564 2446 624 2487 una
649 2446 721 2487 curn
744 2432 831 2504 equis
854 2431 1012 2490 curtiferis
1036 2431 1120 2502 legat
1143 2425 1379 2502 praebendariis
1401 2438 1451 2481 za·

183 2537 401 2609 grabiensibus
425 2545 455 2595 et
480 2539 720 2596 chasmensibus.
751 2538 871 2597 Pannos
901 2518 1032 2608 magnos
1054 2533 1244 2608 imaginibus
1267 2537 1298 2589 et
1321 2529 1452 2605 picturis

184 2648 350 2713 contextos,
368 2643 487 2700 dudum
507 2642 570 2719 jam
594 2661 651 2717 per
674 2660 745 2701 eurn
769 2643 915 2702 ecclesiae
931 2641 1123 2714 zagrabiensi
1146 2639 1324 2710 destinatos,
1348 2636 1451 2695 eidem

185 2748 279 2821 legat,
303 2749 525 2822 appendendos
548 2751 611 2806 suis
641 2751 843 2823 temporibus.
867 2748 1033 2806 Civitatem
1057 2747 1095 2804 de
1117 2752 1223 2804 monte
1246 2744 1344 2803 Grecz
1366 2741 1456 2818 juxta

184 2853 370 2925 Zagrabiam
394 2857 492 2925 sitam,
519 2870 654 2928 quamn
678 2853 876 2927 Sigismundo
892 2855 983 2912 titulo
999 2854 1138 2927 pignoris
1154 2830 1343 2926 possidebat,
1368 2848 1453 2921 legat

184 2961 259 3032 regi,
283 2960 383 3017 eidem
407 2962 571 3035 pecuniam
595 2960 760 3034 superinde
783 2975 968 3031 concessam,
992 2957 1170 3018 relaxando.
1205 2956 1335 3013 Ratione
1358 2954 1454 3012 castri

184 3066 301 3138 Kuvar,
325 3068 459 3125 civitatis
481 3069 680 3142 Kapronczae
711 3083 781 3124 curn
813 3066 1013 3140 pertinentiis,
1044 3066 1119 3122 item
1143 3062 1321 3122 lent-Peter
1352 3075 1453 3135 prope

184 3172 325 3229 Dravum
350 3178 380 3230 et
400 3174 561 3242 tributum,
596 3173 680 3246 quod
710 3172 885 3230 abeodem
920 3169 1119 3244 sigismundo
1152 3170 1329 3228 obtinuerat
1359 3166 1453 3227 titulo

184 3279 323 3352 pignoris
345 3295 403 3352 pro
427 3280 682 3352 hungaricalibus
719 3294 832 3337 roooo
856 3286 886 3336 et
911 3293 981 3352 300.
1012 3276 1239 3353 jobagionibus‚
1263 3291 1343 3350 quos
1367 3273 1452 3333 idem

184 3382 401 3456 sigismundus
435 3387 552 3443 ratione
588 3392 762 3443 castrorum
786 3384 905 3443 Tadilra
940 3392 970 3441 et
1003 3383 1132 3442 Peleslte
1164 3398 1222 3457 pro
1253 3380 1452 3441 curatoribus

184 3489 286 3547 eidem
308 3491 419 3573 Joanni
443 3491 516 3548 dare
541 3493 735 3563 promiserat,
759 3491 803 3547 sic
827 3491 979 3564 disponit:
1012 3488 1236 3548 considerando
1259 3483 1455 3561 sigismundi

185 3594 215 3653 in
239 3611 271 3653 se
295 3596 516 3668 benignitatem
542 3613 627 3669 3000
650 3598 715 3655 tlor.
740 3598 766 3654 ei
789 3597 920 3654 remittit
944 3597 981 3654 de
997 3611 1120 3655 summa
1141 3610 1254 3653 to.ooo
1277 3595 1309 3651 in
1331 3592 1453 3650 tributo

187 3706 217 3758 et
240 3703 434 3775 possessione
450 3702 628 3759 lent-Peter
643 3704 844 3771 haerentium
867 3703 1006 3775 reliquos
1026 3717 1100 3760 eero
1127 3716 1211 3771 7000
1234 3699 1300 3757 flor.
1323 3704 1354 3755 et
1379 3695 1453 3767 600,

185 3807 342 3864 civitatem
367 3813 397 3864 et
422 3822 492 3880 300.
508 3806 687 3882 jobagiones
711 3807 799 3866 fratri
822 3809 906 3881 legat
929 3808 1127 3865 medietatem
1151 3807 1242 3865 castri
1265 3810 1295 3862 et
1318 3803 1455 3861 civitatis

185 3929 242 3986 per
266 3920 443 3970 executores
467 3912 685 3986 possidendam
702 3914 854 3986 usquead
872 3924 994 3988 tempus
1010 3913 1233 3987 redemptionis
1251 3926 1309 3985 pro
1332 3910 1454 3968 fabrica

187 4020 334 4077 ecclesiae
358 4021 571 4091 zagrabiensis.
595 4019 678 4076 Flor.
702 4021 770 4077 auri
795 4035 865 4093 315.
894 4026 1035 4093 receptos
1058 4036 1076 4077 a
1100 4020 1216 4077 vicario
1239 4033 1297 4076 suo
1319 4019 1352 4076 in
1376 4025 1454 4075 tem·

185 4126 349 4198 poralibns
372 4125 502 4197 Thoma,
526 4127 701 4198 promissa
725 4143 746 4183 s.
770 4125 918 4200 Stephani
946 4128 1028 4199 regis
1050 4128 1081 4183 in
1105 4125 1276 4183 cathedrali
1299 4129 1454 4198 perpetuo

187 4231 383 4302 celebranda,
412 4233 545 4289 comittit
569 4233 785 4290 executoribus
815 4239 849 4289 ut
871 4234 1003 4303 solvant,
1034 4248 1092 4306 pro
1123 4247 1185 4305 qua
1216 4231 1346 4305 pecunia
1368 4245 1454 4288 acce·

187 4337 331 4395 dentibus
354 4337 599 4394 ordinationibus
615 4337 776 4413 cujusdem
799 4336 861 4413 jam
879 4338 967 4395 iactis
983 4339 1064 4395 circa
1079 4345 1216 4395 castrum
1233 4336 1368 4395 Kemlelt
1384 4338 1454 4394 vult

186 4460 255 4501 eam
269 4445 397 4501 missam
413 4450 565 4516 perpetuo
581 4445 733 4502 celebrari
750 4444 880 4516 singulis
896 4444 1013 4500 diebus.
1030 4444 1125 4515 Legat
1140 4444 1268 4517 insuper
1287 4455 1371 4511 1500
1383 4441 1452 4502 flor.

186 4549 226 4607 ad
250 4549 404 4607 fabricam
426 4550 573 4606 ecclesiae
596 4551 803 4622 zagrabiensis
835 4549 1081 4608 continuandam.
1113 4550 1233 4607 Anulus
1263 4549 1349 4622 legat
1372 4548 1454 4608 filia·

187 4656 247 4713 bus
271 4656 419 4713 Anthonii
444 4656 565 4713 comitis
590 4655 628 4712 de
651 4656 769 4727 Blagay
792 4672 830 4712 ex
845 4655 1029 4728 Magdalena
1053 4671 1159 4713 sorore
1181 4652 1248 4731 ejus
1271 4655 1454 4729 progenitis.

186 4761 336 4819 Pulvinar
360 4778 451 4819 sunm
482 4759 583 4837 majus
612 4762 644 4819 in
674 4767 773 4818 castro
797 4760 975 4834 Gompnecz
1003 4762 1146 4819 habiturn
1181 4761 1352 4820 successori
1388 4762 1453 4836 epi·

187 4882 283 4942 scopo
306 4868 507 4940 zagrabiensi.
531 4868 635 4926 Unum
657 4867 805 4940 pulvinar
820 4882 969 4939 magnum
992 4869 1023 4925 in
1047 4874 1147 4926 castro
1163 4867 1284 4926 Medwe
1307 4868 1453 4928 habitum
