3278 5348
587 424 662 486 Doc.
687 419 737 501 83.
762 420 814 500 84.
834 400 878 466 '-
903 423 959 481 An.
983 435 1071 500 1435·
1278 414 1281 419 ⁸
1397 439 1456 495 107

201 524 1456 550 *ἡμή

797 635 859 702 83.

294 776 375 843 Anno
395 789 471 844 1435,
491 784 549 842 post
566 777 722 828 dominicam
739 778 860 855 laetare,
874 778 989 829 Posonii.

294 906 513 983 sigismundus
536 923 661 966 causam
687 909 816 982 capituli
840 915 945 966 contra
975 910 1142 976 civitatem,
1179 907 1274 979 uuam
1304 922 1342 963 cx
1372 905 1458 963 curia

191 1017 274 1085 regia
305 992 539 1073 absentantibus
561 1032 593 1073 se
617 1015 738 1073 civibus
761 1015 802 1072 ab
826 1014 892 1091 ejus
915 1016 1017 1072 curiae
1039 1013 1163 1090 judicio,
1187 1016 1217 1071 in
1248 1028 1336 1070 suam
1369 1004 1457 1086 prae'-

188 1122 318 1179 sentiam
341 1122 371 1178 in
395 1136 453 1178 suo
475 1121 515 1178 ad
538 1137 670 1194 regnum
693 1121 794 1179 reditu
820 1128 1029 1192 revocaverat,
1053 1122 1225 1178 ubi.etiam
1248 1135 1265 1177 a
1289 1119 1410 1177 Thoma
1426 1122 1457 1177 et

187 1226 324 1299 Georgio
347 1228 501 1285 canonicis
525 1228 786 1299 zagrabiensibus,
811 1229 1065 1302 procuratoribus
1096 1228 1236 1300 capituli,
1271 1226 1378 1298 plures
1411 1226 1456 1281 in·
1532 1203 1536 1209 ⁸

188 1335 369 1406 quisitioncs
400 1338 431 1391 et
463 1336 702 1407 protestationes
734 1334 944 1407 capitulorum
976 1340 1006 1391 et
1027 1332 1167 1409 judicum
1192 1332 1344 1389 nobilium
1369 1345 1457 1402 prac-

189 1445 385 1497 scntaverant
420 1444 527 1497 contra
561 1440 735 1510 civitatem;
758 1440 960 1498 nihilominus
996 1442 1165 1513 imperator
1195 1436 1364 1510 impeditus
1387 1435 1457 1494 aliis

189 1546 329 1617 negotiis,
352 1561 461 1603 rursus
484 1545 524 1603 ad
548 1546 763 1604 licrmannum
786 1547 904 1604 banum
927 1545 1108 1604 Sclavoniae
1130 1545 1182 1602 vel
1200 1544 1386 1600 vicebanum
1402 1557 1456 1598 seu

191 1652 405 1708 vicecomitem
440 1659 469 1708 et
506 1641 625 1727 judices
659 1653 814 1710 nobilium
848 1653 1054 1723 zagralriensis
1078 1653 1242 1708 comitatus
1264 1649 1394 1707 remittit
1417 1645 1456 1704 ad

192 1738 314 1814 octavas
336 1773 361 1816 s.
385 1756 512 1830 Georgii
536 1757 712 1830 finiendam,
736 1776 773 1816 ne
797 1759 862 1816 ulla
885 1773 958 1832 pars
981 1758 1020 1816 ad
1045 1774 1116 1815 eum
1149 1757 1286 1830 amplius
1309 1760 1456 1814 recurrat

295 1894 407 1958 Georgii
426 1894 598 1951 Marcelovid;
619 1896 736 1960 Regestu
755 1903 783 1945 ut
803 1912 887 1961 supra.

794 2142 855 2207 84.

294 2287 376 2334 Anno
397 2295 472 2350 1435,
493 2295 533 2344 29.
553 2284 646 2335 martii.
665 2284 780 2336 Posonii.

194 2409 391 2487 Sigrrsniundns
412 2413 589 2483 Hungtvrr'ac
611 2420 658 2469 etc.
692 2432 754 2481 rex,
789 2413 960 2469 Hermanno
984 2413 1057 2469 bono
1075 2413 1225 2485 praecipit,
1249 2413 1333 2468 utin
1357 2429 1457 2481 causa,

192 2536 262 2589 qtnrc
284 2521 361 2577 r'trlcr
389 2519 614 2577 cosumum'tatem
645 2519 770 2577 cr'w'tntt's
797 2527 825 2576 et
853 2517 960 2577 rtebiles
991 2520 1024 2575 de
1055 2518 1149 2575 Sused
1174 2519 1208 2575 de
1232 2518 1457 2591 possessionibus

353 2626 513 2684 Petruvina
535 2624 654 2682 lIrcts'c'cr
676 2634 705 2683 ct
726 2605 912 2700 Sr'oirkoer'nn
935 2626 1082 2697 (ruebatur,
1105 2645 1163 2683 rem
1179 2625 1298 2701 judiees.

755 2765 909 2812 Commissio
935 2765 1038 2828 propria
1057 2765 1154 2812 domiui
1174 2765 1336 2828 imperatoris
1355 2780 1387 2811 ex

788 2853 978 2901 deliberacione
997 2853 1120 2900 baronum
1139 2854 1166 2901 in
1188 2854 1286 2916 judicio
1311 2853 1385 2902 saeta.

293 2964 512 3037 Sigismundus
535 2964 583 3022 dei
608 2967 710 3037 gracia
729 2966 939 3022 Romanorum
959 2968 1136 3038 imperator,
1154 2981 1277 3037 semper
1300 2969 1457 3036 augustus,
1541 3035 1543 3039 Ι

183 3087 226 3129 ac
251 3072 419 3143 ilungarie,
445 3071 600 3143 Bohemie,
625 3072 793 3139 Dalmaeie,
817 3072 943 3128 Croacie
961 3077 1014 3128 etc.
1039 3089 1100 3129 rex.
1127 3071 1222 3128 lideli
1249 3076 1354 3128 nostro
1372 3086 1457 3143 spec·

183 3178 275 3235 tabili
300 3184 331 3235 et
354 3176 521 3250 magnilico
545 3178 732 3247 Hermanno,
764 3177 842 3234 (ilie
873 3184 902 3235 et
937 3178 1065 3249 Zagorie
1098 3176 1328 3250 comittit-gni
1361 3176 1456 3232 nostri

183 3284 351 3343 Sclauonie
367 3285 456 3353 bano,
473 3298 579 3341 socero
603 3291 707 3342 nostro
731 3286 902 3354 carissimo,
926 3285 1058 3341 salutern
1083 3293 1111 3342 et
1133 3287 1280 3356 graciam.
1310 3284 1455 3341 Nostram

190 3393 346 3448 venientes
371 3393 400 3447 in
432 3392 623 3464 presenciam
659 3389 766 3448 fideles
803 3394 898 3448 nostri
929 3392 1053 3465 providi
1090 3394 1165 3448 vivi:
1204 3392 1318 3461 Petrus,
1357 3391 1456 3447 dictus

189 3498 326 3568 llagyar,
342 3497 420 3554 alias
444 3495 536 3571 judex
560 3503 590 3554 et
615 3497 761 3555 Nicotaus
786 3499 948 3569 litteratus
974 3500 1056 3555 cives
1069 3500 1202 3555 civitatis
1220 3506 1321 3556 nostre
1342 3499 1456 3555 montis

187 3602 349 3661 Grecensis
373 3602 411 3660 de
433 3603 594 3675 Zagrabia,
619 3605 708 3661 nobis
733 3606 761 3661 in
786 3606 848 3662 suis
871 3621 907 3662 ac
930 3610 1102 3662 ceterorum
1120 3607 1334 3663 universorum
1359 3606 1457 3663 conci-

191 3710 286 3780 vium,
310 3710 469 3783 hospitum
492 3717 523 3768 et
547 3711 737 3784 populorum
762 3710 900 3769 eiusdem
917 3712 1050 3769 civitatis
1074 3719 1176 3769 nostre
1202 3712 1339 3785 personis
1362 3727 1457 3785 expo·

188 3822 317 3873 suerunt
340 3816 516 3888 queruloso,
547 3817 706 3889 quomodo
738 3818 815 3875 alias
845 3817 976 3875 condam
1013 3818 1158 3875 Nicotaus
1192 3834 1227 3874 nc
1261 3819 1456 3890 Laurencius‚

190 3922 244 3979 filii
268 3922 387 3980 Nicolai
410 3922 483 3981 dicti
507 3924 588 3981 Toth
612 3924 649 3981 de
674 3924 886 3996 Zomzedwar,
912 3924 1063 3997 quasdam
1087 3931 1148 3982 tres
1165 3927 1372 3998 possessiones
1390 3943 1457 3998 pre·

191 4027 251 4085 late
276 4034 379 4087 nostre
403 4031 536 4088 civitatis
561 4037 589 4088 et
621 4039 843 4105 consequenter
875 4034 1014 4106 ipsorum
1047 4035 1176 4091 civium:
1210 4033 1392 4105 l'etrowyna
1421 4048 1457 4090 ac

189 4134 322 4207 llrastya
344 4142 374 4191 et
398 4133 641 4209 Syllyalrowyna
664 4142 789 4195 vocatas
814 4140 843 4195 in
869 4142 1015 4197 comitatu
1049 4142 1239 4212 zagrnbiensi
1264 4141 1385 4197 habitas
1416 4139 1456 4195 ab

190 4242 255 4314 ipsa
280 4242 404 4298 civitate
427 4247 533 4300 nostra
557 4249 587 4300 et
610 4243 727 4301 eisdem
759 4245 880 4302 civibus
914 4245 1049 4303 indebite
1084 4261 1119 4303 ac
1155 4249 1256 4303 minus
1291 4249 1368 4303 iuste
1400 4259 1457 4317 pro

189 4348 296 4421 seipsis
318 4354 519 4421 occupassent
542 4355 572 4406 et
598 4358 772 4424 occupatas,
797 4351 873 4408 dum
897 4353 1053 4415 vixissent.
1079 4354 1244 4411 tenuissent
1278 4358 1307 4408 et
1335 4366 1457 4409 conscr-

190 4459 321 4510 vassent.
342 4452 431 4511 Nunc
454 4461 559 4512 autent
584 4457 658 4528 ipsis
682 4457 810 4515 Nicolao
833 4474 868 4516 ac
892 4459 1061 4517 Laurencio
1086 4459 1254 4526 defunctis,
1286 4456 1456 4527 ladislaus,

190 4558 302 4632 prefati
326 4558 446 4619 Nicolai
469 4575 505 4619 ac
527 4562 691 4644 Johannes,
708 4564 834 4623 antefati
859 4565 1021 4624 Laurencii
1046 4566 1111 4638 filii,
1128 4566 1299 4622 detinerent
1314 4562 1457 4621 similiter

192 4663 334 4735 indebite,
365 4667 463 4723 immo
495 4669 636 4740 potencia
659 4669 821 4741 mediante,
855 4672 883 4728 in
915 4672 1055 4746 ipsorum
1086 4674 1200 4729 eivium
1233 4671 1404 4743 dampnum
1428 4675 1457 4726 et

190 4770 396 4845 preludicium
420 4773 514 4831 valde
537 4790 705 4849 magnum
728 4792 822 4850 super
847 4793 909 4851 (tuo
933 4780 1150 4852 supplicarunt
1184 4779 1244 4852 ipsi
1280 4777 1387 4834 Petrus
1421 4790 1457 4833 ac

191 4876 347 4969 lljcolaus¹
360 4876 531 4953 litteratus„
546 4881 629 4938 cives
652 4889 755 4940 nostre
777 4883 909 4943 civitatis
930 4884 1136 4957 zagrabiensis
1166 4883 1315 4958 predicte,
1347 4882 1456 4941 sibiet
