3278 5348
625 412 701 470 Dor.
725 425 794 489 241.
820 446 861 455 -
885 406 1055 487 An.1465.
1404 431 1464 489 299

191 627 225 686 in
249 626 353 685 littem
377 627 622 701 producerentur
645 642 746 687 cassas
769 630 984 688 commisimus
999 634 1030 687 et
1046 628 1166 687 viribus
1183 629 1343 700 carituras,
1366 629 1466 687 immo

192 732 425 791 exhibitoribus
451 733 633 793 earumdem
656 735 819 794 nocituras.
850 736 884 794 In
915 751 1050 809 quorum
1073 735 1214 793 omnium
1239 735 1464 809 premissorum

192 840 419 911 testimonium,
441 838 685 912 firmitatemque
710 846 893 914 perpetuam
927 841 1122 915 presentibus
1153 840 1293 912 sigillum
1323 847 1466 897 nostrum

192 959 361 1004 commune
385 946 533 1005 duximus
555 945 805 1021 appendendum.
829 948 944 1005 Datum
969 946 1045 1004 feria
1070 947 1205 1004 secunda
1228 947 1372 1019 proxima
1395 951 1466 1004 ante

191 1051 310 1109 festum
335 1052 418 1111 beati
441 1051 584 1126 Gregorii
609 1068 698 1128 pape.
723 1055 813 1111 Anno
836 1052 952 1111 domini
974 1053 1144 1111 millesimo
1161 1052 1465 1126 quadringentesimo

190 1159 389 1231 sexagesimo
412 1159 528 1232 quinto.

301 1294 435 1357 originale
462 1296 489 1343 in
508 1295 605 1346 charta.
643 1297 669 1344 A
690 1303 764 1359 tergo
782 1298 919 1359 vestigium
938 1297 1075 1361 imppressi
1094 1295 1183 1358 sigilli.
1220 1296 1252 1342 In
1277 1293 1392 1341 archivio
1416 1293 1461 1345 lib,

189 1398 244 1445 reg.
265 1382 314 1430 m'v.
333 1382 514 1446 zagrabiensis.

804 1614 887 1678 241.

299 1754 381 1803 Anno
403 1754 477 1820 1465,
497 1767 511 1819 5
540 1755 631 1819 aprilis
660 1755 808 1819 Zagrabiae.

187 1882 385 1957 Inquisitione
407 1883 562 1940 consulum
584 1901 692 1956 inagna
714 1883 884 1941 detrimenta
907 1902 926 1938 a
957 1884 1154 1939 conemunirate
1184 1882 1308 1938 civitates
1338 1880 1463 1952 capitulo

179 1989 319 2063 profecto
349 2005 407 2046 esse
437 1987 539 2045 adlata
569 1989 720 2047 Emericus
750 1990 784 2046 de
815 1989 941 2065 Zapolja
964 1997 992 2047 e!
1013 1989 1155 2046 lift'colaus
1177 1988 1211 2044 de
1244 1986 1328 2044 Vilak
1350 1987 1422 2043 bani
1442 2003 1461 2041 a

566 2097 699 2153 conn'mtu
722 2096 839 2169 zagrab.
863 2098 995 2153 certiores
1018 2097 1100 2158 fiunt.

300 2239 471 2311 llagnificis
495 2241 570 2299 viris
594 2242 735 2298 Emerico
759 2240 797 2299 de
817 2241 956 2314 Zapolya
979 2255 1147 2312 regnorum
1180 2239 1277 2296 Boane
1308 2238 1461 2311 guberna·

188 2345 261 2412 tori,
284 2360 402 2402 necnon
426 2346 595 2417 Dalmacie,
619 2346 747 2404 Croacie
770 2353 800 2404 et
824 2347 952 2405 Nicolao
977 2347 1014 2403 de
1047 2347 1162 2419 Wylak
1185 2346 1273 2418 regni
1297 2344 1460 2403 Sclauonie

187 2452 290 2522 banis,
313 2451 448 2510 dominis
470 2453 610 2525 ipsorum
635 2452 831 2523 honorandis
850 2452 1026 2526 Stephanus
1043 2453 1183 2510 Bicchelc
1206 2451 1244 2509 de
1267 2450 1460 2522 Zelinyawar

187 2566 219 2616 et
246 2559 435 2631 Augustinus
458 2558 615 2617 Porkolab
639 2560 768 2617 comites
791 2575 825 2617 ac
852 2557 967 2633 judices
991 2560 1144 2618 nobilium
1170 2559 1334 2616 comitatus
1352 2572 1458 2628 ragra-

189 2665 307 2723 biensis
333 2665 456 2722 servicii
487 2672 516 2722 et
548 2666 673 2722 honoris
705 2666 883 2723 continuum
915 2667 1146 2723 incrementum.
1178 2664 1328 2722 Noverint
1350 2662 1459 2720 eedem
1538 2722 1541 2727 ,

189 2777 294 2829 vestre
318 2769 560 2843 magnificencie,
586 2770 669 2843 quod
692 2786 747 2828 nos
771 2772 889 2830 litteras
914 2772 1122 2845 inquisitorias
1153 2770 1340 2828 serenissimi
1373 2769 1457 2842 prin-

187 2877 270 2950 cipis
291 2884 322 2934 et
344 2877 471 2947 domini,
492 2876 610 2934 domini
635 2878 768 2949 Mathye,
792 2878 841 2935 dei
864 2878 967 2950 gracia
991 2879 1071 2950 regis
1095 2878 1264 2949 ilungarie‚
1289 2875 1458 2944 Dalmacie,

189 2983 320 3041 Croacie
343 2988 399 3040 etc.
422 2982 540 3040 domini
563 2984 659 3041 nostri
675 2984 816 3056 graciosi,
840 2986 944 3041 clause
967 2990 1133 3055 emanatas,
1156 2983 1308 3055 nobisque
1331 2996 1458 3054 precep-

188 3089 269 3148 torie
293 3089 453 3161 loquentes
475 3095 505 3146 et
529 3089 662 3147 directas
684 3106 831 3163 sumpma
854 3107 924 3147 cum
957 3090 1107 3148 lidelitate
1136 3090 1309 3163 recepimus
1341 3088 1372 3144 in
1404 3088 1459 3145 hec

189 3195 308 3252 verba:
328 3190 414 3273 (vide
436 3195 514 3254 Doc.
540 3210 610 3270 239.
634 3194 673 3252 de
694 3211 774 3253 anno
798 3196 888 3271 1465.
913 3211 942 3264 5.
966 3189 1087 3273 aprilis)
1110 3196 1174 3253 Nos
1197 3197 1290 3268 igitur
1306 3192 1459 3251 mandatis

188 3299 304 3375 prefati
325 3300 443 3358 domini
467 3302 564 3359 nostri
588 3302 668 3373 regis
692 3303 723 3359 in
745 3303 890 3360 omnibus
914 3303 1042 3360 obedire
1065 3304 1231 3376 cupientes,
1257 3307 1290 3358 ut
1307 3307 1455 3371 tenemur,

188 3407 348 3478 Mathyam
367 3406 405 3464 de
428 3407 590 3465 Wrnewcz
615 3413 645 3465 et
668 3408 847 3466 ladislaum
871 3410 1012 3481 lmprycz
1033 3408 1071 3465 de
1093 3405 1300 3491 Jampnycha,
1324 3408 1402 3465 duos
1417 3423 1455 3465 ex

185 3511 290 3582 nobis,
305 3513 422 3571 scilicet
437 3510 553 3588 judices
576 3514 740 3584 nobilium,
764 3514 802 3571 ad
826 3516 1012 3587 premissam
1029 3516 1263 3588 inquisicionem
1281 3513 1457 3572 faciendam

185 3616 336 3675 duximus
367 3617 574 3687 destinandos,
606 3621 659 3692 qui
690 3619 815 3677 tandem
843 3620 881 3676 ad
915 3636 971 3677 nos
993 3622 1104 3679 exinde
1128 3622 1244 3679 reversi
1268 3622 1358 3678 nobis
1382 3636 1454 3678 con·

184 3722 325 3781 corditer
348 3725 520 3782 retulerunt
542 3739 579 3782 eo
602 3725 705 3794 modo,
727 3732 760 3782 ut
783 3727 843 3799 ipsi
866 3727 906 3784 ab
938 3728 1083 3785 omnibus
1107 3730 1221 3800 quibus
1254 3728 1404 3785 decuisset
1427 3733 1457 3784 et

185 3829 326 3887 licuisset
358 3831 464 3902 palam
499 3840 529 3888 et
559 3832 680 3889 occulte
712 3831 876 3905 diligenter
899 3835 1097 3906 inquirentes,
1122 3836 1224 3892 omnia
1251 3835 1401 3907 premissa
1427 3839 1456 3892 et

182 3935 298 4009 quevis
322 3938 544 4008 premissorum
568 3939 690 4010 singula
713 3940 756 3996 sic
778 3947 808 3997 et
823 3941 932 3997 eodem
951 3941 1043 3997 modo
1061 3940 1139 3997 iacta
1157 3940 1223 3997 fore
1247 3941 1451 4012 rescivissent,

184 4047 281 4115 prout
306 4040 427 4115 prefato
450 4042 576 4101 domino
599 4049 706 4101 nostro
729 4047 794 4118 regi
817 4045 934 4104 dictum
960 4047 1109 4103 extitisset
1132 4054 1161 4102 et
1184 4046 1454 4117 quemadmodum

183 4154 278 4205 tenor
312 4148 487 4206 litterarum
523 4151 675 4222 regalium
712 4153 880 4209 contineret
916 4153 1141 4224 predictarum,
1177 4166 1309 4223 quarum
1344 4152 1454 4209 seriem

185 4252 307 4311 eisdem
331 4255 440 4312 vestris
466 4256 706 4329 magnificenciis
730 4257 875 4316 duximus
899 4259 1137 4316 rescribenrlam.
1163 4259 1277 4315 Datum
1304 4258 1455 4330 Zagrabie

184 4358 266 4418 feria
297 4371 384 4418 sexta
415 4363 559 4435 proxima
591 4369 660 4420 ante
691 4363 879 4422 dominicam
904 4366 1198 4438 ltamispalmarum.
1224 4368 1312 4423 Anno
1336 4364 1454 4423 domini

183 4465 357 4524 millesimo
382 4467 686 4541 quadringentesimo
710 4472 902 4543 sexagesimo
926 4473 1042 4543 quinto.

294 4601 429 4667 Originale
447 4601 474 4653 in
493 4602 590 4655 charta.
619 4605 645 4652 A
666 4612 738 4667 tergo
757 4606 865 4669 vestigia
883 4623 927 4654 sex
945 4607 1096 4669 sigillorum.
1126 4610 1158 4656 In
1177 4608 1272 4658 archiv.
1292 4624 1349 4658 ven.
1369 4608 1452 4672 Capit.

181 4689 288 4754 ngrab.
308 4690 371 4739 Act.
390 4706 445 4756 cap.
465 4699 517 4741 ant.
537 4692 598 4743 iaso.
622 4704 660 4743 ro.
680 4708 717 4744 nr.
738 4696 761 4744 8.
