3278 5348
193 396 253 465 176
620 392 693 449 Doc.
718 401 776 467 127
816 423 839 432 -
874 391 931 455 An.
956 402 1047 468 1439.

189 607 286 690 Jarun
310 606 500 676 destinasset;
524 612 647 664 etcum
671 605 733 680 ipsi
756 605 887 664 Michael
911 610 941 664 et
963 603 1139 680 Stephanus
1161 603 1193 663 in
1228 603 1340 662 eodem
1372 601 1452 661 vehi·

190 714 261 773 culo
286 712 425 771 sedentes
451 717 480 770 et
504 711 643 787 prefatus
666 711 813 771 Nicolaus
845 711 1054 770 mercenarius
1083 712 1190 785 ipsum
1213 709 1394 769 vehiculum
1426 709 1453 767 iu

190 835 270 893 equo
290 819 400 877 sedens
423 817 622 876 conduxisset
645 818 685 876 ad
709 817 828 876 dictum
851 824 978 892 portum
1010 816 1243 894 applicuissent,
1274 823 1348 875 tunc
1377 815 1452 872 Mar·

189 926 270 984 tinus
305 932 413 996 sartor,
448 925 525 983 civis
558 925 693 983 civitatis
727 924 841 983 montis
865 923 1027 983 Grecensis
1061 939 1196 982 unacum
1232 922 1305 981 aliis
1328 919 1454 994 compli-

189 1032 277 1090 cibus
299 1037 329 1090 et
353 1031 445 1090 sociis
468 1033 540 1103 suis,
565 1047 636 1090 curn
660 1032 789 1104 civibus,
813 1047 852 1090 ex
875 1046 1033 1103 consensu,
1056 1030 1258 1105 instigacione
1281 1034 1313 1087 et
1334 1025 1456 1102 speciali

191 1139 420 1196 transmissione
443 1137 558 1210 prelati
582 1138 730 1196 Anthonii
753 1137 792 1196 de
814 1138 984 1210 Florencia,
1006 1136 1127 1215 judicis,
1149 1137 1244 1221 Jaxin
1259 1142 1290 1194 et
1307 1133 1456 1210 prescrip

188 1250 293 1301 torum
316 1244 451 1302 aliorum
473 1241 647 1320 juratorum
670 1248 700 1302 et
723 1244 839 1301 civium
863 1243 944 1303 dicte
959 1244 1101 1315 civitatis,
1124 1259 1197 1301 cum
1211 1241 1319 1309 armis,
1336 1238 1452 1312 sagittis

188 1356 218 1406 et
241 1349 424 1423 cuspidibus
446 1366 484 1407 ex
510 1356 714 1424 preconcepta
746 1350 882 1408 rancoris
913 1351 1037 1408 malicia
1059 1350 1092 1408 in
1115 1348 1251 1424 quadam
1276 1347 1360 1406 silva
1382 1345 1456 1404 eius·

188 1455 260 1513 dem
283 1455 413 1529 capituli
444 1457 524 1513 circa
561 1456 665 1530 ipsum
700 1462 827 1529 portum
859 1456 965 1514 habita
999 1457 1177 1530 congregati
1213 1461 1243 1514 et
1272 1454 1306 1512 in
1340 1450 1457 1511 insidiis

188 1563 281 1635 positi
297 1563 328 1619 in
344 1563 428 1635 ipsos
443 1562 575 1620 latenter
590 1561 744 1632 irruendo,
762 1562 918 1636 prelatum
935 1563 1118 1621 Michaelem
1142 1561 1279 1620 letaliter
1301 1560 1334 1619 iu
1357 1557 1455 1633 capite

187 1668 410 1740 vulnerassent,
434 1673 642 1727 memoratum
665 1683 741 1726 vero
766 1668 959 1744 Stephanum
983 1670 1014 1727 in
1039 1676 1154 1727 terram
1178 1662 1454 1742 prosternentesiu

187 1774 297 1846 capite,
318 1774 472 1845 manibus,
494 1774 620 1844 bramis,
645 1781 774 1848 totoque
796 1791 927 1850 corpore
948 1775 1099 1848 gravibus
1122 1773 1308 1832 vulneribus
1331 1778 1363 1831 et
1389 1784 1455 1828 ver·

187 1879 315 1938 beribus
338 1879 518 1951 afficientes,
550 1881 740 1939 semivivum
769 1882 976 1955 reliquissent,
1009 1881 1201 1955 prelibatum
1232 1885 1337 1938 autem
1369 1876 1457 1935 Nico·

189 1986 275 2042 laum
310 1986 538 2045 mercenarium
572 1987 723 2060 gravibus
764 1989 948 2047 verberibus
989 1998 1019 2047 et
1051 1987 1236 2046 vulneribus
1272 1982 1455 2054 sauciando,

186 2093 332 2150 omnibus
366 2108 473 2151 eorum
508 2095 602 2150 rebus
638 2101 668 2152 et
688 2095 778 2152 bonis
810 2095 956 2152 videlicet
990 2095 1094 2167 armis,
1116 2093 1260 2164 arcubus,
1284 2090 1407 2152 feretris
1428 2094 1456 2148 et

186 2198 314 2270 sagittis,
339 2199 487 2270 biccellis,
517 2200 650 2271 cingulis
672 2207 702 2258 et
725 2201 877 2259 eromenis
899 2216 1018 2260 necnon
1040 2200 1178 2276 pecuniis
1201 2213 1260 2273 pro
1284 2204 1360 2256 ωηο
1383 2210 1455 2269 erga

186 2319 238 2361 eos
270 2305 402 2377 repertis
437 2320 524 2363 more
558 2306 727 2379 predonico
757 2314 787 2364 et
822 2308 973 2366 latronico
998 2308 1200 2382 spoliassent;
1224 2319 1304 2379 quos
1328 2303 1454 2378 quidem

187 2425 283 2480 arcos,
307 2410 437 2468 faretras
461 2427 532 2468 cum
557 2414 675 2484 sagittis
699 2419 729 2470 et
752 2414 892 2471 biccellis
924 2414 1036 2488 prelati
1071 2414 1230 2484 Martinus,
1261 2426 1335 2469 cum
1367 2408 1455 2467 dictis

186 2517 249 2573 suis
272 2518 480 2590 complicibus
504 2518 541 2577 ad
566 2519 672 2576 sedem
695 2518 897 2595 judiciariam,
922 2520 977 2579 ubi
1001 2521 1062 2595 ipsi
1075 2519 1194 2597 J'udices
1209 2525 1240 2576 et
1256 2517 1340 2576 cives
1356 2515 1455 2575 solent

189 2624 378 2695 congregari,
403 2624 512 2682 eodem
548 2625 597 2682 die
621 2631 799 2700 apportans,
822 2628 1018 2701 presentibus
1045 2625 1163 2686 ibidem
1184 2623 1345 2685 nonnullis
1368 2621 1456 2680 nobi·

188 2729 279 2800 libus,
305 2730 449 2788 videlicet
473 2733 604 2799 Matheo,
628 2732 695 2790 filio
725 2733 883 2817 Johannls,
914 2751 973 2808 pro
1005 2741 1079 2792 tunc
1109 2732 1223 2791 comite
1252 2726 1454 2803 zagrabiensi,

185 2835 276 2892 Petro
300 2836 337 2893 de
361 2836 517 2908 Rakonolr‚
542 2838 687 2896 Ladislao
710 2839 750 2897 de
773 2840 911 2914 Gyepew
935 2846 965 2900 et
986 2842 1056 2900 aliis
1091 2838 1336 2914 quampluribus
1366 2833 1454 2894 nobi·

184 2942 268 2999 libus
291 2948 321 3000 et
345 2944 453 3016 probis
477 2944 561 3014 viris,
587 2953 741 3019 protunc
771 2946 811 3003 ad
845 2949 1031 3022 peticionem
1062 2946 1217 3006 dictorum
1252 2944 1452 3002 dominorum

185 3047 223 3104 de
245 3050 383 3122 capitulo
407 3049 446 3106 ad
470 3050 693 3109 notificandum
717 3060 747 3110 et
770 3053 989 3112 insinuandum
1013 3054 1103 3113 dictis
1124 3051 1221 3128 judici
1244 3055 1274 3109 et
1288 3048 1401 3125 juratis
1423 3051 1453 3103 et

184 3155 253 3211 aliis
277 3156 398 3212 civibus
423 3157 595 3230 predictam
620 3159 696 3232 ipsis
720 3160 763 3216 sie
787 3160 909 3218 illatam
933 3159 1077 3237 injuriam
1108 3160 1239 3218 fuissent
1261 3153 1452 3230 cougregati,

183 3274 290 3316 coram
314 3262 430 3318 eisdem
454 3261 556 3338 judice
580 3270 609 3320 et
631 3262 740 3339 juratis
765 3281 800 3322 ac
823 3266 893 3323 aliis
917 3267 1039 3325 civibus
1058 3265 1267 3342 proiecissent,
1299 3276 1361 3335 que
1392 3257 1451 3334 ipsi

183 3367 303 3423 nobiles
327 3367 388 3424 ride
412 3368 562 3426 vidissent
583 3371 714 3441 oculata,
739 3373 793 3429 ubi
817 3373 916 3429 eciam
938 3374 1005 3447 ipse
1022 3372 1167 3430 dominus
1183 3376 1290 3428 cantor
1306 3382 1364 3441 pro
1381 3371 1452 3424 tunc

184 3474 389 3543 personaliter
412 3490 483 3530 curn
508 3476 583 3548 ipsis
607 3478 767 3534 nobilibus
791 3484 903 3535 extunc
926 3478 964 3536 de
985 3477 1097 3554 injuria
1127 3474 1308 3535 huiusmodi
1339 3473 1452 3532 sibiet

183 3577 272 3634 dictis
297 3579 430 3636 dominis
454 3580 491 3637 de
515 3582 596 3638 dicto
621 3584 758 3657 capitulo
789 3585 878 3641 illata
909 3585 1117 3658 sollempnem
1149 3582 1269 3641 fecisset
1300 3584 1452 3655 protesta-

182 3683 308 3741 cionem.
330 3685 366 3740 Et
390 3702 461 3742 curn
485 3688 609 3745 tandem
634 3691 772 3762 sequenti
795 3690 852 3760 die,
870 3691 1107 3749 videlieetleria
1123 3692 1230 3764 quinta
1246 3685 1449 3746 antedictum

185 3787 297 3845 festum
332 3790 562 3850 l’urificacionis
598 3796 727 3867 virginis
762 3798 898 3869 gloriose
932 3797 1045 3870 prelati
1075 3795 1194 3873 judices
1215 3794 1372 3853 nobilium
1396 3808 1452 3867 per

184 3893 301 3951 dictum
325 3897 497 3968 capitulum
522 3898 665 3958 destinati
689 3902 728 3958 ad
753 3902 870 3959 dictum
895 3911 1020 3977 portum
1044 3905 1145 3962 insule
1177 3903 1275 3987 Jarun
1306 3914 1450 3974 persona·

181 4000 254 4057 liter
288 4002 492 4070 accessissent,
527 4011 599 4062 tunc
633 4007 751 4065 ibidem
787 4011 873 4066 iuxta
907 4011 1082 4084 predictum
1113 4017 1239 4084 portum
1266 4007 1449 4065 effusionem

182 4107 339 4178 sanguinis
374 4107 411 4164 de
447 4110 629 4170 vulneribus
665 4114 820 4172 dictorum
853 4115 1056 4174 familiarium
1088 4115 1200 4190 prelati
1231 4112 1351 4172 domini
1381 4128 1450 4171 can·

181 4214 257 4270 toris
281 4215 425 4271 similiter
449 4216 594 4275 vidissent
618 4219 679 4277 fide
703 4223 834 4292 oculata,
859 4223 912 4280 ubi
948 4226 1046 4281 eciam
1077 4228 1268 4280 memoratus
1299 4219 1449 4278 Martinus

180 4323 282 4377 sartor
302 4322 508 4391 personaliter
530 4323 715 4398 adherendo,
740 4328 815 4399 ipsis
846 4329 1042 4387 audientibus
1077 4328 1219 4386 dixisset:
1255 4325 1340 4400 quod
1377 4327 1449 4384 licet

180 4424 340 4498 hucusque
364 4427 394 4483 in
416 4425 542 4500 jamlata
566 4431 645 4488 silva
669 4435 709 4489 ab
746 4434 924 4492 hominibus
960 4441 991 4494 et
1025 4434 1234 4493 familiaribus
1268 4433 1344 4491 dicti
1364 4433 1448 4507 capi·

180 4531 239 4588 tuli
258 4548 380 4589 secures
404 4543 593 4608 receperunt,
617 4539 742 4596 tandem
767 4542 861 4597 talem
893 4542 1039 4599 timorem
1071 4542 1189 4600 vellent
1223 4540 1267 4599 eis
1301 4541 1446 4610 incutere,

180 4638 263 4708 quod
289 4639 363 4696 talia
388 4640 488 4700 faeere
519 4650 624 4702 contra
655 4646 738 4719 ipsos
774 4655 969 4718 vererentur;
1001 4649 1129 4722 propria
1159 4662 1270 4706 eorum
1304 4646 1447 4723 potencia

180 4743 342 4817 mediante,
378 4748 407 4805 in
432 4750 639 4821 preludicium
674 4753 748 4811 dicti
784 4754 912 4826 capituli
947 4754 1041 4812 valde
1074 4755 1192 4828 ingens.
1238 4754 1330 4814 Unde
1363 4754 1444 4813 facta

179 4849 358 4911 huiusmodi
399 4855 600 4928 inquisicione
645 4860 755 4917 eadem
797 4860 847 4918 die
890 4862 1100 4934 inquisicionis
1144 4863 1263 4936 ipsius,
1308 4862 1445 4938 prefatos
