3278 5348
609 424 1164 515 Mm-mw·,
1391 440 1451 501 oo

184 650 248 703 tate
270 643 417 715 notarius,
441 642 514 716 quia
537 639 761 717 premissarum
785 640 960 699 litterarum
984 639 1229 713 apostolicarum
1252 637 1450 708 exhibicioni,

184 750 421 825 presentacioni,
456 747 664 822 requisierant,
698 745 939 816 confirmacioni‚
985 746 1190 817 roboracioni,
1229 743 1384 804 interdicti
1420 750 1450 801 et

184 857 399 932 suspensionis
422 853 585 913 sensenciis
616 852 744 911 lacionis
768 897 774 911 .
798 897 805 912 .
830 896 838 912 .
862 859 892 910 et
914 852 1046 926 singulis
1081 851 1249 926 premissis,
1285 849 1361 908 dum
1396 850 1450 919 sic,

191 970 227 1021 ut
249 962 449 1037 premittitur,
473 977 530 1036 per
552 959 709 1035 prefatum
733 958 895 1018 dominum
919 959 1068 1017 Mathiam
1103 958 1251 1017 abbatem
1285 957 1448 1016 commisa·

183 1069 268 1128 rium
291 1073 321 1126 et
351 1075 548 1127 executorem
572 1067 698 1126 unicum
719 1066 829 1125 fierent
852 1072 883 1124 et
905 1071 1077 1138 agerentur,
1112 1078 1245 1122 unacum
1280 1064 1450 1138 prenotatis

185 1176 317 1234 testibus
340 1189 469 1248 presens
491 1172 618 1232 intertui
640 1188 737 1247 eaque
772 1173 876 1230 omnia
899 1177 928 1229 et
951 1171 1075 1244 singula
1099 1171 1142 1228 sic
1165 1169 1233 1229 fieri
1257 1170 1323 1228 vidi
1346 1175 1376 1228 et
1399 1184 1451 1227 au-

183 1281 259 1353 divi,
275 1280 346 1340 ideo
368 1287 526 1356 presentes
550 1280 670 1338 litteras
692 1294 745 1338 seu
770 1273 841 1358 (hoc
864 1270 1042 1354 publicum)
1065 1278 1305 1335 instrumentum
1323 1278 1382 1334 sub
1398 1292 1451 1350 ap·

185 1389 334 1463 pensione
357 1388 454 1462 sigilli
478 1389 576 1463 ipsius
599 1386 720 1445 domini
744 1387 859 1444 Mathia
882 1385 1006 1443 abbatis
1040 1385 1246 1442 commissarii
1283 1388 1314 1442 et
1344 1398 1452 1442 execu-

184 1496 262 1554 toris
285 1496 478 1574 roboratum,
501 1509 552 1552 me
575 1493 666 1552 certis
689 1498 898 1567 preoccupato
920 1491 1064 1563 negociis,
1089 1506 1145 1564 per
1181 1490 1279 1548 alium
1317 1481 1453 1548 fideliler

183 1602 336 1676 scriptum
359 1615 395 1659 ac
418 1600 456 1659 de
479 1600 625 1659 mandato
648 1599 760 1673 prelati
794 1598 912 1657 domini
945 1598 1059 1656 Mathie
1093 1597 1216 1655 abbatis
1248 1597 1454 1655 commissarii

184 1713 215 1766 et
237 1708 409 1767 executoris
432 1701 682 1787 (supradicti).in
704 1707 783 1765 hanc
806 1706 967 1780 publicam
991 1704 1125 1763 formam
1148 1703 1254 1777 redegi
1276 1709 1306 1760 et
1329 1703 1379 1760 hic
1402 1718 1452 1761 me

154 1829 281 1917 ‘manu
305 1815 435 1888 propria
456 1814 636 1887 subscripsi,
652 1813 802 1886 signoque
823 1818 854 1869 et
876 1812 999 1869 nomine
1023 1811 1100 1869 meis
1123 1811 1222 1868 solitis
1246 1815 1276 1868 et
1299 1810 1453 1906 consuetis

190 1921 378 2005 consignavi.
402 1926 529 1995 rogatus
552 1927 582 1979 et
605 1920 771 1993 requisitus
794 1920 825 1976 in
848 1917 944 1976 fidem
967 1925 997 1975 et
1025 1917 1236 1975 testimonium
1258 1916 1400 1974 omnium
1423 1923 1453 1973 et

185 2027 381 2102 singulorum
405 2026 639 2101 premissorum.

289 2164 314 2211 E
333 2178 427 2212 coaevo
444 2167 605 2227 transumpto
624 2160 732 2227 capituli
749 2160 895 2218 dusmensis,
908 2160 984 2210 valde
1001 2160 1094 2213 lacero.
1113 2162 1145 2209 In
1164 2159 1278 2209 archivio
1297 2175 1354 2212 ven.
1367 2158 1452 2224 Capit.

193 2252 294 2316 zagrab.
314 2251 376 2304 Act.
397 2251 460 2317 Cap.
479 2259 531 2303 aut.
550 2251 612 2302 fasc.
632 2262 673 2316 75.
694 2266 731 2302 nr.
752 2262 792 2316 35.

781 2480 858 2550 175.

291 2605 371 2693 Arrno
393 2617 467 2670 1453,
488 2617 529 2671 25.
549 2605 670 2656 octobris.
689 2605 839 2669 Zagrabiae.

183 2744 212 2800 A
234 2743 393 2812 Frirlericrr,
422 2742 512 2801 ciliae
535 2743 634 2800 coralite
656 2750 684 2799 c!
704 2742 788 2810 bano,
811 2740 869 2798 dies
899 2742 929 2797 in
960 2758 1058 2811 causa,
1090 2760 1165 2815 quae
1194 2743 1270 2800 inter
1300 2744 1452 2803 cantamini-

183 2856 268 2907 tatem
299 2849 428 2907 civitatis
458 2857 487 2906 et
513 2848 681 2921 chingum
712 2847 746 2905 de
777 2845 871 2905 Sused
898 2848 1001 2921 agitur
1029 2847 1062 2904 de
1092 2848 1197 2905 tribulo
1219 2848 1366 2923 exigendo,
1388 2867 1452 2906 con-

750 2955 890 3010 statuetur.

289 3100 353 3158 Nos
376 3099 552 3157 Fridericus
576 3100 626 3158 dei
648 3100 751 3173 gracia
775 3099 862 3170 Ciiie,
886 3098 1102 3172 Ortemburge,
1126 3099 1317 3173 Zagorieque
1349 3116 1452 3160 comes

183 3212 238 3264 etc.
272 3221 390 3263 necnon
424 3206 512 3278 regni
546 3204 709 3264 Sclauonie
744 3206 851 3270 banus.
886 3205 1037 3263 Memorie
1073 3206 1336 3279 commendamus
1368 3207 1452 3281 quod

183 3312 274 3370 nobis
295 3311 328 3369 in
351 3311 468 3368 octavis
492 3310 562 3369 testi
584 3312 668 3370 beati
687 3311 846 3370 Michaelis
868 3311 1045 3384 archangeli
1080 3327 1212 3370 unacum
1247 3314 1334 3385 regni
1364 3314 1452 3372 nobi·

172 3418 267 3504 ⁶libus
289 3431 349 3492 pro
373 3415 514 3475 iaciendo
536 3416 731 3476 moderatiro
753 3415 867 3493 judicio
890 3418 1088 3475 causancium
1110 3419 1142 3475 in
1171 3418 1244 3476 sede
1271 3425 1377 3478 nostra
1406 3417 1452 3495 ju·

185 3523 314 3583 diciaria
338 3523 531 3597 ragrabiensi
554 3523 740 3594 sedentibus,
758 3522 882 3597 providi
907 3524 974 3595 viri,
998 3524 1118 3582 Blasius
1141 3526 1218 3583 alias
1233 3524 1327 3601 judex
1342 3532 1373 3584 et
1388 3541 1452 3584 ma·

183 3630 280 3703 gister
310 3629 443 3687 Mathias
475 3626 594 3705 juratus
624 3630 756 3687 civitatis
788 3631 901 3687 montis
933 3630 1094 3688 Grecensis
1117 3632 1149 3688 in
1172 3633 1312 3706 personis
1333 3630 1452 3707 judicis,

184 3732 360 3811 juratorum
384 3748 420 3791 ac
443 3735 661 3792 universorum
683 3736 799 3793 civium
823 3751 877 3793 seu
901 3735 1061 3809 hospitum
1086 3736 1165 3795 dicte
1189 3739 1322 3796 civitatis
1339 3730 1452 3796 montis

183 3839 350 3899 Grecensis
373 3839 413 3897 ad
436 3846 574 3899 nostram
599 3842 754 3899 venientes
779 3843 973 3915 presenciam
997 3859 1053 3916 per
1072 3843 1201 3902 modum
1219 3845 1452 3917 protestacionis

183 3947 275 4005 nobis
298 3946 473 4019 significare
497 3956 642 4005 curarunt
665 3948 697 4006 in
719 3949 801 4006 hunc
825 3948 970 4007 modurn:
995 3949 1079 4023 quod
1103 3951 1175 4008 licet
1198 3951 1264 4023 ipse
1293 3948 1397 4033 judex„
1417 3965 1452 4007 ac

184 4051 286 4129 jurati„
304 4054 459 4127 ceterique
475 4054 558 4112 cives
573 4054 724 4113 antedicte
740 4055 873 4113 civitatis
889 4056 1068 4128 nuperrime
1084 4055 1240 4129 quandam
1258 4070 1382 4113 causam
1399 4071 1451 4112 seu

183 4160 272 4217 litem
286 4160 427 4234 ipsorum
451 4176 521 4218 cum
545 4163 670 4234 egregio
694 4162 867 4234 Hennyngh
884 4161 922 4218 de
938 4161 1137 4219 Zomzedwar
1153 4162 1275 4219 racione
1291 4161 1452 4220 cuiusdam

184 4267 294 4327 tribuli
310 4281 365 4324 seu
377 4267 549 4324 exaccionis
565 4267 703 4325 eiusdem
719 4268 859 4326 habitam
872 4273 903 4325 et
926 4268 1004 4325 inter
1028 4269 1112 4341 ipsos
1135 4272 1317 4338 vertentem,
1341 4274 1451 4342 utputa

182 4371 268 4430 iuxta
290 4373 515 4431 continenciam
538 4373 714 4431 litterarum
738 4382 915 4433 nostrarum
938 4373 1241 4443 adiudicatoriarum,
1278 4375 1309 4431 in
1332 4375 1451 4432 curiam

181 4479 309 4552 regiam,
332 4477 504 4555 judicisque
524 4479 663 4537 eiusdem
688 4482 717 4537 in
743 4481 932 4554 presenciam
968 4480 1282 4558 transmissionalium
1305 4495 1450 4555 prosecu-

176 4586 260 4644 tioni
285 4592 315 4643 et
337 4562 553 4660 prieuraeront
587 4588 684 4660 ipsius
718 4603 809 4645 cause
847 4587 986 4669 Jonanni,
1022 4586 1088 4645 fluo
1114 4587 1357 4670 Jonannts,fi1it
1386 4587 1450 4646 vni

181 4690 220 4749 de
242 4690 404 4762 Oorbawa‚
428 4694 472 4750 uti
497 4693 637 4765 ipsorum
660 4693 813 4766 legittimo
849 4694 1041 4767 procuratori
1074 4693 1318 4767 demandassent,
1352 4693 1451 4751 dedis·

182 4804 310 4871 sentque
333 4803 364 4856 et
386 4800 591 4872 assignassent
599 4818 606 4870 ;
630 4807 734 4858 tamen
757 4801 829 4874 quia
852 4801 918 4875 ipse
940 4800 1095 4883 johannes
1129 4815 1238 4858 eorum
1269 4804 1452 4874 procurator

164 4886 389 4998 ¹prescriptam
412 4920 537 4964 causam
560 4922 613 4963 seu
638 4906 726 4965 litem
749 4908 891 4982 ipsorum
914 4906 953 4965 ad
978 4911 1134 4980 presentes
1167 4911 1300 4979 octavas,
1336 4913 1369 4966 ut
1400 4906 1450 4990 de·
