3256 5346
712 389 783 446 Doc.
798 384 876 465 346.
898 421 943 433 —
964 389 1021 446 An.
1045 382 1136 465 1487.

288 607 418 680 capituli
440 606 569 664 ecclesie
580 606 777 677 ehamensis,
794 590 898 663 littera
914 605 1129 683 privilegialis,
1151 604 1290 663 secundo
1307 605 1360 664 die
1376 605 1456 665 ferie
1472 607 1558 664 tercie

289 714 432 786 proxime
455 720 525 784 post
548 711 660 769 testum
685 712 768 769 beati
787 712 911 770 Martini
934 712 1073 784 episcopi
1096 719 1126 770 et
1149 710 1339 770 confessoris
1363 713 1398 770 in
1415 711 1555 770 aunodo

289 818 365 876 mini
389 819 557 875 millesimo
580 816 885 890 quadringentesimo
907 818 1118 890 octuagesimo
1141 818 1245 890 primo
1268 817 1365 890 edita,
1393 818 1511 877 habens
1529 820 1557 877 in

291 941 324 982 se
348 923 518 982 verbaliter
541 923 635 979 series
656 928 687 979 et
710 923 917 980 continencias
940 923 1116 980 litterarum
1140 922 1272 997 predicti
1309 918 1436 982 domini
1466 925 1557 981 nostri

288 1030 557 1103 requisitoriarum
579 1030 610 1086 in
634 1027 742 1086 eodem
767 1044 847 1087 anno
871 1028 1089 1100 confectarum,
1113 1028 1168 1087 sed
1191 1034 1222 1086 et
1245 1029 1343 1087 series
1360 1030 1497 1089 aliarum
1513 1031 1557 1088 lit·

290 1144 426 1193 terarum
458 1136 555 1208 ipsius
586 1135 716 1207 capituli
745 1136 988 1205 statutoriarum
1019 1134 1121 1192 adhuc
1153 1141 1296 1208 tempore
1328 1135 1510 1195 donacionis
1530 1141 1557 1193 et

290 1241 468 1299 statucionis
491 1240 645 1297 dictarum
669 1241 897 1313 possessionum
921 1241 952 1297 in
976 1239 1059 1298 dicto
1075 1256 1154 1298 anno
1171 1241 1274 1317 gracie
1293 1242 1473 1301 millesimo
1486 1258 1556 1317 qua·

289 1346 530 1419 dringentesimo
553 1347 710 1403 tricesimo
739 1361 821 1404 nono
844 1346 1007 1417 editarum,
1031 1346 1178 1417 alfabeto,
1202 1352 1236 1403 ut
1266 1346 1352 1404 idem
1387 1350 1555 1422 capitulum

288 1454 466 1510 chasmense
485 1458 620 1523 testatur,
633 1453 859 1526 intercisarum,
882 1452 922 1509 ad
946 1452 1125 1510 huiusmodi
1148 1451 1332 1510 mandatum
1349 1453 1429 1513 dicti
1445 1455 1556 1513 domini

289 1558 386 1616 nostri
409 1559 490 1629 regis
512 1559 732 1631 requisitarum
754 1564 785 1616 et
808 1560 1055 1628 reinventarum;
1079 1573 1212 1631 quarum
1237 1558 1370 1631 quidem
1385 1560 1555 1619 litterarum

289 1665 519 1722 reinventarum
544 1665 638 1722 series
661 1666 742 1723 inter
763 1673 864 1722 cetera
888 1665 1092 1738 exprimebat,
1116 1663 1201 1738 quod
1224 1665 1330 1737 regius
1353 1674 1386 1724 et
1411 1666 1486 1725 dicti
1508 1683 1554 1725 ca·

290 1770 383 1842 pituli
406 1771 533 1827 ecclesie
555 1771 744 1828 chasmensis
767 1771 908 1828 homines
931 1771 969 1828 ad
995 1771 1215 1828 litteratorium
1238 1771 1428 1829 mandatum
1447 1772 1554 1847 prelati

289 1875 420 1932 condam
443 1876 561 1934 domini
585 1877 707 1935 Alberti
729 1877 812 1948 regis
842 1878 1023 1948 transmissi,
1046 1877 1159 1950 litteris
1180 1877 1213 1934 in
1245 1876 1365 1936 eisdem
1398 1881 1553 1947 nominati,

290 1982 327 2039 ad
355 1981 448 2039 iacies
472 1990 633 2055 prenotate
656 1984 858 2056 possessionis
881 1984 1042 2042 Kralewcz
1066 1999 1184 2042 necnon
1206 1984 1364 2057 porcionis
1390 1988 1553 2059 possessio

290 2089 376 2146 narie
399 2089 429 2145 in
462 2090 633 2162 prescripta
670 2092 861 2162 possessione
892 2089 1014 2162 Cherye
1046 2091 1153 2148 habite
1186 2105 1221 2147 ac
1256 2090 1368 2171 tributi
1393 2092 1426 2150 in
1450 2092 1554 2150 eadem

290 2195 371 2266 exigi
393 2195 495 2264 soliti,
518 2195 593 2252 item
616 2196 844 2268 possessionum
869 2195 1045 2268 Kobylyalr,
1069 2195 1220 2268 Zwyblya
1249 2201 1280 2254 et
1312 2196 1414 2256 Narth
1439 2198 1554 2274 predic·

291 2306 401 2370 tarum,
425 2300 611 2372 accedentes,
635 2301 758 2360 easdem
780 2318 851 2359 cum
882 2303 1000 2360 cunctis
1033 2302 1096 2359 suis
1119 2302 1308 2360 utilitatibus
1339 2305 1554 2377 prenominato

289 2408 426 2481 capitulo
450 2414 480 2464 et
503 2424 559 2480 per
583 2423 772 2482 consequens
793 2409 906 2466 rectori
928 2407 1002 2478 dicti
1018 2408 1126 2467 altaris
1141 2413 1245 2465 sancte
1261 2410 1363 2467 crucis
1379 2412 1554 2469 statuissent

290 2520 438 2585 perpetue
463 2513 664 2586 possidendas
679 2514 802 2572 nemine
819 2515 940 2587 penitus
955 2515 1180 2572 contradictore
1196 2521 1376 2589 apparente.
1402 2516 1553 2591 Quarum·

289 2618 415 2692 quidem
438 2621 614 2678 litterarum
639 2629 701 2678 tam
734 2636 791 2693 per
822 2618 976 2694 prefatum
1007 2621 1191 2693 magistrum
1214 2619 1428 2696 Benedictum,
1460 2624 1554 2682 direc-

289 2732 388 2782 torem
411 2741 575 2784 causarum
599 2727 752 2799 regalium
776 2726 806 2782 in
827 2740 958 2799 persona
982 2725 1055 2783 dicti
1079 2726 1197 2784 domini
1220 2728 1318 2785 nostri
1342 2731 1438 2802 regis,
1461 2745 1552 2804 quam

288 2832 386 2888 eciam
421 2837 655 2905 procuratorem
691 2833 855 2889 memorati
889 2833 1017 2906 capituli
1047 2833 1175 2891 ecclesie
1206 2834 1419 2905 zagrabiensis
1450 2852 1552 2895 coram

288 2939 378 2995 nobis
402 2938 496 2995 modo
520 2939 673 3011 premisso
696 2937 922 3012 productarum
946 2938 1194 2997 exhibicionibus
1210 2939 1308 3011 factis,
1333 2943 1553 3016 tenoribusque

288 3045 468 3102 earumdem
492 3045 637 3118 perlectis
661 3050 692 3102 et
708 3044 882 3116 intellectis,
907 3043 990 3102 idem
1014 3047 1162 3119 magister
1186 3045 1368 3104 Benedictus
1391 3047 1478 3106 dicto
1502 3049 1553 3106 do·

288 3152 371 3210 mino
395 3160 500 3210 nostro
523 3152 588 3222 regi
621 3158 652 3208 et
683 3166 739 3223 per
769 3166 958 3224 consequens
990 3153 1170 3209 memoratis
1189 3152 1311 3211 civibus
1336 3154 1474 3214 civitatis
1497 3172 1549 3215 sue

286 3259 400 3330 regalis
424 3258 537 3316 montis
561 3256 731 3322 Grecensis,
754 3261 917 3315 annotatus
947 3257 1044 3315 eciam
1077 3262 1260 3331 procurator
1290 3258 1390 3332 ipsius
1423 3261 1551 3336 capituli

287 3365 388 3422 eidem
412 3381 468 3438 per
490 3380 546 3421 nos
569 3364 601 3421 in
625 3363 783 3436 premissis
806 3361 883 3438 juris
899 3363 1076 3436 equitatem,
1091 3361 1273 3436 justicieque
1289 3364 1429 3437 rigorem
1448 3376 1551 3442 postu·

287 3471 391 3528 larunt
414 3471 547 3543 elargiri.
572 3471 689 3528 Verum
713 3471 784 3528 licet
808 3469 885 3527 alias
909 3471 941 3527 in
964 3485 1056 3527 causa
1079 3478 1109 3528 et
1131 3471 1186 3528 lite
1218 3471 1250 3528 in
1273 3475 1437 3545 presencia
1460 3476 1550 3549 preli·

288 3578 352 3635 bati
375 3578 451 3635 olim
475 3577 592 3634 domini
609 3575 771 3634 Laurencii
788 3577 1041 3634 thavarnicorum
1059 3577 1212 3650 regalium
1229 3578 1373 3649 magistri
1388 3595 1449 3652 pro
1465 3588 1550 3655 parte

287 3683 417 3756 sepefati
450 3685 578 3756 capituli
614 3684 741 3741 ecclesie
771 3684 978 3755 zagrabiensis
1009 3684 1089 3741 inter
1111 3685 1173 3741 alia
1195 3698 1304 3741 eorum
1327 3689 1459 3760 negocia
1481 3695 1551 3748 tunc

287 3791 366 3848 inter
397 3791 501 3864 ipsum
533 3798 562 3847 et
592 3789 738 3865 jamfatos
768 3791 851 3848 cives
882 3798 911 3847 et
942 3791 1080 3862 hospites
1113 3795 1248 3863 pretacte
1278 3791 1415 3851 civitatis
1439 3794 1550 3855 montis

289 3897 451 3955 Grecensis
475 3898 638 3970 presertim
663 3904 692 3954 et
716 3897 863 3970 precipue
885 3912 980 3969 super
1003 3895 1084 3954 facto
1107 3897 1353 3971 prescriptarum
1384 3903 1549 3975 possessio

286 4020 360 4060 num
384 4002 551 4076 Kobylyalr
574 4010 603 4060 et
626 4003 797 4075 Zwyblyan
822 4009 959 4061 vertente
981 4010 1011 4060 et
1033 4004 1147 4075 habita,
1165 4019 1220 4077 per
1235 4006 1470 4078 prenominatos
1486 4009 1548 4079 My·

286 4108 398 4167 lrolech
422 4109 553 4165 condam
584 4107 718 4184 judicem
750 4116 780 4167 et
809 4111 886 4191 Jaxe
909 4109 1112 4180 aurifabrum,
1136 4118 1209 4168 tunc
1231 4110 1315 4169 cives
1337 4110 1458 4187 juratos
1482 4128 1547 4188 pre

287 4215 367 4272 dicte
391 4215 523 4271 civitatis
547 4216 659 4287 regalis
683 4217 797 4273 montis
821 4215 992 4287 Grecensis,
1017 4217 1048 4273 in
1072 4218 1210 4289 ipsorum
1236 4224 1265 4273 et
1287 4219 1388 4275 tocius
1411 4234 1548 4278 commu·

285 4321 390 4379 nitatis
420 4320 558 4376 eiusdem
588 4322 721 4379 civitatis
754 4323 893 4396 personis
915 4337 1020 4380 coram
1044 4324 1113 4396 ipso
1135 4322 1262 4381 domino
1286 4324 1460 4394 laurencio
1485 4327 1547 4384 tha·

286 4427 483 4483 varnicorum
509 4428 657 4499 magistro
681 4429 830 4486 adversus
855 4429 971 4486 dictum
994 4431 1166 4503 capitulum
1192 4430 1361 4503 productis,
1384 4433 1484 4492 variis
1504 4433 1551 4506 ip·

285 4548 394 4590 sorum
418 4533 592 4606 privilegiis
616 4537 792 4607 prenotatis,
816 4535 899 4593 idern
923 4536 1068 4594 dominus
1100 4537 1299 4595 Laurenciius
1320 4553 1361 4596 err
1393 4541 1550 4599 tenoribus

285 4639 524 4714 privilegiorum
558 4656 594 4697 ac
628 4656 736 4699 eorum
772 4641 888 4699 fulcitis
920 4642 1081 4714 vigoribus
1115 4644 1304 4718 prescriptas
1340 4647 1550 4719 possessiones

277 4746 453 4819 *Kobylyak
476 4754 506 4804 et
528 4747 700 4820 Zwyblyan
720 4764 737 4806 a
758 4756 900 4821 tempore
916 4749 1060 4807 diuturne
1077 4749 1256 4808 collacionis
1271 4751 1415 4824 ipsarum
1430 4752 1548 4812 eisdem

277 4853 406 4922 ‚civibus
429 4852 518 4926 lacte,
540 4859 635 4927 prout
658 4863 688 4913 et
710 4854 980 4929 quemadmodum
1013 4857 1180 4929 prenotati·
1199 4856 1349 4939 magistri.
1372 4858 1551 4925 Demetrius
