3278 5348
615 415 689 476 Doc.
712 409 784 475 180.
805 450 849 460 —
872 415 928 476 Aa
951 429 1040 496 1454.

800 628 887 694 180.

305 771 386 820 Anno
409 783 484 837 1454,
504 782 527 822 2.
545 769 620 835 Julti.
640 768 736 821 Cileae.

197 896 227 954 A
248 895 401 954 Benedicta
423 898 550 971 episcopo
571 896 761 971 zagrabiensi,
777 904 884 970 poena,
914 898 1040 970 quaein
1063 895 1211 955 Slaterkel
1227 895 1465 954 archidiaconum

514 1003 667 1061 constituta
689 1009 733 1060 est
752 1020 772 1059 a
794 1002 929 1076 capiiulo,
950 1003 1149 1077 conprobatur.

304 1163 485 1223 Benedictus
509 1164 558 1223 dei
590 1171 621 1223 et
642 1164 814 1239 apostolice
836 1163 917 1222 sedis
939 1165 1043 1238 gracia
1066 1165 1231 1240 episcopus
1254 1163 1382 1223 ecclesie
1413 1177 1464 1222 za·

196 1271 379 1344 grabiensis.
402 1270 614 1342 venerabiles,
637 1270 727 1328 nobis
750 1270 783 1328 in
806 1268 930 1328 Christo
959 1270 1078 1329 sincere
1108 1269 1222 1329 dilecti.
1245 1269 1460 1329 Intelleximus

197 1376 385 1436 credenciali
408 1393 446 1434 ex
469 1376 687 1435 commissione
708 1376 881 1435 venerabili
903 1376 973 1434 viro
994 1377 1144 1450 magistro
1176 1375 1383 1450 sigismundo,
1415 1391 1464 1435 ar·

194 1482 377 1542 chidiacono
396 1482 588 1541 varasdiensi
604 1488 634 1540 et
653 1483 800 1541 canonico
822 1486 927 1540 vestro
950 1498 1007 1556 per
1030 1488 1149 1542 vestras
1172 1482 1356 1541 dilecciones
1372 1481 1463 1553 iacta,

195 1588 281 1664 quod
304 1589 444 1648 enormia
468 1593 497 1647 et
512 1589 635 1647 statutis
654 1589 767 1648 vestris
790 1593 820 1646 et
846 1589 974 1647 ecclesie
997 1595 1100 1647 nostre
1123 1588 1286 1648 dissonum
1302 1591 1334 1649 in
1357 1588 1461 1648 medio

192 1696 291 1754 vestri
313 1699 501 1769 perpetrata,
525 1695 557 1752 in
579 1695 718 1753 sacristia
741 1693 895 1766 videlicet,
918 1696 974 1753 ubi
998 1696 1117 1755 bonnm
1139 1697 1225 1770 pacis
1259 1701 1290 1754 et
1326 1696 1455 1755 ecclesie

193 1800 396 1861 commodum
419 1801 531 1859 merito
554 1800 687 1859 debeant
709 1803 891 1874 perpetrari,
915 1817 976 1876 que
999 1803 1104 1861 omnia
1139 1801 1318 1860 huiusmodi
1347 1802 1458 1861 illicita

193 1907 275 1967 facta
306 1908 414 1982 utique
448 1906 488 1965 ad
523 1913 665 1966 nostrum
689 1912 719 1966 et
740 1913 879 1966 vestrum
903 1923 965 1967 non
988 1908 1100 1967 cedunt
1122 1910 1281 1981 honorem,
1305 1909 1403 1967 immo
1427 1909 1459 1966 in

191 2015 413 2074 detrimentum
444 2015 585 2089 ipsarum
607 2029 812 2088 personarum
834 2019 1020 2074 vestrarum.
1044 2013 1217 2089 Superinde
1239 2030 1296 2073 nos
1326 2014 1457 2089 requisi·

191 2121 281 2180 vistis
303 2121 524 2196 supplicantes,
555 2126 706 2194 quatenus
729 2120 908 2179 huiusmodi
941 2136 1137 2195 gwerrarum
1169 2127 1199 2179 et
1230 2120 1458 2179 dissensionum

191 2228 375 2286 excitatores
390 2226 477 2285 iuxta
499 2232 614 2286 statuta
636 2227 720 2285 alme
731 2227 859 2285 ecclesie
874 2232 986 2298 nostre,
1010 2226 1130 2285 dudum
1146 2242 1164 2285 a
1179 2227 1293 2285 sanctis
1314 2226 1457 2301 patribus

191 2335 333 2406 sanccita,
349 2333 497 2407 puniendi
513 2333 651 2392 adinstar
665 2332 887 2391 demeritorum
905 2334 1096 2407 qualitatem,
1112 2333 1203 2390 vobis
1219 2331 1457 2392 concederemus

191 2439 381 2499 facultatem.
405 2437 465 2498 Sed
482 2440 555 2513 quia
572 2454 644 2497 cum
658 2454 715 2497 nos
730 2455 855 2513 semper
878 2438 1079 2498 commodum
1101 2444 1131 2497 et
1156 2439 1305 2497 honorem
1329 2438 1457 2497 ecclesie

191 2544 328 2621 predicte
351 2551 454 2604 nostre
478 2544 598 2603 fervide
621 2544 839 2615 desideremus
856 2546 901 2603 uti
916 2545 1096 2618 obligamur
1119 2550 1148 2603 et
1172 2544 1330 2616 debemus,
1355 2545 1453 2603 immo

189 2653 262 2712 totis
285 2652 446 2711 conatibus
477 2652 656 2710 huiusmodi
679 2652 807 2709 utilitati
830 2651 973 2708 resistere
996 2650 1183 2721 volentibus,
1207 2665 1263 2708 nos
1298 2664 1456 2726 opponere

189 2758 348 2818 debemus.
371 2757 491 2817 Idcirco
522 2765 664 2816 nostrum
687 2757 871 2815 benivolum
894 2772 1079 2814 consensum
1103 2757 1220 2830 pariter
1241 2761 1272 2814 et
1294 2771 1455 2815 assensum

188 2865 268 2923 sicut
291 2881 348 2939 per
371 2865 458 2940 prius
480 2865 522 2923 ita
544 2881 583 2923 ex
605 2880 686 2923 nunc
710 2880 767 2938 per
789 2868 947 2938 presentes
963 2863 1055 2920 vobis
1078 2861 1189 2920 damus
1213 2868 1242 2920 et
1258 2862 1456 2920 concedimus

189 2969 369 3029 huiusmodi
404 2985 579 3029 excessores
612 2970 785 3028 secundum
816 2984 998 3028 excessuum
1033 2968 1217 3041 qualitatem
1251 2967 1344 3040 digne
1366 2969 1455 3042 puni·

188 3075 283 3135 endos
307 3083 337 3134 et
354 3076 520 3150 penandos,
537 3074 673 3135 formam
688 3074 767 3151 juris
789 3081 819 3133 et
846 3075 988 3134 ordinem
1005 3079 1193 3133 statutorum
1216 3072 1453 3145 observandam,

188 3187 223 3241 ut
245 3183 300 3240 alii
331 3181 442 3241 exinde
464 3182 635 3255 exemplati
660 3180 806 3254 deinceps
830 3180 1028 3254 gravioribus
1052 3179 1255 3253 precludatur
1277 3179 1329 3237 via
1357 3177 1455 3237 delin-

188 3289 312 3362 quendi,
338 3294 432 3363 prout
454 3290 521 3362 ipse
545 3288 689 3345 dominus
712 3286 930 3360 Sigismundus
954 3285 1188 3343 archidiaconus
1210 3285 1248 3343 de
1282 3290 1388 3343 nostra
1409 3286 1454 3344 in·

187 3396 326 3453 tensione
350 3394 469 3453 eisdem
491 3395 603 3452 vestris
627 3393 874 3452 fraternitatibus
897 3393 1012 3450 clarius
1035 3392 1158 3450 referet.
1183 3392 1299 3450 Datum
1324 3392 1404 3450 Cilie
1421 3394 1452 3450 in

187 3499 265 3559 testo
287 3501 477 3559 visitacionis
500 3501 591 3558 beate
614 3501 711 3557 Marie
742 3500 878 3572 virginis.
903 3500 993 3557 Anno
1017 3498 1136 3556 domini
1171 3498 1387 3557 MCCCCLIV.
1412 3528 1454 3538 -

186 3605 429 3665 venerabilibus
452 3606 537 3677 viris,
558 3605 694 3663 dominis
710 3605 748 3663 de
760 3606 898 3679 capitulo
914 3605 1042 3663 ecclesie
1065 3605 1283 3677 zagrabiensis,
1305 3604 1455 3664 iratribus

187 3713 303 3771 nostris
326 3713 358 3770 in
381 3711 505 3770 Christo
528 3713 646 3770 sincere
669 3711 799 3769 dilectis.

256 3832 315 3896 Ego
325 3830 440 3880 Michael
453 3830 531 3881 Salalr
542 3831 574 3879 de
584 3830 755 3894 Krainbnrga
764 3830 883 3894 publicus
896 3829 1023 3894 imperiali
1037 3831 1189 3878 auctoritate
1198 3830 1319 3887 notarius,
1331 3830 1454 3892 vigesima

185 3920 265 3969 tercia
283 3919 326 3968 die
344 3919 440 3970 mensis
459 3918 609 3976 decembris,
629 3919 750 3967 videlicet
769 3919 833 3967 seria
845 3920 924 3968 tercia
936 3919 1053 3983 proxima
1065 3924 1124 3966 ante
1139 3919 1233 3966 festum
1245 3918 1387 3966 nativitatis
1400 3919 1453 3966 Do·

184 4008 248 4058 mini
257 4006 396 4057 millesimo
407 4007 660 4071 quadringentesimo
675 4008 889 4071 quinquagesimo
899 4009 989 4070 quinto
1003 4008 1070 4056 faeta
1080 4015 1118 4055 est
1128 4006 1261 4055 absolucio
1271 4022 1316 4069 per
1326 4007 1453 4068 quendam

182 4096 357 4146 venerabilem
375 4097 457 4146 virum
476 4097 609 4148 dominum
629 4096 804 4162 Wymandum
823 4096 942 4145 abbatem
967 4096 1115 4144 monasterii
1134 4096 1209 4143 beate
1233 4094 1316 4143 Marie
1335 4093 1452 4158 virginis,

183 4185 367 4250 zagrabiensis,
385 4200 471 4234 coram
490 4185 623 4249 preposito
640 4192 666 4232 et
686 4183 800 4249 capitulo
818 4185 901 4250 ipsius
919 4183 1027 4232 ecclesie
1045 4183 1218 4246 zagrabiensis
1235 4199 1250 4230 a
1262 4183 1374 4245 quodam
1385 4182 1453 4245 jura·

183 4281 272 4323 mento
290 4273 386 4322 vallato
404 4275 432 4323 in
452 4272 600 4322 exclusione
619 4273 773 4323 venerabilis
797 4274 845 4322 viri
870 4275 967 4323 domini
992 4273 1064 4322 Petri
1088 4273 1120 4320 de
1145 4271 1261 4320 Dubicza
1285 4277 1310 4319 et
1336 4269 1452 4319 canonici

184 4361 294 4412 ecclesie
313 4362 487 4426 zagrabiensis
505 4363 607 4411 racione
626 4362 794 4425 quarumdam
812 4361 955 4410 litterarum
974 4360 1152 4425 sigillatarum,
1166 4366 1194 4408 ut
1208 4375 1292 4423 supra,
1305 4360 1332 4408 in
1345 4359 1453 4421 registro

184 4458 396 4517 prenarratarum.
415 4450 583 4500 Presentibus
602 4450 700 4499 ibidem
718 4451 836 4501 discretis
853 4451 923 4507 viris,
943 4451 1067 4499 dominis:
1084 4448 1175 4506 Panlo,
1195 4447 1259 4497 alias
1278 4448 1382 4503 decano,
1403 4446 1453 4495 Al·

184 4540 258 4590 berto
277 4539 387 4596 Polono,
406 4539 507 4588 Mathia
526 4539 638 4595 sacrista,
653 4538 830 4603 prebendariis
849 4539 921 4589 chori
940 4539 1120 4602 zagrabiensis.
1141 4539 1175 4585 Et
1195 4537 1290 4585 ibidem
1310 4536 1407 4585 domini
1420 4535 1453 4584 de

183 4627 299 4694 capitulo
318 4627 494 4693 plenissimam
508 4627 622 4675 iecerunt
640 4628 760 4691 graciam,
780 4627 850 4690 quod
869 4627 980 4692 amplius
998 4626 1108 4674 eundern
1121 4625 1256 4674 occasione
1269 4624 1452 4690 premissorum

182 4716 329 4767 nullatenus
347 4715 523 4768 molestantur.
544 4743 576 4753 -
597 4715 710 4765 Michael
730 4731 806 4765 manu
825 4717 936 4781 propria,
954 4716 1079 4767 noenius.

287 4892 367 4941 Liber
386 4893 481 4942 rubeus
500 4909 555 4942 ven.
577 4892 653 4957 Capit
681 4892 781 4954 zagrab.
801 4893 831 4940 In
851 4892 946 4942 archiv.
966 4893 1025 4941 incl.
1047 4892 1125 4941 Aeaei.
1140 4891 1226 4942 Scient
1250 4888 1348 4941 Slnvor.
1361 4889 1450 4938 merid.
1477 4930 1480 4935 .

1345 4980 1362 5015 a:
