3278 5348
611 498 686 559 Doc.
709 513 777 576 213.
800 532 843 542 —
867 500 922 558 An.
948 510 1037 577 1459.

781 709 865 778 213.

291 835 372 885 Anno
393 848 468 900 1459,
492 847 530 898 14.
550 833 647 900 aprilis.
667 833 815 897 Zagrabiae.

188 945 294 1004 ῶνανη
316 947 489 1020 neugistrotu
512 944 637 1002 civitatis
659 944 783 1028 ΗιΙιςια,
805 960 880 1017 quoe
895 943 962 1017 suit
985 941 1120 1017 Zajcom's
1139 959 1225 1018 uxor,
1245 960 1348 1017 agrum
1370 961 1453 1000 suum

574 1032 703 1090 Antonio
725 1030 881 1105 spretui(
897 1031 955 1088 civi
976 1030 1077 1088 vendit

291 1160 356 1218 Nos
370 1161 534 1245 Johannes‚
558 1158 642 1217 filius
658 1158 749 1228 Petri,
765 1154 869 1233 judex,
893 1156 1041 1227 Andreas,
1066 1156 1194 1228 Blasius,
1211 1156 1335 1228 Paulus,
1352 1157 1453 1216 Acha-

183 1267 259 1339 cius‚
292 1266 446 1331 Clemens.
481 1265 626 1336 Thomas,
659 1263 834 1322 Anthonius
865 1268 896 1320 et
925 1262 1061 1345 Jacobus
1091 1260 1193 1337 jurati,
1225 1261 1394 1321 consiliarii
1424 1267 1454 1321 et

183 1372 428 1433 universi-cives
451 1370 584 1430 civitatis
612 1371 726 1428 montis
749 1368 919 1428 Grecensis.
950 1368 1100 1425 Memorie
1130 1368 1388 1427 commendamus
1410 1374 1453 1455 te·

183 1492 260 1536 nore
282 1477 479 1551 presencium
507 1475 715 1549 significantes
747 1475 862 1548 quibus
893 1472 1019 1546 expedit
1049 1473 1209 1545 universis,
1245 1474 1330 1548 quod
1353 1475 1454 1548 proba

184 1589 215 1641 et
237 1583 366 1641 honesta
397 1583 511 1641 mulier
541 1581 638 1640 Elena
670 1588 788 1653 vocata,
818 1580 927 1638 relicta
958 1579 1091 1636 condam
1115 1578 1267 1651 Zayironis
1290 1579 1453 1654 lucifiguli,

185 1690 265 1748 olim
289 1688 425 1748 concivis
457 1689 563 1759 nostri,
593 1689 742 1763 primum,
777 1703 858 1745 nunc
882 1700 956 1744 vero
979 1698 1105 1743 consors
1129 1685 1282 1758 legittima
1305 1686 1454 1767 Johannis

184 1795 331 1866 litterati,
364 1794 500 1855 concivis
532 1793 677 1852 similiter
700 1794 813 1863 nostri,
848 1793 886 1850 ad
921 1797 1060 1850 nostram
1095 1791 1300 1866 personaliter
1328 1793 1454 1851 veniens

186 1901 381 1975 presenciam
411 1899 550 1958 consessa
583 1906 629 1957 est
664 1901 694 1957 in
730 1899 812 1957 hunc
846 1897 997 1956 modum:
1031 1904 1066 1956 ut
1099 1898 1166 1972 ipsa
1202 1897 1359 1971 quandam
1393 1904 1454 1957 ter·

159 2023 254 2070 iram
278 2023 366 2065 suam
390 2007 544 2066 arabilem
578 2007 609 2065 in
640 2007 795 2064 territorio
825 2012 932 2063 nostro
963 2010 1050 2062 extra
1081 2004 1203 2063 Novam
1226 2010 1351 2079 portam
1375 2006 1453 2063 eius-

185 2112 257 2171 dem
281 2113 424 2185 civitatis,
455 2113 539 2170 ultra
570 2112 731 2170 ecclesiam
765 2112 848 2169 beati
872 2111 998 2182 Georgii
1026 2111 1172 2182 martiris,
1205 2125 1304 2185 prope
1334 2111 1453 2170 molen·

185 2218 267 2291 dina,
303 2220 383 2277 inter
416 2218 494 2277 duas
526 2219 592 2276 vias
620 2234 802 2276 communes
835 2217 974 2274 habitam
1006 2222 1035 2273 et
1067 2217 1257 2288 existentem,
1293 2217 1378 2289 duas,
1408 2218 1453 2275 uti

162 2345 165 2348 ·
186 2323 309 2396 dicitur,
322 2324 419 2382 dietas
436 2330 517 2382 terre
541 2324 571 2381 in
595 2339 628 2382 se
645 2324 860 2395 continentem,
884 2324 983 2396 ipsam
1002 2323 1120 2381 scilicet
1136 2324 1264 2381 Elenam
1288 2323 1453 2382 mulierem

184 2426 253 2506 jure
274 2430 437 2488 statutorio
461 2429 642 2487 litteratorie
665 2434 909 2500 concernentem,
934 2435 1027 2502 prout
1050 2429 1108 2487 hoc
1132 2429 1162 2486 in
1187 2429 1323 2502 quadam
1347 2429 1452 2488 littera

184 2542 291 2594 nostra
322 2551 376 2593 seu
408 2536 542 2594 civitatis
565 2534 684 2609 pretate
715 2535 916 2609 privilegiali,
947 2541 1088 2609 tempore
1118 2537 1270 2609 presentis
1299 2534 1454 2612 judicatus

185 2641 300 2716 prefati
323 2642 433 2700 iudicis
454 2644 551 2700 nostri
574 2640 725 2712 moderni,
750 2641 788 2700 de
805 2657 884 2700 anno
905 2642 1024 2700 domini
1046 2658 1126 2699 nunc
1149 2643 1284 2716 presenti
1307 2649 1336 2701 et
1359 2642 1453 2701 inira·

185 2748 303 2822 scripto
328 2747 406 2806 feria
424 2749 519 2805 tercia
541 2748 686 2822 proxima
703 2754 774 2822 post
789 2747 903 2806 festum
920 2748 1002 2805 beati
1020 2748 1178 2806 Ambrosii
1198 2750 1336 2822 episcopi
1359 2756 1454 2823 atque

185 2852 331 2925 doctoris,
354 2853 496 2927 proxime
517 2854 673 2927 preterito,
690 2868 748 2928 pro
772 2860 859 2928 parte
883 2854 980 2928 ipsius
1004 2853 1097 2912 Elene
1121 2854 1262 2913 mulieris
1287 2855 1453 2928 superinde
1534 2876 1535 2880 ¹

185 2958 324 3019 coniecta
347 2965 377 3018 et
400 2965 542 3018 emanata
566 2975 602 3018 ac
625 2974 730 3019 coram
754 2960 844 3018 nobis
868 2961 1059 3034 specietenus
1080 2961 1289 3019 demonstrata
1305 2960 1368 3019 fide
1383 2976 1453 3020 con·

185 3066 277 3124 tineri
289 3066 425 3124 vidimus
440 3067 589 3138 occulata,
613 3067 780 3124 simulcum
800 3067 946 3124 omnibus
970 3066 1108 3124 eiusdem
1131 3072 1211 3124 terre
1233 3067 1363 3124 arabilis
1378 3066 1453 3125 dua-

184 3187 265 3243 rum,
288 3178 323 3229 ut
338 3171 518 3246 predicitur,
535 3172 689 3231 dictarum
706 3173 901 3243 utilitatibus,
924 3170 1055 3248 juribus,
1076 3173 1192 3244 usibus,
1216 3173 1453 3246 integritatibus,

184 3276 516 3353 imctuositatibusque
539 3285 568 3336 et
599 3278 796 3352 pertinenciis
827 3279 977 3336 universis
1007 3279 1067 3336 sub
1099 3279 1164 3336 eius
1189 3280 1347 3353 prioribus
1370 3281 1453 3338 veris

187 3390 218 3443 et
240 3385 375 3458 antiquis
398 3386 489 3443 metis
512 3391 607 3459 prout
637 3385 744 3443 eadem
770 3391 851 3444 terra
873 3385 1001 3442 arabilis
1025 3401 1080 3458 per
1104 3386 1263 3458 primevos
1286 3401 1357 3444 suos
1382 3401 1453 3461 pos-

183 3503 319 3549 sessores
341 3505 465 3564 semper
487 3495 518 3550 et
541 3492 582 3549 ab
605 3493 732 3565 antiquo
756 3506 855 3564 usque
878 3496 960 3548 tenta
983 3489 1091 3548 fuisset
1114 3496 1143 3548 et
1166 3506 1315 3564 possessa,
1332 3493 1454 3567 pretato

184 3596 350 3667 anthonio,
379 3595 446 3655 lilio
467 3595 595 3670 Georgii
616 3596 822 3671 Syprasnych,
847 3596 996 3654 moderno
1018 3595 1121 3672 jurato
1154 3603 1185 3655 et
1207 3599 1326 3657 concivi
1348 3604 1453 3658 nostro

184 3701 375 3776 supradicto,
403 3718 440 3760 ac
463 3719 520 3778 per
555 3719 626 3761 eum
655 3705 718 3762 suis
750 3703 917 3762 heredibus
949 3719 1006 3777 pro
1037 3719 1150 3762 novem
1182 3704 1305 3763 florenis
1334 3707 1402 3763 auri
1425 3712 1456 3763 et

185 3808 323 3882 quinque
347 3809 450 3882 pensis
474 3809 674 3867 denariorum
696 3826 754 3885 per
776 3811 879 3883 ipsum
914 3811 1105 3868 Anthonium
1131 3811 1250 3884 prefate
1273 3812 1368 3870 Eiene
1387 3827 1453 3870 mu·

185 3915 264 3985 lieri,
286 3922 380 3989 prout
402 3918 537 3989 ipsamet
560 3917 651 3976 nobis
673 3918 780 3976 retulit
796 3919 858 3975 iarn
882 3918 974 3991 piene
998 3918 1077 3977 datis
1102 3924 1131 3976 et
1155 3919 1331 3992 persolutis,
1347 3917 1454 3975 vendi-

184 4021 289 4092 disset,
320 4022 418 4081 immo
452 4021 590 4080 vendidit
620 4032 725 4080 co'ram
760 4024 850 4081 nobis
879 4022 947 4100 jure
980 4032 1130 4098 perpetuo
1154 4030 1185 4082 et
1207 4023 1455 4081 irrevocabiliter

185 4127 359 4200 tenendam,
393 4128 614 4202 possidendam
649 4131 767 4204 pariter
799 4135 829 4187 et
859 4131 1034 4188 habendam
1066 4145 1101 4187 ac
1132 4130 1217 4187 iuxta
1241 4128 1454 4186 condicionem

185 4233 319 4292 civitatis
355 4240 515 4307 prenotate
538 4235 578 4292 ab
602 4237 729 4309 antiquo
761 4237 1000 4310 privilegialiter
1030 4236 1247 4309 approbatam,
1282 4233 1454 4309 quomodo·

184 4353 319 4412 cumque
341 4339 477 4398 voluerit
498 4339 732 4414 disponendam.
756 4343 789 4399 In
813 4343 899 4400 cuius
922 4343 965 4399 rei
991 4343 1176 4399 memoriam
1199 4348 1292 4415 atque
1314 4342 1454 4399 testimo-

184 4445 281 4514 nium,
304 4444 547 4519 firmitatemque
563 4455 746 4521 perpetuam
764 4449 958 4522 presentibus
974 4448 1115 4520 sigillum
1132 4455 1273 4506 nostrum
1289 4464 1454 4507 commune

185 4550 332 4609 duximus
354 4552 604 4627 appendendum.
629 4554 745 4612 Datum
768 4554 844 4612 teria
861 4551 925 4626 (sic)
942 4556 971 4612 in
989 4554 1066 4613 testo
1084 4556 1246 4614 beatorum
1262 4555 1401 4614 Tiburcii
1425 4560 1455 4612 et

184 4656 343 4716 Valeriani
366 4659 539 4719 martirum.
576 4662 666 4719 Anno
690 4660 809 4718 domini
842 4661 1011 4719 millesimo
1036 4661 1342 4735 quadringentesimo
1366 4662 1455 4736 quin·

184 4763 367 4837 quagesimo
389 4780 484 4826 nono.

291 4899 424 4965 Origlanle
441 4901 469 4951 iu
487 4903 642 4953 membrana.
663 4903 733 4950 Zona
752 4901 847 4951 sericea
866 4904 955 4953 viridis
968 4904 1096 4968 dependet
1109 4904 1207 4967 absque
1220 4903 1315 4968 sigillo.
1335 4906 1366 4953 In
1384 4903 1453 4954 arch.

183 4985 242 5021 verr.
261 4971 339 5034 capit.
351 4972 452 5036 aegrab.

1351 5069 1391 5124 rh
