3278 5348
196 438 237 501 ⁵4
593 421 666 479 θοι,
690 435 741 499 44„
765 431 814 498 45.
840 454 883 464 -
905 421 962 479 An.
987 414 1079 498 1426.

196 528 409 535 ——----.—.--—
418 526 609 534 .—-.-.--...—-

192 639 288 696 nitate
311 652 369 712 pro
392 653 425 696 se
448 638 524 712 ipsis
547 637 763 711 inpetracione,
786 635 1026 706 statuilaccione,
1063 635 1271 708 occupacione
1302 640 1333 690 et
1356 633 1458 691 deten-

193 744 281 802 cioue
303 751 396 817 atque
418 744 450 802 in
474 742 647 801 dominium
661 742 841 801 earumdem
862 743 1094 816 possessionum
1117 741 1214 799 trium
1229 755 1284 797 seu
1299 740 1459 809 villarum,

192 854 435 923 cunctarumque
450 851 591 925 ipsarum
607 850 778 908 utilitatum
794 855 824 906 et
841 848 1103 924 pertinenciarum
1114 848 1332 904 universarum
1348 846 1460 919 quovis

192 956 314 1030 quesito
337 957 450 1027 colore,
475 957 598 1029 ingenio
621 972 675 1014 seu
699 955 800 1012 forma
824 948 1062 1025 intromissione,
1086 967 1340 1027 usuumquoque,
1377 950 1460 1010 fruc·

192 1069 281 1119 tuum
304 1068 334 1119 et
357 1062 570 1135 quarumlibet
593 1062 764 1119 utilitatum
787 1061 970 1119 earumdem
992 1060 1201 1134 percepcione
1221 1064 1253 1116 et
1275 1057 1460 1132 percipifac·

192 1170 280 1226 cione
302 1168 525 1241 quoquomodo
548 1174 601 1225 aut
624 1168 895 1241 qualitercumque
918 1167 1007 1226 lactis
1031 1167 1083 1224 vel
1107 1165 1217 1224 fiendis
1239 1165 1459 1239 prohibuerint

193 1274 433 1332 contradicendo
455 1281 485 1331 et
510 1273 753 1332 contradixerint
776 1274 946 1332 inhibendo
969 1288 1074 1331 coram
1097 1273 1189 1330 nobis
1212 1272 1322 1344 vigore
1345 1277 1375 1328 et
1398 1280 1457 1328 tes·

192 1380 323 1438 timonio
339 1396 375 1437 ac
391 1380 539 1437 firmitate
554 1381 751 1453 presencium
767 1387 945 1438 nostrarum
961 1380 1138 1438 litterarum
1154 1377 1317 1436 mediante.
1341 1377 1458 1434 Datum

192 1483 269 1542 feria
291 1486 426 1543 secunda
441 1487 585 1560 proxima
609 1492 679 1543 ante
696 1484 810 1544 festum
826 1484 975 1543 kathedre
991 1485 1075 1543 beati
1091 1484 1174 1542 Petri
1197 1482 1339 1557 apostoli
1364 1484 1456 1539 Anno

192 1583 311 1650 domini
335 1593 504 1650 millesimo
528 1592 834 1665 quadringentesimo
856 1592 1010 1664 vigesimo
1034 1598 1131 1649 sexto.

296 1725 430 1791 Originale
455 1728 482 1776 in
509 1727 603 1779 charta.
634 1728 661 1776 Α
688 1734 761 1791 tergo
788 1728 927 1791 vestigium
954 1726 1073 1791 impressi
1102 1723 1190 1789 sigilli
1225 1724 1258 1771 In
1285 1722 1383 1772 archiv.
1411 1721 1456 1772 lib.

191 1830 244 1879 reg.
264 1815 333 1866 civit.
352 1817 452 1879 zagrab.

788 1995 854 2059 44.

295 2135 377 2184 Auno
399 2135 474 2198 1426,
493 2137 569 2185 initio
588 2136 684 2184 mensis
703 2136 799 2187 marcii.

294 2246 412 2305 Civitas
435 2264 492 2323 per
514 2250 616 2308 civem
640 2248 797 2306 Andream
818 2247 1009 2323 Ztepkovich
1032 2247 1114 2306 circa
1147 2243 1284 2304 mediam
1315 2241 1456 2316 Quadra·

189 2352 340 2425 gesimam
363 2354 395 2411 in
418 2354 553 2428 quadam
577 2355 735 2413 communi
758 2356 817 2426 via,
841 2371 921 2429 quae
943 2354 1036 2426 ducit,
1059 2354 1099 2411 de
1121 2353 1212 2426 sylva
1227 2351 1334 2423 lonya
1347 2348 1457 2423 appel·

189 2458 262 2530 lata,
286 2460 459 2533 capitulari,
481 2461 522 2519 ad
544 2462 702 2519 civitatem
726 2467 756 2519 et
778 2462 960 2534 capitulum,
984 2460 1144 2519 homiuem
1166 2456 1295 2530 Georgii
1318 2457 1357 2514 de
1391 2456 1455 2513 Ma·

188 2566 314 2638 rovcha,
338 2569 476 2626 canonici
498 2569 714 2642 zagrabiensis,
738 2569 823 2641 ligna
846 2568 1009 2626 ducentem
1034 2566 1072 2624 de
1094 2566 1204 2624 eadem
1232 2564 1314 2622 silva
1344 2562 1455 2620 verbe·

188 2673 278 2743 ravit,
312 2672 508 2747 eundemque
539 2674 701 2746 dissecuit,
737 2674 821 2748 quod
854 2674 935 2733 circa
966 2672 1098 2731 eundem
1129 2671 1199 2729 dein
1230 2670 1305 2729 iecit
1335 2667 1456 2727 homiui

189 2777 339 2849 Andreae,
362 2779 571 2839 archidiaconi
593 2780 704 2839 Vaslra.

294 2914 400 2978 Georgii
420 2915 589 2965 Marcelovid:
609 2918 727 2981 Regesta
745 2916 887 2981 Diplomat.
907 2915 1067 2979 aliorumque
1086 2918 1314 2966 Documentorum.
1341 2914 1409 2966 Msc.
1427 2912 1456 2962 iu

186 2998 346 3050 bibliotheca
363 3003 516 3055 archidioec.
535 3005 636 3069 zagrab.

793 3185 855 3250 45.

291 3318 372 3368 Anno
394 3320 468 3382 1426,
489 3333 529 3384 24.
546 3322 628 3386 Juuii.
649 3325 680 3372 Iu
699 3341 757 3373 arce
776 3325 896 3377 Medved.

180 3443 345 3520 johannes,
375 3447 534 3506 Corbnoioc
555 3469 642 3508 comes
665 3460 693 3508 et
719 3451 852 3510 Croatt'ae
874 3454 974 3523 banus,
991 3453 1132 3530 solutum·
1154 3453 1452 3526 Novakovilposses-

476 3555 568 3612 stenes
589 3558 729 3629 quonlam
752 3559 804 3615 sub
827 3560 955 3617 Medoed
973 3561 1053 3629 sitas,
1076 3559 1173 3617 donat.

292 3696 354 3754 Nos
376 3697 510 3778 Joannes
543 3715 647 3757 comes
682 3701 837 3761 Corbauie
871 3715 926 3764 etc.
951 3706 1049 3764 banus
1072 3705 1243 3777 Dalmacie,
1267 3703 1398 3763 Croacie
1421 3710 1450 3763 et

186 3800 349 3859 Sclauonie
372 3808 428 3860 etc.
451 3803 612 3863 Universis
635 3815 665 3865 et
688 3809 818 3880 singulis
842 3826 947 3869 coram
971 3812 1084 3884 quibus
1102 3816 1260 3884 presentes
1276 3816 1381 3869 nostre
1396 3825 1453 3886 pa·

185 3911 283 3964 tentes
306 3911 503 3980 pervenerint
537 3912 638 3970 littere
670 3915 802 3972 salutem
837 3924 867 3974 et
897 3918 1041 3989 graciam.
1066 3917 1186 3975 Damus
1208 3917 1301 3974 vobis
1325 3916 1366 3974 ad
1398 3932 1452 3976 no·

185 4013 299 4085 ticiam,
323 4015 408 4087 quod
430 4033 486 4074 nos
516 4019 679 4077 existentes
713 4022 811 4078 coacti
834 4028 864 4079 et
887 4022 1026 4080 adstricti
1061 4022 1209 4081 fidelibus
1242 4027 1273 4080 et
1306 4023 1452 4096 gratuitis

185 4119 323 4177 serviciis
347 4123 463 4195 egregii
485 4125 611 4206 Joannis
635 4126 844 4198 Nouakouich,
869 4145 929 4202 que
953 4130 1020 4203 ipse
1043 4130 1134 4188 nobis
1157 4144 1215 4203 pro
1245 4130 1390 4189 locorum
1421 4135 1452 4189 et

184 4231 363 4300 temporum
388 4230 535 4288 varietate
557 4239 732 4291 constanter
754 4235 905 4307 exhibuit,
926 4235 1114 4294 effundendo
1149 4236 1331 4309 sauguinem
1354 4252 1449 4296 suum

184 4337 214 4388 et
236 4332 268 4389 in
292 4332 399 4391 duello
434 4351 505 4393 cum
539 4338 718 4397 infidelibus
753 4339 827 4399 fidei
862 4342 1027 4400 christiane
1061 4357 1167 4401 coram
1201 4342 1301 4400 oculis
1334 4344 1449 4402 nostris

183 4437 348 4496 victoriam
371 4448 541 4515 reportans,
566 4450 596 4500 et
618 4446 660 4502 ob
683 4453 859 4518 respectum
889 4449 1025 4507 aliorum
1055 4456 1200 4507 uotorum
1230 4449 1446 4522 serviciorum,

185 4559 245 4616 que
276 4545 307 4602 iu
331 4545 424 4604 corde
447 4548 593 4620 gerimus,
617 4530 840 4609 considerando
864 4552 1007 4612 dedimus
1030 4560 1061 4612 et
1083 4552 1269 4612 donavimus
1291 4555 1393 4616 immo
1415 4557 1448 4617 iu

183 4657 370 4724 perpetuum
393 4654 594 4727 ascripsimus
617 4656 677 4713 sibi
700 4664 730 4714 et
753 4659 816 4715 suis
839 4659 1006 4718 heredibus
1027 4661 1244 4735 possessiones,
1266 4676 1328 4735 que
1350 4677 1449 4738 appe-

183 4756 287 4813 lautur
310 4756 475 4832 Szepnicza
498 4766 528 4818 et
551 4760 728 4820 Szlauowcz
752 4765 784 4823 in
807 4767 1003 4838 pertinenciis
1026 4767 1119 4825 castri
1140 4765 1262 4825 Medwe
1284 4782 1358 4826 cum
1380 4783 1446 4828 om·

182 4861 275 4922 uibus
297 4864 494 4937 pertinenciis
517 4873 547 4925 et
568 4865 691 4944 juribus
712 4884 895 4946 quecunque
917 4874 1106 4947 pertinerent
1128 4872 1169 4931 ad
1184 4873 1312 4933 easdem
1324 4888 1447 4959 posses·
