3278 5348
619 390 691 446 Duc.
713 402 745 462 9.
769 423 813 432 —
836 389 891 446 An.
915 398 1008 464 1405.

183 606 377 665 officialibus
399 610 429 662 et
451 605 624 663 tributariis
647 603 760 662 nostris
787 603 922 661 ubilibet
945 603 1026 661 intra
1048 604 1203 662 ambitum
1234 605 1324 678 regni
1353 603 1450 663 nostri

190 712 373 779 constitutis,
396 725 514 769 necnon
537 712 665 769 alterius
689 709 823 768 cuiusvis
846 714 952 781 status,
976 708 1134 783 dignitatis
1158 716 1188 769 et
1203 711 1454 784 prohemiuencie

187 818 376 888 bominibus,
407 821 511 874 nostra
542 817 659 889 regalia
689 816 806 874 tributa
836 819 900 872 tam
931 816 960 873 in
993 816 1083 874 terris
1116 832 1210 889 quam
1245 832 1342 892 super
1364 818 1454 891 aquis

186 925 369 993 tenentibus,
392 923 637 995 eorumdemque
660 921 832 980 tributariis
862 922 1058 995 presentibus
1087 921 1234 981 videlicet
1264 926 1295 980 et
1331 922 1453 995 futuris,

185 1030 377 1105 presencium
401 1029 546 1086 noticiam
578 1028 731 1086 habituris
768 1028 901 1085 salutem
938 1033 968 1085 et
1001 1027 1147 1101 graciam.
1183 1028 1264 1102 Quia
1286 1044 1344 1087 nos
1367 1029 1455 1087 iuxta

183 1137 321 1195 formam
344 1134 458 1192 decreti
481 1136 603 1192 noviter
623 1150 680 1208 per
695 1150 751 1192 nos
767 1150 804 1191 ex
822 1133 1051 1191 deliberacione
1067 1134 1270 1208 prelatorum,
1286 1135 1452 1205 baronum,

186 1243 335 1315 regnique
357 1241 454 1298 nostri
478 1255 643 1314 procerum
666 1240 835 1297 salubriter
867 1238 993 1311 inducti,
1027 1240 1189 1297 universos
1226 1244 1257 1297 et
1292 1241 1453 1313 quoslibet

84 1334 88 1340 ’
183 1354 371 1407 mercatores
395 1352 425 1403 et
448 1340 576 1403 alterius
598 1351 696 1403 status
719 1346 860 1403 homines
882 1346 922 1402 ab
946 1346 1034 1403 omni
1060 1345 1223 1403 tributaria
1238 1347 1401 1405 solucione
1422 1346 1452 1405 in

190 1454 302 1512 nostris
324 1452 471 1510 videlicet
494 1452 621 1509 tributis
643 1452 737 1523 regiis
759 1450 798 1509 de
821 1452 961 1525 ipsorum
991 1450 1085 1509 rebus
1108 1450 1198 1509 bonis
1220 1466 1256 1509 ac
1287 1453 1454 1511 mercimo-

187 1561 247 1618 niis
270 1560 347 1617 alias
369 1558 451 1615 solvi
473 1563 618 1615 consveta
640 1557 858 1615 libertavimus
882 1562 912 1615 et
934 1558 1116 1627 exemimus,
1140 1557 1321 1631 liberosque
1336 1544 1453 1617 hab‘ere

188 1666 336 1722 volumus
369 1664 492 1736 penitus
525 1668 556 1721 et
590 1669 759 1737 exemptos.
792 1663 902 1720 Vestre
936 1663 1032 1735 igitur
1063 1668 1093 1720 et
1122 1663 1287 1721 cuiuslibet
1310 1670 1453 1723 vestrum

186 1770 328 1829 fidelitati
352 1769 533 1827 firmissimo
554 1770 640 1842 regio
663 1770 721 1826 sub
745 1768 845 1826 edicto
880 1769 1071 1843 precipimus
1101 1776 1131 1827 et
1162 1768 1347 1828 mandamus
1377 1785 1453 1843 qua·

186 1883 274 1935 tenus
306 1875 419 1933 amodo
450 1882 480 1932 et
510 1875 654 1947 deinceps
684 1875 715 1932 in
739 1881 828 1932 antea
851 1890 868 1931 a
892 1875 1022 1946 civibus,
1046 1876 1272 1933 mercatoribus
1294 1881 1324 1933 et
1347 1876 1453 1951 hospi·

181 1983 274 2055 tibus,
296 1981 486 2054 alteriusque
508 1985 608 2037 status
632 1985 661 2037 et
685 1979 873 2038 condicionis
889 1981 1022 2039 civitatis
1038 1986 1141 2038 nostre
1158 1982 1271 2039 montis
1287 1980 1452 2042 Grecensis

186 2088 225 2145 de
247 2087 398 2160 Zagrabia
422 2088 609 2157 hominibus,
640 2087 843 2160 ipsorumque
866 2088 1075 2145 mercimoniis
1107 2101 1143 2144 ac
1176 2088 1268 2144 rebus
1299 2092 1329 2145 et
1360 2089 1452 2148 bonis

185 2194 348 2268 quibusvis
371 2192 495 2250 nullutn
519 2188 682 2263 tributum,
706 2192 867 2250 nullamve
891 2193 1089 2250 tributariam
1119 2194 1314 2250 exaccionem
1345 2201 1452 2268 petere

182 2307 213 2359 et
236 2301 367 2373 exigere,
401 2299 526 2372 petique
550 2304 580 2356 et
602 2297 786 2370 exigifacere
810 2297 925 2356 directe
948 2300 1000 2356 vel
1023 2299 1175 2358 indirecte
1199 2299 1309 2372 quovis
1345 2301 1453 2359 colore

190 2408 309 2479 quesito
331 2405 584 2479 presumpmatis‚
608 2405 792 2477 quinymmo
816 2405 941 2462 eosdem
966 2406 1057 2476 cives,
1086 2412 1283 2477 mercatores,
1312 2405 1453 2481 hospites

188 2519 218 2570 et
240 2512 368 2569 alterius
392 2516 489 2568 status
512 2509 650 2584 predicte
668 2511 802 2568 civitatis
818 2514 922 2568 nostre
937 2512 1051 2568 montis
1067 2511 1228 2569 Grecensis
1244 2510 1283 2568 de
1298 2511 1453 2584 Zagrabia

185 2618 338 2685 homines,
359 2617 454 2674 simul
470 2632 542 2674 cum
558 2631 669 2673 eorum
687 2617 788 2688 rebus,
812 2618 968 2675 mercibus
992 2624 1022 2676 et
1043 2618 1133 2676 bonis
1149 2618 1302 2676 universis
1317 2616 1358 2675 de
1374 2620 1454 2678 locis

186 2723 366 2784 huiusmodi
400 2724 588 2781 tributorum
620 2732 796 2781 nostrorum
830 2725 949 2796 absque
980 2724 1213 2797 impedimento,
1248 2723 1387 2798 dampno
1423 2730 1453 2783 et

186 2830 353 2889 vexacione
377 2830 508 2902 aliquali
529 2830 629 2887 libere
653 2828 795 2887 recedere
818 2836 847 2886 et
871 2830 956 2887 abire
980 2831 1178 2904 permittatis,
1203 2830 1345 2904 alioquin
1369 2831 1455 2890 ultra

181 2937 429 3009 indignacionem
452 2940 590 2993 nostram
614 2937 741 3008 regiam,
766 2951 860 3009 quam
885 2937 970 2993 iuxta
994 2936 1129 2994 formam
1151 2937 1251 3011 ipsius
1273 2934 1391 2994 decreti
1413 2951 1452 2995 eo

190 3044 272 3101 iacto
306 3043 462 3099 incurrere
496 3057 576 3115 pena
611 3043 776 3101 arbitraria
799 3048 902 3100 nostre
937 3044 1113 3116 maiestatis,
1143 3044 1229 3101 cuius
1252 3042 1453 3102 severitatem

181 3151 289 3222 utique
328 3149 471 3219 sentietis,
503 3163 559 3206 vos
592 3155 620 3206 et
655 3155 793 3206 vestrum
818 3150 991 3222 quemlibet
1014 3149 1310 3224 incompassibiliter
1339 3149 1452 3222 punire

182 3255 346 3325 iaciemus,
371 3254 408 3311 de
433 3269 494 3326 quo
519 3253 643 3311 tandem
667 3255 746 3312 nulli
770 3256 828 3313 nisi
859 3261 961 3313 vestre
984 3256 1150 3313 temeritati
1172 3254 1315 3328 poteritis
1348 3255 1454 3330 impu·

182 3366 259 3419 tare.
292 3359 386 3418 Secus
408 3360 590 3417 nullatenus
624 3360 654 3416 in
690 3362 849 3433 premissis
884 3360 985 3419 iacere
1014 3361 1267 3435 presumpmatis‚
1290 3360 1454 3420 Presentes

187 3451 291 3525 autem
315 3473 386 3539 post
411 3466 563 3522 lecturam
587 3481 711 3537 semper
734 3466 822 3525 reddi
839 3467 983 3524 iubemus
999 3467 1198 3541 presentanti.
1221 3466 1339 3524 Datum
1366 3466 1454 3527 Bude

187 3573 218 3629 in
243 3571 320 3628 festo
345 3572 428 3628 beati
459 3570 586 3641 Georgii
616 3572 759 3629 martiris.
795 3575 886 3630 Anno
910 3573 1028 3631 domini
1051 3568 1221 3632 millesimo
1244 3571 1455 3647 quadringen-

184 3678 294 3735 tesimo
318 3681 436 3750 quarto.

288 3813 422 3878 Originale
448 3814 476 3862 in
503 3812 658 3863 membrana.
703 3814 730 3861 A
760 3822 831 3878 tergo
858 3817 996 3879 vestigium
1022 3817 1087 3881 regii
1115 3815 1203 3880 sigilli.
1230 3816 1263 3863 In
1289 3813 1363 3865 archi
1390 3814 1452 3865 incl.

185 3904 269 3953 Acad.
290 3902 384 3952 Scient.
406 3902 502 3953 Slavor.
522 3902 682 3953 merirlioual.

796 4080 832 4145 9.

287 4167 367 4216 Anno
389 4176 464 4230 1405,
486 4178 526 4228 14.
543 4167 623 4231 Junii.
645 4167 791 4230 Zagrabiae.

182 4275 372 4333 Eberhardus
394 4274 538 4347 quicopus
560 4276 756 4349 zagrabiensis
779 4278 1006 4335 cununum'mlem
1027 4279 1152 4336 civitatis
1172 4279 1277 4336 montis
1300 4276 1454 4341 Gresensis

182 4382 378 4456 quadraginta
404 4398 519 4437 Μανίας
545 4390 605 4455 pru
640 4402 738 4440 irretito
770 4384 877 4441 tribulo
911 4385 976 4457 regi
1007 4383 1157 4455 solvendo,
1189 4384 1246 4442 sibi
1269 4384 1454 4464 pependisse,

733 4492 894 4565 prefitctur.

287 4630 350 4689 Nos
373 4633 573 4692 Eberhardus
597 4634 647 4693 dei
670 4640 700 4692 et
723 4635 893 4709 apostolice
915 4632 996 4693 sedis
1019 4636 1124 4709 gracia
1146 4638 1312 4712 episcopus
1343 4652 1452 4712 ragra-

181 4737 306 4810 biensis,
329 4755 557 4814 supremusque
578 4741 662 4813 regie
686 4742 854 4800 maiestatis
877 4741 1087 4801 cancellarius.
1111 4742 1258 4802 Fatemur
1287 4760 1348 4819 per
1377 4760 1453 4819 pre-

182 4850 290 4917 sentes,
315 4845 474 4917 quomodo
496 4848 633 4906 universi
657 4848 740 4906 cives
773 4864 828 4908 seu
857 4849 995 4923 hospites
1023 4848 1061 4905 de
1089 4849 1215 4909 civitate
1243 4852 1451 4927 zagrabyensi
