<?xml version="1.0" encoding="UTF-8"?>
<!DOCTYPE html PUBLIC "-//W3C//DTD XHTML 1.0 Transitional//EN"
    "http://www.w3.org/TR/xhtml1/DTD/xhtml1-transitional.dtd">
<html xmlns="http://www.w3.org/1999/xhtml" xml:lang="en" lang="en">
 <head>
  <title>
</title>
<meta http-equiv="Content-Type" content="text/html;charset=utf-8" />
  <meta name='ocr-system' content='tesseract 3.04.00' />
  <meta name='ocr-capabilities' content='ocr_page ocr_carea ocr_par ocr_line ocrx_word'/>
</head>
<body>
  <div class='ocr_page' id='page_1' title='image "./monumentahistor01laszgoog_0408.png"; bbox 0 0 3278 5348; ppageno 0'>
   <div class='ocr_carea' id='block_1_1' title="bbox 135 406 1456 3672">
    <p class='ocr_par' dir='ltr' id='par_1_1' title="bbox 192 406 1035 491">
     <span class='ocr_line' id='line_1_1' title="bbox 192 406 1035 491; baseline -0.006 -17"><span class='ocrx_word' id='word_1_1' title='bbox 192 431 250 491; x_wconf 82' lang='lat'>142</span> <span class='ocrx_word' id='word_1_2' title='bbox 610 413 683 470; x_wconf 80' lang='lat' dir='ltr'>Boc.</span> <span class='ocrx_word' id='word_1_3' title='bbox 708 422 774 490; x_wconf 74' lang='lat'>114.</span> <span class='ocrx_word' id='word_1_4' title='bbox 799 442 840 455; x_wconf 94' lang='lat'><em>-</em></span> <span class='ocrx_word' id='word_1_5' title='bbox 863 412 919 471; x_wconf 80' lang='lat' dir='ltr'>An.</span> <span class='ocrx_word' id='word_1_6' title='bbox 944 406 1035 489; x_wconf 74' lang='lat'><em>1438.</em></span> 
     </span>
    </p>

    <p class='ocr_par' dir='ltr' id='par_1_2' title="bbox 135 626 1456 3672">
     <span class='ocr_line' id='line_1_2' title="bbox 189 626 1449 702; baseline -0.001 -16"><span class='ocrx_word' id='word_1_7' title='bbox 189 629 308 687; x_wconf 79' lang='lat' dir='ltr'>litteras</span> <span class='ocrx_word' id='word_1_8' title='bbox 331 643 447 699; x_wconf 87' lang='lat' dir='ltr'>eorum,</span> <span class='ocrx_word' id='word_1_9' title='bbox 478 628 539 701; x_wconf 89' lang='lat' dir='ltr'>ipsi</span> <span class='ocrx_word' id='word_1_10' title='bbox 562 627 744 698; x_wconf 79' lang='lat' dir='ltr'>wilhelmo,</span> <span class='ocrx_word' id='word_1_11' title='bbox 769 626 852 702; x_wconf 87' lang='lat' dir='ltr'>quod</span> <span class='ocrx_word' id='word_1_12' title='bbox 877 627 915 685; x_wconf 92' lang='lat' dir='ltr'>de</span> <span class='ocrx_word' id='word_1_13' title='bbox 938 626 1098 702; x_wconf 88' lang='lat' dir='ltr'>premissis</span> <span class='ocrx_word' id='word_1_14' title='bbox 1128 627 1222 684; x_wconf 90' lang='lat' dir='ltr'>malis</span> <span class='ocrx_word' id='word_1_15' title='bbox 1253 626 1449 702; x_wconf 87' lang='lat' dir='ltr'>supersedere</span> 
     </span>
     <span class='ocr_line' id='line_1_3' title="bbox 188 732 1448 809; baseline -0.002 -17"><span class='ocrx_word' id='word_1_16' title='bbox 188 735 336 809; x_wconf 91' lang='lat' dir='ltr'>amplius,</span> <span class='ocrx_word' id='word_1_17' title='bbox 360 750 396 792; x_wconf 90' lang='lat' dir='ltr'>ac</span> <span class='ocrx_word' id='word_1_18' title='bbox 420 734 458 791; x_wconf 90' lang='lat' dir='ltr'>de</span> <span class='ocrx_word' id='word_1_19' title='bbox 482 734 635 808; x_wconf 84' lang='lat' dir='ltr'>dampnis,</span> <span class='ocrx_word' id='word_1_20' title='bbox 658 732 779 809; x_wconf 88' lang='lat' dir='ltr'>injuriis</span> <span class='ocrx_word' id='word_1_21' title='bbox 801 741 831 791; x_wconf 88' lang='lat' dir='ltr'>et</span> <span class='ocrx_word' id='word_1_22' title='bbox 853 733 1046 792; x_wconf 77' lang='lat' dir='ltr'>nocumentis</span> <span class='ocrx_word' id='word_1_23' title='bbox 1070 732 1159 790; x_wconf 85' lang='lat' dir='ltr'>dictis</span> <span class='ocrx_word' id='word_1_24' title='bbox 1189 733 1313 792; x_wconf 85' lang='lat' dir='ltr'>civibus</span> <span class='ocrx_word' id='word_1_25' title='bbox 1346 734 1448 804; x_wconf 87' lang='lat' dir='ltr'>illatis,</span> 
     </span>
     <span class='ocr_line' id='line_1_4' title="bbox 190 839 1452 914; baseline 0 -17"><span class='ocrx_word' id='word_1_26' title='bbox 190 839 404 899; x_wconf 88' lang='lat' dir='ltr'>omnimodam</span> <span class='ocrx_word' id='word_1_27' title='bbox 428 839 672 898; x_wconf 75' lang='lat' dir='ltr'>satisfaccionem</span> <span class='ocrx_word' id='word_1_28' title='bbox 706 839 887 914; x_wconf 87' lang='lat' dir='ltr'>impendere</span> <span class='ocrx_word' id='word_1_29' title='bbox 921 839 1086 908; x_wconf 83' lang='lat' dir='ltr'>debuisset,</span> <span class='ocrx_word' id='word_1_30' title='bbox 1122 839 1316 911; x_wconf 85' lang='lat' dir='ltr'>direxissent,</span> <span class='ocrx_word' id='word_1_31' title='bbox 1351 846 1452 897; x_wconf 91' lang='lat' dir='ltr'>tamen</span> 
     </span>
     <span class='ocr_line' id='line_1_5' title="bbox 187 944 1453 1025; baseline -0.002 -21"><span class='ocrx_word' id='word_1_32' title='bbox 187 946 247 1020; x_wconf 93' lang='lat' dir='ltr'>ipsi</span> <span class='ocrx_word' id='word_1_33' title='bbox 270 946 388 1003; x_wconf 92' lang='lat' dir='ltr'>domini</span> <span class='ocrx_word' id='word_1_34' title='bbox 411 946 539 1004; x_wconf 91' lang='lat' dir='ltr'>comites</span> <span class='ocrx_word' id='word_1_35' title='bbox 564 947 696 1004; x_wconf 89' lang='lat' dir='ltr'>sabatho</span> <span class='ocrx_word' id='word_1_36' title='bbox 721 946 865 1019; x_wconf 86' lang='lat' dir='ltr'>proximo</span> <span class='ocrx_word' id='word_1_37' title='bbox 888 950 958 1003; x_wconf 88' lang='lat' dir='ltr'>ante</span> <span class='ocrx_word' id='word_1_38' title='bbox 989 944 1103 1004; x_wconf 85' lang='lat' dir='ltr'>festum</span> <span class='ocrx_word' id='word_1_39' title='bbox 1127 945 1306 1025; x_wconf 78' lang='lat' dir='ltr'>Natiuitatis</span> <span class='ocrx_word' id='word_1_40' title='bbox 1337 944 1453 1003; x_wconf 90' lang='lat' dir='ltr'>domini</span> 
     </span>
     <span class='ocr_line' id='line_1_6' title="bbox 187 1049 1455 1127; baseline -0.001 -18"><span class='ocrx_word' id='word_1_41' title='bbox 187 1053 330 1126; x_wconf 88' lang='lat' dir='ltr'>proxime</span> <span class='ocrx_word' id='word_1_42' title='bbox 354 1052 544 1126; x_wconf 86' lang='lat' dir='ltr'>preteritum,</span> <span class='ocrx_word' id='word_1_43' title='bbox 568 1051 607 1109; x_wconf 91' lang='lat' dir='ltr'>ad</span> <span class='ocrx_word' id='word_1_44' title='bbox 632 1052 817 1127; x_wconf 88' lang='lat' dir='ltr'>peticionem</span> <span class='ocrx_word' id='word_1_45' title='bbox 851 1051 990 1109; x_wconf 89' lang='lat' dir='ltr'>eiusdem</span> <span class='ocrx_word' id='word_1_46' title='bbox 1031 1049 1206 1123; x_wconf 90' lang='lat' dir='ltr'>Wilbelmi,</span> <span class='ocrx_word' id='word_1_47' title='bbox 1242 1051 1281 1110; x_wconf 94' lang='lat' dir='ltr'>de</span> <span class='ocrx_word' id='word_1_48' title='bbox 1312 1050 1455 1126; x_wconf 83' lang='lat' dir='ltr'>Crapyna</span> 
     </span>
     <span class='ocr_line' id='line_1_7' title="bbox 188 1157 1454 1232; baseline 0 -17"><span class='ocrx_word' id='word_1_49' title='bbox 188 1159 410 1231; x_wconf 85' lang='lat' dir='ltr'>quinquaginta</span> <span class='ocrx_word' id='word_1_50' title='bbox 435 1158 511 1215; x_wconf 90' lang='lat' dir='ltr'>duos</span> <span class='ocrx_word' id='word_1_51' title='bbox 535 1166 672 1215; x_wconf 88' lang='lat' dir='ltr'>armatos</span> <span class='ocrx_word' id='word_1_52' title='bbox 695 1174 793 1231; x_wconf 92' lang='lat' dir='ltr'>usque</span> <span class='ocrx_word' id='word_1_53' title='bbox 815 1157 854 1215; x_wconf 92' lang='lat' dir='ltr'>ad</span> <span class='ocrx_word' id='word_1_54' title='bbox 879 1158 968 1226; x_wconf 89' lang='lat' dir='ltr'>talos,</span> <span class='ocrx_word' id='word_1_55' title='bbox 993 1173 1052 1232; x_wconf 91' lang='lat' dir='ltr'>pro</span> <span class='ocrx_word' id='word_1_56' title='bbox 1073 1157 1221 1229; x_wconf 87' lang='lat' dir='ltr'>subsidio,</span> <span class='ocrx_word' id='word_1_57' title='bbox 1245 1173 1282 1216; x_wconf 90' lang='lat' dir='ltr'>ac</span> <span class='ocrx_word' id='word_1_58' title='bbox 1304 1173 1369 1216; x_wconf 93' lang='lat' dir='ltr'>non</span> <span class='ocrx_word' id='word_1_59' title='bbox 1391 1172 1454 1216; x_wconf 80' lang='lat' dir='ltr'>mo</span> 
     </span>
     <span class='ocr_line' id='line_1_8' title="bbox 188 1262 1454 1338; baseline -0.001 -16"><span class='ocrx_word' id='word_1_60' title='bbox 188 1265 289 1323; x_wconf 88' lang='lat' dir='ltr'>dicam</span> <span class='ocrx_word' id='word_1_61' title='bbox 325 1272 482 1323; x_wconf 90' lang='lat' dir='ltr'>catervam</span> <span class='ocrx_word' id='word_1_62' title='bbox 519 1263 659 1338; x_wconf 90' lang='lat' dir='ltr'>peditum</span> <span class='ocrx_word' id='word_1_63' title='bbox 691 1271 885 1322; x_wconf 91' lang='lat' dir='ltr'>armatorum</span> <span class='ocrx_word' id='word_1_64' title='bbox 920 1264 1021 1322; x_wconf 91' lang='lat' dir='ltr'>eidem</span> <span class='ocrx_word' id='word_1_65' title='bbox 1057 1262 1232 1322; x_wconf 89' lang='lat' dir='ltr'>Wilhelmo</span> <span class='ocrx_word' id='word_1_66' title='bbox 1255 1264 1296 1322; x_wconf 92' lang='lat' dir='ltr'>ad</span> <span class='ocrx_word' id='word_1_67' title='bbox 1335 1264 1454 1323; x_wconf 90' lang='lat' dir='ltr'>dictum</span> 
     </span>
     <span class='ocr_line' id='line_1_9' title="bbox 187 1369 1451 1446; baseline -0.001 -18"><span class='ocrx_word' id='word_1_68' title='bbox 187 1378 322 1430; x_wconf 84' lang='lat' dir='ltr'>castrum</span> <span class='ocrx_word' id='word_1_69' title='bbox 347 1372 466 1429; x_wconf 86' lang='lat' dir='ltr'>Medwe</span> <span class='ocrx_word' id='word_1_70' title='bbox 488 1372 738 1443; x_wconf 84' lang='lat' dir='ltr'>transmisissent,</span> <span class='ocrx_word' id='word_1_71' title='bbox 761 1388 833 1430; x_wconf 92' lang='lat' dir='ltr'>cum</span> <span class='ocrx_word' id='word_1_72' title='bbox 858 1371 972 1446; x_wconf 91' lang='lat' dir='ltr'>quibus</span> <span class='ocrx_word' id='word_1_73' title='bbox 995 1372 1061 1446; x_wconf 86' lang='lat' dir='ltr'>ipse</span> <span class='ocrx_word' id='word_1_74' title='bbox 1091 1369 1283 1429; x_wconf 89' lang='lat' dir='ltr'>Wilhelmus</span> <span class='ocrx_word' id='word_1_75' title='bbox 1314 1376 1346 1428; x_wconf 91' lang='lat' dir='ltr'>et</span> <span class='ocrx_word' id='word_1_76' title='bbox 1383 1370 1451 1428; x_wconf 89' lang='lat' dir='ltr'>aliis</span> 
     </span>
     <span class='ocr_line' id='line_1_10' title="bbox 188 1476 1451 1552; baseline -0.002 -18"><span class='ocrx_word' id='word_1_77' title='bbox 188 1493 284 1550; x_wconf 91' lang='lat' dir='ltr'>quam</span> <span class='ocrx_word' id='word_1_78' title='bbox 308 1479 453 1552; x_wconf 88' lang='lat' dir='ltr'>pluribus</span> <span class='ocrx_word' id='word_1_79' title='bbox 475 1478 539 1535; x_wconf 92' lang='lat' dir='ltr'>suis</span> <span class='ocrx_word' id='word_1_80' title='bbox 563 1478 690 1535; x_wconf 84' lang='lat' dir='ltr'>armatis</span> <span class='ocrx_word' id='word_1_81' title='bbox 714 1484 744 1536; x_wconf 95' lang='lat' dir='ltr'>et</span> <span class='ocrx_word' id='word_1_82' title='bbox 767 1478 845 1535; x_wconf 89' lang='lat' dir='ltr'>alias</span> <span class='ocrx_word' id='word_1_83' title='bbox 869 1477 1015 1550; x_wconf 90' lang='lat' dir='ltr'>acqusitis</span> <span class='ocrx_word' id='word_1_84' title='bbox 1039 1477 1233 1535; x_wconf 88' lang='lat' dir='ltr'>thewtunicis</span> <span class='ocrx_word' id='word_1_85' title='bbox 1265 1476 1451 1544; x_wconf 89' lang='lat' dir='ltr'>latronibus,</span> 
     </span>
     <span class='ocr_line' id='line_1_11' title="bbox 189 1582 1456 1665; baseline -0.002 -25"><span class='ocrx_word' id='word_1_86' title='bbox 189 1584 346 1656; x_wconf 85' lang='lat' dir='ltr'>signanter</span> <span class='ocrx_word' id='word_1_87' title='bbox 369 1592 472 1642; x_wconf 89' lang='lat' dir='ltr'>autem</span> <span class='ocrx_word' id='word_1_88' title='bbox 497 1600 568 1642; x_wconf 90' lang='lat' dir='ltr'>cum</span> <span class='ocrx_word' id='word_1_89' title='bbox 593 1584 657 1641; x_wconf 92' lang='lat' dir='ltr'>illis</span> <span class='ocrx_word' id='word_1_90' title='bbox 681 1583 854 1642; x_wconf 90' lang='lat' dir='ltr'>Colomano</span> <span class='ocrx_word' id='word_1_91' title='bbox 888 1582 1125 1656; x_wconf 81' lang='lat' dir='ltr'>Trakenbergar</span> <span class='ocrx_word' id='word_1_92' title='bbox 1159 1598 1194 1641; x_wconf 90' lang='lat' dir='ltr'>ac</span> <span class='ocrx_word' id='word_1_93' title='bbox 1227 1582 1391 1665; x_wconf 88' lang='lat' dir='ltr'>Jeronimo</span> <span class='ocrx_word' id='word_1_94' title='bbox 1426 1587 1456 1638; x_wconf 92' lang='lat' dir='ltr'>et</span> 
     </span>
     <span class='ocr_line' id='line_1_12' title="bbox 187 1689 1454 1762; baseline -0.001 -15"><span class='ocrx_word' id='word_1_95' title='bbox 187 1689 322 1762; x_wconf 85' lang='lat' dir='ltr'>Georgio</span> <span class='ocrx_word' id='word_1_96' title='bbox 346 1691 428 1761; x_wconf 85' lang='lat' dir='ltr'>Pers,</span> <span class='ocrx_word' id='word_1_97' title='bbox 450 1706 568 1748; x_wconf 90' lang='lat' dir='ltr'>necnon</span> <span class='ocrx_word' id='word_1_98' title='bbox 591 1691 724 1748; x_wconf 87' lang='lat' dir='ltr'>Martino</span> <span class='ocrx_word' id='word_1_99' title='bbox 760 1690 827 1747; x_wconf 87' lang='lat' dir='ltr'>filio</span> <span class='ocrx_word' id='word_1_100' title='bbox 862 1690 1000 1748; x_wconf 91' lang='lat' dir='ltr'>Ladislai</span> <span class='ocrx_word' id='word_1_101' title='bbox 1023 1689 1062 1747; x_wconf 90' lang='lat' dir='ltr'>de</span> <span class='ocrx_word' id='word_1_102' title='bbox 1097 1689 1231 1749; x_wconf 87' lang='lat' dir='ltr'>Goricha</span> <span class='ocrx_word' id='word_1_103' title='bbox 1266 1696 1298 1747; x_wconf 91' lang='lat' dir='ltr'>et</span> <span class='ocrx_word' id='word_1_104' title='bbox 1333 1689 1454 1747; x_wconf 84' lang='lat' dir='ltr'>Thema</span> 
     </span>
     <span class='ocr_line' id='line_1_13' title="bbox 186 1793 1454 1870; baseline -0.001 -17"><span class='ocrx_word' id='word_1_105' title='bbox 186 1796 396 1870; x_wconf 87' lang='lat' dir='ltr'>Koposunych</span> <span class='ocrx_word' id='word_1_106' title='bbox 421 1803 450 1853; x_wconf 89' lang='lat' dir='ltr'>et</span> <span class='ocrx_word' id='word_1_107' title='bbox 473 1797 542 1853; x_wconf 91' lang='lat' dir='ltr'>aliis</span> <span class='ocrx_word' id='word_1_108' title='bbox 575 1796 824 1869; x_wconf 90' lang='lat' dir='ltr'>quampluribus,</span> <span class='ocrx_word' id='word_1_109' title='bbox 848 1812 886 1853; x_wconf 84' lang='lat' dir='ltr'>ex</span> <span class='ocrx_word' id='word_1_110' title='bbox 907 1795 1125 1853; x_wconf 91' lang='lat' dir='ltr'>commissione</span> <span class='ocrx_word' id='word_1_111' title='bbox 1147 1801 1177 1852; x_wconf 91' lang='lat' dir='ltr'>et</span> <span class='ocrx_word' id='word_1_112' title='bbox 1208 1793 1358 1853; x_wconf 90' lang='lat' dir='ltr'>mandato</span> <span class='ocrx_word' id='word_1_113' title='bbox 1392 1793 1454 1852; x_wconf 91' lang='lat' dir='ltr'>dic·</span> 
     </span>
     <span class='ocr_line' id='line_1_14' title="bbox 186 1900 1453 1973; baseline -0.002 -13"><span class='ocrx_word' id='word_1_114' title='bbox 186 1910 290 1960; x_wconf 92' lang='lat' dir='ltr'>torum</span> <span class='ocrx_word' id='word_1_115' title='bbox 314 1902 513 1961; x_wconf 91' lang='lat' dir='ltr'>dominorum</span> <span class='ocrx_word' id='word_1_116' title='bbox 537 1903 695 1973; x_wconf 90' lang='lat' dir='ltr'>comitum,</span> <span class='ocrx_word' id='word_1_117' title='bbox 720 1902 919 1960; x_wconf 92' lang='lat' dir='ltr'>dominorum</span> <span class='ocrx_word' id='word_1_118' title='bbox 943 1917 1080 1973; x_wconf 90' lang='lat' dir='ltr'>suorum,</span> <span class='ocrx_word' id='word_1_119' title='bbox 1104 1900 1180 1959; x_wconf 86' lang='lat' dir='ltr'>feria</span> <span class='ocrx_word' id='word_1_120' title='bbox 1210 1900 1348 1959; x_wconf 91' lang='lat' dir='ltr'>secunda</span> <span class='ocrx_word' id='word_1_121' title='bbox 1384 1908 1453 1958; x_wconf 91' lang='lat' dir='ltr'>ante</span> 
     </span>
     <span class='ocr_line' id='line_1_15' title="bbox 187 2008 1451 2082; baseline -0.001 -17"><span class='ocrx_word' id='word_1_122' title='bbox 187 2009 361 2082; x_wconf 88' lang='lat' dir='ltr'>predictum</span> <span class='ocrx_word' id='word_1_123' title='bbox 385 2009 498 2066; x_wconf 85' lang='lat' dir='ltr'>festum</span> <span class='ocrx_word' id='word_1_124' title='bbox 521 2009 633 2066; x_wconf 87' lang='lat' dir='ltr'>natalis</span> <span class='ocrx_word' id='word_1_125' title='bbox 657 2008 792 2079; x_wconf 87' lang='lat' dir='ltr'>Domini,</span> <span class='ocrx_word' id='word_1_126' title='bbox 816 2009 879 2066; x_wconf 89' lang='lat' dir='ltr'>iam</span> <span class='ocrx_word' id='word_1_127' title='bbox 902 2008 941 2065; x_wconf 88' lang='lat' dir='ltr'>de</span> <span class='ocrx_word' id='word_1_128' title='bbox 963 2023 1046 2066; x_wconf 84' lang='lat' dir='ltr'>novo</span> <span class='ocrx_word' id='word_1_129' title='bbox 1077 2008 1227 2082; x_wconf 89' lang='lat' dir='ltr'>elapsum,</span> <span class='ocrx_word' id='word_1_130' title='bbox 1253 2022 1342 2065; x_wconf 87' lang='lat' dir='ltr'>more</span> <span class='ocrx_word' id='word_1_131' title='bbox 1366 2023 1451 2065; x_wconf 81' lang='lat' dir='ltr'>exer-</span> 
     </span>
     <span class='ocr_line' id='line_1_16' title="bbox 186 2114 1452 2188; baseline -0.002 -16"><span class='ocrx_word' id='word_1_132' title='bbox 186 2116 290 2172; x_wconf 90' lang='lat' dir='ltr'>cituali</span> <span class='ocrx_word' id='word_1_133' title='bbox 314 2114 353 2172; x_wconf 92' lang='lat' dir='ltr'>ad</span> <span class='ocrx_word' id='word_1_134' title='bbox 378 2116 488 2173; x_wconf 89' lang='lat' dir='ltr'>valvas</span> <span class='ocrx_word' id='word_1_135' title='bbox 509 2121 539 2172; x_wconf 91' lang='lat' dir='ltr'>et</span> <span class='ocrx_word' id='word_1_136' title='bbox 562 2122 669 2188; x_wconf 90' lang='lat' dir='ltr'>portas</span> <span class='ocrx_word' id='word_1_137' title='bbox 692 2114 773 2171; x_wconf 89' lang='lat' dir='ltr'>dicte</span> <span class='ocrx_word' id='word_1_138' title='bbox 796 2115 932 2172; x_wconf 86' lang='lat' dir='ltr'>civitatis</span> <span class='ocrx_word' id='word_1_139' title='bbox 955 2114 1157 2188; x_wconf 85' lang='lat' dir='ltr'>personaliter</span> <span class='ocrx_word' id='word_1_140' title='bbox 1183 2114 1318 2186; x_wconf 85' lang='lat' dir='ltr'>veniens,</span> <span class='ocrx_word' id='word_1_141' title='bbox 1337 2114 1452 2187; x_wconf 88' lang='lat' dir='ltr'>ipsam·</span> 
     </span>
     <span class='ocr_line' id='line_1_17' title="bbox 186 2221 1451 2294; baseline -0.001 -17"><span class='ocrx_word' id='word_1_142' title='bbox 186 2236 246 2293; x_wconf 91' lang='lat' dir='ltr'>que</span> <span class='ocrx_word' id='word_1_143' title='bbox 269 2221 425 2278; x_wconf 89' lang='lat' dir='ltr'>civitatem</span> <span class='ocrx_word' id='word_1_144' title='bbox 449 2236 628 2294; x_wconf 84' lang='lat' dir='ltr'>expugnare</span> <span class='ocrx_word' id='word_1_145' title='bbox 654 2221 842 2292; x_wconf 90' lang='lat' dir='ltr'>machinans,</span> <span class='ocrx_word' id='word_1_146' title='bbox 866 2221 1031 2278; x_wconf 89' lang='lat' dir='ltr'>nonnullos</span> <span class='ocrx_word' id='word_1_147' title='bbox 1054 2235 1164 2293; x_wconf 83' lang='lat' dir='ltr'>greges</span> <span class='ocrx_word' id='word_1_148' title='bbox 1194 2221 1292 2277; x_wconf 91' lang='lat' dir='ltr'>boum</span> <span class='ocrx_word' id='word_1_149' title='bbox 1315 2226 1348 2277; x_wconf 92' lang='lat' dir='ltr'>et</span> <span class='ocrx_word' id='word_1_150' title='bbox 1382 2234 1451 2293; x_wconf 89' lang='lat' dir='ltr'>pec·</span> 
     </span>
     <span class='ocr_line' id='line_1_18' title="bbox 186 2325 1450 2399; baseline -0.001 -16"><span class='ocrx_word' id='word_1_151' title='bbox 186 2340 294 2383; x_wconf 88' lang='lat' dir='ltr'>corum</span> <span class='ocrx_word' id='word_1_152' title='bbox 319 2325 435 2383; x_wconf 77' lang='lat' dir='ltr'>auferri</span> <span class='ocrx_word' id='word_1_153' title='bbox 458 2331 488 2383; x_wconf 88' lang='lat' dir='ltr'>et</span> <span class='ocrx_word' id='word_1_154' title='bbox 511 2325 551 2382; x_wconf 92' lang='lat' dir='ltr'>ad</span> <span class='ocrx_word' id='word_1_155' title='bbox 575 2325 692 2383; x_wconf 90' lang='lat' dir='ltr'>dictum</span> <span class='ocrx_word' id='word_1_156' title='bbox 717 2333 853 2383; x_wconf 90' lang='lat' dir='ltr'>castrum</span> <span class='ocrx_word' id='word_1_157' title='bbox 877 2326 997 2383; x_wconf 91' lang='lat' dir='ltr'>Medwe</span> <span class='ocrx_word' id='word_1_158' title='bbox 1019 2325 1131 2383; x_wconf 89' lang='lat' dir='ltr'>deduci</span> <span class='ocrx_word' id='word_1_159' title='bbox 1154 2331 1184 2382; x_wconf 92' lang='lat' dir='ltr'>et</span> <span class='ocrx_word' id='word_1_160' title='bbox 1215 2325 1342 2399; x_wconf 91' lang='lat' dir='ltr'>depelli,</span> <span class='ocrx_word' id='word_1_161' title='bbox 1377 2339 1450 2382; x_wconf 92' lang='lat' dir='ltr'>non·</span> 
     </span>
     <span class='ocr_line' id='line_1_19' title="bbox 135 2430 1452 2512; baseline -0.001 -24"><span class='ocrx_word' id='word_1_162' title='bbox 135 2508 137 2512; x_wconf 10' lang='grc' dir='ltr'><em>Α</em></span> <span class='ocrx_word' id='word_1_163' title='bbox 184 2432 350 2503; x_wconf 85' lang='lat' dir='ltr'>nullosque</span> <span class='ocrx_word' id='word_1_164' title='bbox 373 2431 514 2489; x_wconf 89' lang='lat' dir='ltr'>homines</span> <span class='ocrx_word' id='word_1_165' title='bbox 538 2437 568 2487; x_wconf 88' lang='lat' dir='ltr'>et</span> <span class='ocrx_word' id='word_1_166' title='bbox 583 2432 667 2489; x_wconf 86' lang='lat' dir='ltr'>cives</span> <span class='ocrx_word' id='word_1_167' title='bbox 691 2446 727 2488; x_wconf 87' lang='lat' dir='ltr'>ac</span> <span class='ocrx_word' id='word_1_168' title='bbox 747 2432 938 2489; x_wconf 85' lang='lat' dir='ltr'>habitatores</span> <span class='ocrx_word' id='word_1_169' title='bbox 962 2431 1043 2489; x_wconf 92' lang='lat' dir='ltr'>dicte</span> <span class='ocrx_word' id='word_1_170' title='bbox 1066 2431 1200 2489; x_wconf 88' lang='lat' dir='ltr'>civitatis</span> <span class='ocrx_word' id='word_1_171' title='bbox 1234 2430 1389 2503; x_wconf 89' lang='lat' dir='ltr'>captivari</span> <span class='ocrx_word' id='word_1_172' title='bbox 1423 2435 1452 2488; x_wconf 89' lang='lat' dir='ltr'>et</span> 
     </span>
     <span class='ocr_line' id='line_1_20' title="bbox 186 2537 1448 2611; baseline -0.001 -16"><span class='ocrx_word' id='word_1_173' title='bbox 186 2537 310 2595; x_wconf 90' lang='lat' dir='ltr'>tandem</span> <span class='ocrx_word' id='word_1_174' title='bbox 334 2537 508 2608; x_wconf 87' lang='lat' dir='ltr'>vulnerari;</span> <span class='ocrx_word' id='word_1_175' title='bbox 533 2537 703 2595; x_wconf 93' lang='lat' dir='ltr'>ultimatim</span> <span class='ocrx_word' id='word_1_176' title='bbox 727 2538 880 2610; x_wconf 92' lang='lat' dir='ltr'>impetum</span> <span class='ocrx_word' id='word_1_177' title='bbox 906 2552 1055 2609; x_wconf 90' lang='lat' dir='ltr'>magnum</span> <span class='ocrx_word' id='word_1_178' title='bbox 1084 2537 1117 2595; x_wconf 93' lang='lat' dir='ltr'>in</span> <span class='ocrx_word' id='word_1_179' title='bbox 1146 2537 1232 2611; x_wconf 91' lang='lat' dir='ltr'>ipsos</span> <span class='ocrx_word' id='word_1_180' title='bbox 1263 2537 1348 2594; x_wconf 90' lang='lat' dir='ltr'>cives</span> <span class='ocrx_word' id='word_1_181' title='bbox 1379 2552 1448 2594; x_wconf 91' lang='lat' dir='ltr'>curn</span> 
     </span>
     <span class='ocr_line' id='line_1_21' title="bbox 185 2642 1451 2717; baseline -0.001 -17"><span class='ocrx_word' id='word_1_182' title='bbox 185 2645 329 2716; x_wconf 87' lang='lat' dir='ltr'>clangore</span> <span class='ocrx_word' id='word_1_183' title='bbox 352 2644 555 2700; x_wconf 83' lang='lat' dir='ltr'>buccinarum</span> <span class='ocrx_word' id='word_1_184' title='bbox 587 2658 673 2700; x_wconf 91' lang='lat' dir='ltr'>more</span> <span class='ocrx_word' id='word_1_185' title='bbox 705 2644 885 2700; x_wconf 90' lang='lat' dir='ltr'>exercituali</span> <span class='ocrx_word' id='word_1_186' title='bbox 919 2643 995 2714; x_wconf 91' lang='lat' dir='ltr'>fieri,</span> <span class='ocrx_word' id='word_1_187' title='bbox 1030 2643 1135 2717; x_wconf 91' lang='lat' dir='ltr'>ibique</span> <span class='ocrx_word' id='word_1_188' title='bbox 1170 2642 1378 2717; x_wconf 89' lang='lat' dir='ltr'>quamplures</span> <span class='ocrx_word' id='word_1_189' title='bbox 1414 2659 1451 2699; x_wconf 88' lang='lat' dir='ltr'>ex</span> 
     </span>
     <span class='ocr_line' id='line_1_22' title="bbox 184 2748 1447 2820; baseline 0 -14"><span class='ocrx_word' id='word_1_190' title='bbox 184 2749 300 2806; x_wconf 89' lang='lat' dir='ltr'>eisdem</span> <span class='ocrx_word' id='word_1_191' title='bbox 324 2749 537 2806; x_wconf 87' lang='lat' dir='ltr'>crudelissima</span> <span class='ocrx_word' id='word_1_192' title='bbox 562 2756 662 2806; x_wconf 87' lang='lat' dir='ltr'>morte</span> <span class='ocrx_word' id='word_1_193' title='bbox 683 2748 813 2806; x_wconf 89' lang='lat' dir='ltr'>interfici</span> <span class='ocrx_word' id='word_1_194' title='bbox 837 2755 866 2806; x_wconf 87' lang='lat' dir='ltr'>et</span> <span class='ocrx_word' id='word_1_195' title='bbox 897 2749 928 2806; x_wconf 92' lang='lat' dir='ltr'>in</span> <span class='ocrx_word' id='word_1_196' title='bbox 961 2749 1134 2806; x_wconf 92' lang='lat' dir='ltr'>multorum</span> <span class='ocrx_word' id='word_1_197' title='bbox 1168 2748 1351 2820; x_wconf 86' lang='lat' dir='ltr'>sanguinem</span> <span class='ocrx_word' id='word_1_198' title='bbox 1383 2748 1447 2806; x_wconf 92' lang='lat' dir='ltr'>lan·</span> 
     </span>
     <span class='ocr_line' id='line_1_23' title="bbox 184 2853 1449 2927; baseline -0.002 -14"><span class='ocrx_word' id='word_1_199' title='bbox 184 2870 252 2913; x_wconf 85' lang='lat' dir='ltr'>ceas</span> <span class='ocrx_word' id='word_1_200' title='bbox 275 2871 345 2912; x_wconf 91' lang='lat' dir='ltr'>suas</span> <span class='ocrx_word' id='word_1_201' title='bbox 369 2861 398 2912; x_wconf 93' lang='lat' dir='ltr'>et</span> <span class='ocrx_word' id='word_1_202' title='bbox 421 2870 558 2925; x_wconf 90' lang='lat' dir='ltr'>suorum,</span> <span class='ocrx_word' id='word_1_203' title='bbox 582 2870 617 2912; x_wconf 92' lang='lat' dir='ltr'>ac</span> <span class='ocrx_word' id='word_1_204' title='bbox 641 2855 763 2927; x_wconf 90' lang='lat' dir='ltr'>gladios</span> <span class='ocrx_word' id='word_1_205' title='bbox 787 2861 817 2911; x_wconf 91' lang='lat' dir='ltr'>et</span> <span class='ocrx_word' id='word_1_206' title='bbox 839 2854 1022 2912; x_wconf 84' lang='lat' dir='ltr'>durissimas</span> <span class='ocrx_word' id='word_1_207' title='bbox 1053 2854 1180 2927; x_wconf 86' lang='lat' dir='ltr'>sagittas</span> <span class='ocrx_word' id='word_1_208' title='bbox 1213 2853 1378 2925; x_wconf 87' lang='lat' dir='ltr'>inebriare,</span> <span class='ocrx_word' id='word_1_209' title='bbox 1419 2859 1449 2911; x_wconf 90' lang='lat' dir='ltr'>et</span> 
     </span>
     <span class='ocr_line' id='line_1_24' title="bbox 184 2960 1448 3035; baseline 0.002 -18"><span class='ocrx_word' id='word_1_210' title='bbox 184 2961 291 3034; x_wconf 91' lang='lat' dir='ltr'>plures</span> <span class='ocrx_word' id='word_1_211' title='bbox 315 2962 494 3019; x_wconf 89' lang='lat' dir='ltr'>vulneratos</span> <span class='ocrx_word' id='word_1_212' title='bbox 517 2962 669 3035; x_wconf 87' lang='lat' dir='ltr'>captivari</span> <span class='ocrx_word' id='word_1_213' title='bbox 692 2966 722 3018; x_wconf 97' lang='lat' dir='ltr'>et</span> <span class='ocrx_word' id='word_1_214' title='bbox 745 2967 862 3034; x_wconf 86' lang='lat' dir='ltr'>captos,</span> <span class='ocrx_word' id='word_1_215' title='bbox 879 2960 983 3032; x_wconf 88' lang='lat' dir='ltr'>ligatis</span> <span class='ocrx_word' id='word_1_216' title='bbox 1006 2976 1023 3017; x_wconf 92' lang='lat' dir='ltr'>a</span> <span class='ocrx_word' id='word_1_217' title='bbox 1047 2967 1134 3033; x_wconf 89' lang='lat' dir='ltr'>tergo</span> <span class='ocrx_word' id='word_1_218' title='bbox 1157 2960 1303 3018; x_wconf 89' lang='lat' dir='ltr'>manibus</span> <span class='ocrx_word' id='word_1_219' title='bbox 1336 2965 1368 3019; x_wconf 84' lang='lat' dir='ltr'>et</span> <span class='ocrx_word' id='word_1_220' title='bbox 1390 2960 1448 3019; x_wconf 93' lang='lat' dir='ltr'>sub</span> 
     </span>
     <span class='ocr_line' id='line_1_25' title="bbox 184 3066 1447 3142; baseline 0.001 -19"><span class='ocrx_word' id='word_1_221' title='bbox 184 3068 271 3140; x_wconf 91' lang='lat' dir='ltr'>equis</span> <span class='ocrx_word' id='word_1_222' title='bbox 299 3067 441 3141; x_wconf 90' lang='lat' dir='ltr'>pedibus,</span> <span class='ocrx_word' id='word_1_223' title='bbox 466 3068 503 3125; x_wconf 91' lang='lat' dir='ltr'>ad</span> <span class='ocrx_word' id='word_1_224' title='bbox 530 3068 647 3125; x_wconf 90' lang='lat' dir='ltr'>dictum</span> <span class='ocrx_word' id='word_1_225' title='bbox 669 3077 804 3125; x_wconf 89' lang='lat' dir='ltr'>castrum</span> <span class='ocrx_word' id='word_1_226' title='bbox 826 3067 946 3124; x_wconf 84' lang='lat' dir='ltr'>Medwe</span> <span class='ocrx_word' id='word_1_227' title='bbox 968 3066 1079 3124; x_wconf 90' lang='lat' dir='ltr'>deduci</span> <span class='ocrx_word' id='word_1_228' title='bbox 1102 3066 1223 3124; x_wconf 84' lang='lat' dir='ltr'>lecisset</span> <span class='ocrx_word' id='word_1_229' title='bbox 1246 3070 1277 3124; x_wconf 86' lang='lat' dir='ltr'>er</span> <span class='ocrx_word' id='word_1_230' title='bbox 1306 3068 1447 3142; x_wconf 85' lang='lat' dir='ltr'>captivos</span> 
     </span>
     <span class='ocr_line' id='line_1_26' title="bbox 183 3170 1449 3249; baseline -0.001 -18"><span class='ocrx_word' id='word_1_231' title='bbox 183 3179 300 3232; x_wconf 89' lang='lat' dir='ltr'>teneret</span> <span class='ocrx_word' id='word_1_232' title='bbox 324 3176 421 3232; x_wconf 89' lang='lat' dir='ltr'>eciam</span> <span class='ocrx_word' id='word_1_233' title='bbox 446 3175 484 3232; x_wconf 90' lang='lat' dir='ltr'>de</span> <span class='ocrx_word' id='word_1_234' title='bbox 509 3177 652 3248; x_wconf 90' lang='lat' dir='ltr'>presenti,</span> <span class='ocrx_word' id='word_1_235' title='bbox 677 3192 715 3232; x_wconf 87' lang='lat' dir='ltr'>ex</span> <span class='ocrx_word' id='word_1_236' title='bbox 739 3176 853 3248; x_wconf 88' lang='lat' dir='ltr'>quibus</span> <span class='ocrx_word' id='word_1_237' title='bbox 876 3175 1001 3247; x_wconf 91' lang='lat' dir='ltr'>triginta</span> <span class='ocrx_word' id='word_1_238' title='bbox 1025 3175 1077 3231; x_wconf 92' lang='lat' dir='ltr'>vel</span> <span class='ocrx_word' id='word_1_239' title='bbox 1109 3174 1215 3248; x_wconf 88' lang='lat' dir='ltr'>plures</span> <span class='ocrx_word' id='word_1_240' title='bbox 1248 3170 1313 3248; x_wconf 86' lang='lat' dir='ltr'>jam</span> <span class='ocrx_word' id='word_1_241' title='bbox 1345 3174 1449 3249; x_wconf 88' lang='lat' dir='ltr'>perhi-</span> 
     </span>
     <span class='ocr_line' id='line_1_27' title="bbox 183 3280 1446 3356; baseline 0 -19"><span class='ocrx_word' id='word_1_242' title='bbox 183 3281 297 3338; x_wconf 87' lang='lat' dir='ltr'>bentur</span> <span class='ocrx_word' id='word_1_243' title='bbox 320 3280 465 3351; x_wconf 86' lang='lat' dir='ltr'>defuncti,</span> <span class='ocrx_word' id='word_1_244' title='bbox 489 3282 630 3355; x_wconf 89' lang='lat' dir='ltr'>potencia</span> <span class='ocrx_word' id='word_1_245' title='bbox 665 3282 829 3352; x_wconf 88' lang='lat' dir='ltr'>mediante,</span> <span class='ocrx_word' id='word_1_246' title='bbox 853 3282 884 3339; x_wconf 93' lang='lat' dir='ltr'>in</span> <span class='ocrx_word' id='word_1_247' title='bbox 908 3281 1115 3356; x_wconf 89' lang='lat' dir='ltr'>preiudicium</span> <span class='ocrx_word' id='word_1_248' title='bbox 1139 3280 1220 3339; x_wconf 90' lang='lat' dir='ltr'>dicte</span> <span class='ocrx_word' id='word_1_249' title='bbox 1242 3280 1379 3338; x_wconf 86' lang='lat' dir='ltr'>civitatis</span> <span class='ocrx_word' id='word_1_250' title='bbox 1400 3295 1446 3338; x_wconf 90' lang='lat' dir='ltr'>re·</span> 
     </span>
     <span class='ocr_line' id='line_1_28' title="bbox 183 3385 1448 3460; baseline 0 -17"><span class='ocrx_word' id='word_1_251' title='bbox 183 3388 262 3459; x_wconf 90' lang='lat' dir='ltr'>galis</span> <span class='ocrx_word' id='word_1_252' title='bbox 286 3403 320 3444; x_wconf 86' lang='lat' dir='ltr'>ac</span> <span class='ocrx_word' id='word_1_253' title='bbox 343 3388 432 3459; x_wconf 87' lang='lat' dir='ltr'>regni</span> <span class='ocrx_word' id='word_1_254' title='bbox 455 3394 486 3443; x_wconf 92' lang='lat' dir='ltr'>et</span> <span class='ocrx_word' id='word_1_255' title='bbox 508 3387 681 3460; x_wconf 90' lang='lat' dir='ltr'>dampnum</span> <span class='ocrx_word' id='word_1_256' title='bbox 713 3387 895 3446; x_wconf 89' lang='lat' dir='ltr'>eorumdem</span> <span class='ocrx_word' id='word_1_257' title='bbox 919 3387 1012 3445; x_wconf 87' lang='lat' dir='ltr'>valde</span> <span class='ocrx_word' id='word_1_258' title='bbox 1046 3402 1207 3459; x_wconf 86' lang='lat' dir='ltr'>magnum.</span> <span class='ocrx_word' id='word_1_259' title='bbox 1240 3386 1360 3444; x_wconf 89' lang='lat' dir='ltr'>Datum</span> <span class='ocrx_word' id='word_1_260' title='bbox 1394 3385 1448 3443; x_wconf 91' lang='lat' dir='ltr'>Za·</span> 
     </span>
     <span class='ocr_line' id='line_1_29' title="bbox 182 3492 1448 3567; baseline -0.001 -19"><span class='ocrx_word' id='word_1_261' title='bbox 182 3493 290 3563; x_wconf 88' lang='lat' dir='ltr'>grabie</span> <span class='ocrx_word' id='word_1_262' title='bbox 314 3492 389 3549; x_wconf 83' lang='lat' dir='ltr'>feria</span> <span class='ocrx_word' id='word_1_263' title='bbox 412 3500 497 3549; x_wconf 90' lang='lat' dir='ltr'>sexta</span> <span class='ocrx_word' id='word_1_264' title='bbox 521 3495 665 3567; x_wconf 84' lang='lat' dir='ltr'>proxima</span> <span class='ocrx_word' id='word_1_265' title='bbox 688 3502 757 3551; x_wconf 89' lang='lat' dir='ltr'>ante</span> <span class='ocrx_word' id='word_1_266' title='bbox 774 3493 886 3551; x_wconf 83' lang='lat' dir='ltr'>festum</span> <span class='ocrx_word' id='word_1_267' title='bbox 903 3493 1133 3551; x_wconf 89' lang='lat' dir='ltr'>Purificacionis</span> <span class='ocrx_word' id='word_1_268' title='bbox 1149 3493 1279 3565; x_wconf 85' lang='lat' dir='ltr'>virginis</span> <span class='ocrx_word' id='word_1_269' title='bbox 1304 3493 1448 3565; x_wconf 89' lang='lat' dir='ltr'>gloriose.</span> 
     </span>
     <span class='ocr_line' id='line_1_30' title="bbox 182 3597 1250 3672; baseline 0.004 -20"><span class='ocrx_word' id='word_1_270' title='bbox 182 3597 272 3654; x_wconf 85' lang='lat' dir='ltr'>Anno</span> <span class='ocrx_word' id='word_1_271' title='bbox 295 3597 413 3654; x_wconf 91' lang='lat' dir='ltr'>domini</span> <span class='ocrx_word' id='word_1_272' title='bbox 436 3598 604 3656; x_wconf 89' lang='lat' dir='ltr'>millesimo</span> <span class='ocrx_word' id='word_1_273' title='bbox 627 3600 930 3672; x_wconf 87' lang='lat' dir='ltr'>quadringentesimo</span> <span class='ocrx_word' id='word_1_274' title='bbox 954 3599 1109 3655; x_wconf 89' lang='lat' dir='ltr'>tricesimo</span> <span class='ocrx_word' id='word_1_275' title='bbox 1132 3604 1250 3656; x_wconf 85' lang='lat' dir='ltr'>octavo.</span> 
     </span>
    </p>
   </div>
   <div class='ocr_carea' id='block_1_2' title="bbox 287 3747 1446 3819">
    <p class='ocr_par' dir='ltr' id='par_1_3' title="bbox 287 3747 1446 3819">
     <span class='ocr_line' id='line_1_31' title="bbox 287 3747 1446 3819; baseline 0.005 -24"><span class='ocrx_word' id='word_1_276' title='bbox 287 3750 325 3799; x_wconf 86' lang='lat' dir='ltr'>Iv.</span> <span class='ocrx_word' id='word_1_277' title='bbox 346 3747 516 3813; x_wconf 81' lang='lat' dir='ltr'>Kukuljevid.</span> <span class='ocrx_word' id='word_1_278' title='bbox 542 3752 627 3801; x_wconf 85' lang='lat' dir='ltr'>Arkiv</span> <span class='ocrx_word' id='word_1_279' title='bbox 652 3769 681 3801; x_wconf 88' lang='lat' dir='ltr'>za</span> <span class='ocrx_word' id='word_1_280' title='bbox 707 3753 868 3817; x_wconf 82' lang='lat' dir='ltr'>povjestnicu</span> <span class='ocrx_word' id='word_1_281' title='bbox 891 3751 1102 3816; x_wconf 84' lang='lat' dir='ltr'>jugoslavensku,</span> <span class='ocrx_word' id='word_1_282' title='bbox 1121 3751 1175 3816; x_wconf 85' lang='lat' dir='ltr'>knj.</span> <span class='ocrx_word' id='word_1_283' title='bbox 1194 3753 1247 3803; x_wconf 86' lang='lat'>111.</span> <span class='ocrx_word' id='word_1_284' title='bbox 1267 3758 1311 3800; x_wconf 84' lang='lat' dir='ltr'>str.</span> <span class='ocrx_word' id='word_1_285' title='bbox 1332 3763 1446 3819; x_wconf 78' lang='lat'><strong>94-95.</strong></span> 
     </span>
    </p>
   </div>
   <div class='ocr_carea' id='block_1_3' title="bbox 790 3999 860 4068">
    <p class='ocr_par' dir='ltr' id='par_1_4' title="bbox 790 3999 860 4068">
     <span class='ocr_line' id='line_1_32' title="bbox 790 3999 860 4068; baseline 0.014 -1"><span class='ocrx_word' id='word_1_286' title='bbox 790 3999 860 4068; x_wconf 87' lang='lat'>114.</span> 
     </span>
    </p>
   </div>
   <div class='ocr_carea' id='block_1_4' title="bbox 287 4156 791 4222">
    <p class='ocr_par' dir='ltr' id='par_1_5' title="bbox 287 4156 791 4222">
     <span class='ocr_line' id='line_1_33' title="bbox 287 4156 791 4222; baseline 0.01 -17"><span class='ocrx_word' id='word_1_287' title='bbox 287 4156 367 4206; x_wconf 86' lang='lat' dir='ltr'>Anno</span> <span class='ocrx_word' id='word_1_288' title='bbox 391 4160 464 4221; x_wconf 83' lang='lat'>1438,</span> <span class='ocrx_word' id='word_1_289' title='bbox 485 4169 525 4222; x_wconf 82' lang='lat'>24.</span> <span class='ocrx_word' id='word_1_290' title='bbox 545 4159 674 4210; x_wconf 78' lang='lat' dir='ltr'>februarii.</span> <span class='ocrx_word' id='word_1_291' title='bbox 695 4161 791 4211; x_wconf 83' lang='lat' dir='ltr'>Budae.</span> 
     </span>
    </p>
   </div>
   <div class='ocr_carea' id='block_1_5' title="bbox 176 4284 1445 4580">
    <p class='ocr_par' dir='ltr' id='par_1_6' title="bbox 176 4284 1445 4580">
     <span class='ocr_line' id='line_1_34' title="bbox 187 4284 1445 4367; baseline 0.009 -26"><span class='ocrx_word' id='word_1_292' title='bbox 187 4284 291 4341; x_wconf 80' lang='lat' dir='ltr'>Coram</span> <span class='ocrx_word' id='word_1_293' title='bbox 313 4285 432 4343; x_wconf 79' lang='lat' dir='ltr'>Alberto</span> <span class='ocrx_word' id='word_1_294' title='bbox 454 4286 631 4359; x_wconf 67' lang='lat' dir='ltr'>Hungarrire</span> <span class='ocrx_word' id='word_1_295' title='bbox 652 4295 699 4344; x_wconf 85' lang='lat' dir='ltr'>etc.</span> <span class='ocrx_word' id='word_1_296' title='bbox 722 4307 794 4359; x_wconf 71' lang='lat' dir='ltr'>rege,</span> <span class='ocrx_word' id='word_1_297' title='bbox 827 4288 950 4360; x_wconf 86' lang='lat' dir='ltr'>Ulrrcus,</span> <span class='ocrx_word' id='word_1_298' title='bbox 973 4308 1065 4349; x_wconf 81' lang='lat' dir='ltr'>comes</span> <span class='ocrx_word' id='word_1_299' title='bbox 1093 4290 1199 4367; x_wconf 77' lang='lat' dir='ltr'>Cileae,</span> <span class='ocrx_word' id='word_1_300' title='bbox 1221 4299 1250 4349; x_wconf 83' lang='lat' dir='ltr'>et</span> <span class='ocrx_word' id='word_1_301' title='bbox 1279 4293 1372 4366; x_wconf 76' lang='lat' dir='ltr'>legati</span> <span class='ocrx_word' id='word_1_302' title='bbox 1401 4312 1445 4352; x_wconf 83' lang='lat' dir='ltr'>ca·</span> 
     </span>
     <span class='ocr_line' id='line_1_35' title="bbox 176 4391 1445 4473; baseline 0.008 -27"><span class='ocrx_word' id='word_1_303' title='bbox 176 4391 268 4465; x_wconf 80' lang='lat' dir='ltr'>pituli</span> <span class='ocrx_word' id='word_1_304' title='bbox 286 4398 315 4447; x_wconf 82' lang='lat' dir='ltr'>et</span> <span class='ocrx_word' id='word_1_305' title='bbox 335 4393 542 4450; x_wconf 74' lang='lat' dir='ltr'>cormnurritatis</span> <span class='ocrx_word' id='word_1_306' title='bbox 565 4395 689 4451; x_wconf 81' lang='lat' dir='ltr'>ciru&#39;latis</span> <span class='ocrx_word' id='word_1_307' title='bbox 711 4397 915 4467; x_wconf 67' lang='lat' dir='ltr'>assentientur,</span> <span class='ocrx_word' id='word_1_308' title='bbox 939 4403 973 4453; x_wconf 84' lang='lat' dir='ltr'>ut</span> <span class='ocrx_word' id='word_1_309' title='bbox 993 4398 1030 4455; x_wconf 76' lang='lat' dir='ltr'>lis</span> <span class='ocrx_word' id='word_1_310' title='bbox 1052 4398 1087 4456; x_wconf 83' lang='lat' dir='ltr'>de</span> <span class='ocrx_word' id='word_1_311' title='bbox 1109 4399 1230 4473; x_wconf 80' lang='lat' dir='ltr'>injuriis</span> <span class='ocrx_word' id='word_1_312' title='bbox 1253 4417 1273 4455; x_wconf 85' lang='lat' dir='ltr'>a</span> <span class='ocrx_word' id='word_1_313' title='bbox 1305 4395 1445 4460; x_wconf 76' lang='lat' dir='ltr'>Wlltelmo</span> 
     </span>
     <span class='ocr_line' id='line_1_36' title="bbox 330 4497 1291 4580; baseline 0.01 -27"><span class='ocrx_word' id='word_1_314' title='bbox 330 4499 485 4555; x_wconf 80' lang='lat' dir='ltr'>castellano</span> <span class='ocrx_word' id='word_1_315' title='bbox 500 4500 593 4575; x_wconf 82' lang='lat' dir='ltr'>factis</span> <span class='ocrx_word' id='word_1_316' title='bbox 615 4497 661 4559; x_wconf 83' lang='lat' dir='ltr'>ad</span> <span class='ocrx_word' id='word_1_317' title='bbox 680 4502 796 4558; x_wconf 80' lang='lat' dir='ltr'>tabulae</span> <span class='ocrx_word' id='word_1_318' title='bbox 818 4503 932 4560; x_wconf 73' lang='lat' dir='ltr'>barralis</span> <span class='ocrx_word' id='word_1_319' title='bbox 955 4505 1111 4564; x_wconf 79' lang='lat' dir='ltr'>arbitrium</span> <span class='ocrx_word' id='word_1_320' title='bbox 1133 4507 1291 4580; x_wconf 81' lang='lat' dir='ltr'>reseratur.</span> 
     </span>
    </p>
   </div>
   <div class='ocr_carea' id='block_1_6' title="bbox 181 4641 1447 4939">
    <p class='ocr_par' dir='ltr' id='par_1_7' title="bbox 181 4641 1447 4939">
     <span class='ocr_line' id='line_1_37' title="bbox 289 4641 1445 4722; baseline 0.01 -23"><span class='ocrx_word' id='word_1_321' title='bbox 289 4641 352 4698; x_wconf 89' lang='lat' dir='ltr'>Nos</span> <span class='ocrx_word' id='word_1_322' title='bbox 383 4643 532 4702; x_wconf 88' lang='lat' dir='ltr'>Albertus</span> <span class='ocrx_word' id='word_1_323' title='bbox 563 4644 611 4703; x_wconf 90' lang='lat' dir='ltr'>dei</span> <span class='ocrx_word' id='word_1_324' title='bbox 644 4647 748 4719; x_wconf 89' lang='lat' dir='ltr'>gracia</span> <span class='ocrx_word' id='word_1_325' title='bbox 776 4663 831 4705; x_wconf 82' lang='lat' dir='ltr'>rex</span> <span class='ocrx_word' id='word_1_326' title='bbox 855 4648 1021 4722; x_wconf 82' lang='lat' dir='ltr'>ilungarie,</span> <span class='ocrx_word' id='word_1_327' title='bbox 1045 4650 1214 4721; x_wconf 90' lang='lat' dir='ltr'>Dalmacie,</span> <span class='ocrx_word' id='word_1_328' title='bbox 1237 4649 1367 4710; x_wconf 90' lang='lat' dir='ltr'>Croacie</span> <span class='ocrx_word' id='word_1_329' title='bbox 1390 4658 1445 4712; x_wconf 89' lang='lat' dir='ltr'>etc</span> 
     </span>
     <span class='ocr_line' id='line_1_38' title="bbox 181 4747 1443 4823; baseline 0.012 -20"><span class='ocrx_word' id='word_1_330' title='bbox 181 4747 366 4820; x_wconf 76' lang='lat' dir='ltr'>Austrisque</span> <span class='ocrx_word' id='word_1_331' title='bbox 389 4755 419 4806; x_wconf 90' lang='lat' dir='ltr'>et</span> <span class='ocrx_word' id='word_1_332' title='bbox 441 4748 531 4808; x_wconf 90' lang='lat' dir='ltr'>Stirie</span> <span class='ocrx_word' id='word_1_333' title='bbox 554 4750 626 4823; x_wconf 85' lang='lat' dir='ltr'>dux,</span> <span class='ocrx_word' id='word_1_334' title='bbox 649 4767 767 4810; x_wconf 89' lang='lat' dir='ltr'>necnon</span> <span class='ocrx_word' id='word_1_335' title='bbox 791 4755 928 4812; x_wconf 87' lang='lat' dir='ltr'>marchio</span> <span class='ocrx_word' id='word_1_336' title='bbox 951 4756 1097 4815; x_wconf 89' lang='lat' dir='ltr'>Morauie.</span> <span class='ocrx_word' id='word_1_337' title='bbox 1120 4757 1270 4816; x_wconf 76' lang='lat' dir='ltr'>Memoris</span> <span class='ocrx_word' id='word_1_338' title='bbox 1285 4772 1443 4818; x_wconf 88' lang='lat' dir='ltr'>commen·</span> 
     </span>
     <span class='ocr_line' id='line_1_39' title="bbox 182 4851 1447 4939; baseline 0.013 -30"><span class='ocrx_word' id='word_1_339' title='bbox 182 4851 292 4910; x_wconf 90' lang='lat' dir='ltr'>damus</span> <span class='ocrx_word' id='word_1_340' title='bbox 318 4870 372 4929; x_wconf 90' lang='lat' dir='ltr'>per</span> <span class='ocrx_word' id='word_1_341' title='bbox 395 4863 560 4930; x_wconf 85' lang='lat' dir='ltr'>presentes,</span> <span class='ocrx_word' id='word_1_342' title='bbox 592 4859 676 4932; x_wconf 90' lang='lat' dir='ltr'>quod</span> <span class='ocrx_word' id='word_1_343' title='bbox 707 4857 810 4916; x_wconf 90' lang='lat' dir='ltr'>fidelis</span> <span class='ocrx_word' id='word_1_344' title='bbox 840 4870 944 4920; x_wconf 90' lang='lat' dir='ltr'>noster</span> <span class='ocrx_word' id='word_1_345' title='bbox 973 4862 1105 4922; x_wconf 90' lang='lat' dir='ltr'>illustris</span> <span class='ocrx_word' id='word_1_346' title='bbox 1140 4863 1284 4939; x_wconf 89' lang='lat' dir='ltr'>princeps</span> <span class='ocrx_word' id='word_1_347' title='bbox 1319 4865 1447 4926; x_wconf 87' lang='lat' dir='ltr'>Vlricus</span> 
     </span>
    </p>
   </div>
   <div class='ocr_carea' id='block_1_7' title="bbox 0 0 1644 5348">
    <p class='ocr_par' dir='ltr' id='par_1_8' title="bbox 0 0 1644 5348">
     <span class='ocr_line' id='line_1_40' title="bbox 0 0 1644 5348; baseline 0 3"><span class='ocrx_word' id='word_1_348' title='bbox 0 0 1644 5348; x_wconf 95' lang='lat' dir='ltr'> </span> 
     </span>
    </p>
   </div>
  </div>
 </body>
</html>
