3278 5348
612 447 685 504 Doc.
703 461 776 523 351·
803 480 840 492 -
867 449 923 510 An.
947 445 1038 525 1482.
1384 469 1443 527 421

180 551 226 559 —-
236 552 436 558 ——--—---
447 552 483 558 ...-

179 676 239 720 nos
264 660 383 720 facturi.
414 663 611 722 presentibus
643 662 795 736 perlectis,
832 665 990 723 exhibenti
1021 666 1177 724 restitutis.
1213 667 1329 725 Datum
1364 668 1449 727 Bude

183 769 320 826 sabbato
343 771 489 842 proximo
512 776 583 828 ante
607 768 794 827 dominicam
817 770 1113 845 Ramispalmarum.
1137 774 1362 833 Annodomini
1379 776 1450 832 rnil-

181 875 297 932 lesimo
321 875 624 948 quadringentesimo
648 877 856 948 octuagesimo
886 876 1031 936 secundo.
1063 878 1242 950 Regnorum
1272 885 1449 940 nostrorum

182 994 266 1038 anno
291 981 448 1054 ilungarie
472 989 527 1040 etc.
552 983 704 1056 vigesimo
729 982 845 1055 quinto,
869 982 1016 1041 Bohemie
1041 998 1115 1042 vero
1139 983 1314 1044 tredecimo.

584 1100 630 1149 Ad
649 1100 802 1149 relacionem
820 1101 921 1150 Thome
939 1103 972 1150 de
990 1101 1102 1153 Erdewd
1122 1103 1247 1168 prepositi
1265 1104 1416 1157 'sitalensis

294 1240 428 1303 Originale
445 1242 472 1290 in
491 1241 586 1291 charta.
607 1243 638 1290 In
658 1243 772 1306 margine
791 1244 906 1293 interiori
924 1245 1077 1309 impressum
1096 1252 1134 1294 est
1154 1245 1268 1310 sigillum
1295 1248 1326 1295 In
1339 1245 1453 1296 archivio

182 1329 230 1379 lib.
252 1344 304 1392 reg.
323 1330 393 1381 civit.
412 1330 512 1393 zagrab.

786 1580 866 1646 331.

295 1737 375 1786 Anno
398 1738 471 1800 1482,
495 1750 521 1786 11
552 1737 625 1802 Julii.
647 1740 761 1790 Posonii.

189 1880 339 1949 Mathias,
371 1882 550 1955 Hungariae
579 1890 628 1944 etc.
653 1902 716 1953 rex,
747 1885 848 1942 Blasio
871 1885 1000 1960 Magyar
1020 1886 1094 1944 bano
1116 1904 1151 1944 ac
1172 1888 1331 1944 Baltasari
1350 1888 1453 1945 Baton

188 1995 220 2046 et
242 1987 331 2044 Petro
362 1987 477 2064 Boc'kaj
504 1989 644 2046 nobilibus
677 1990 827 2060 interdicit,
857 2011 893 2048 ire
922 2010 942 2043 a
972 1992 1081 2050 cibibus
1099 1993 1216 2067 zagrab.
1240 1994 1377 2051 tributum
1393 2002 1453 2067 pro

599 2114 689 2154 merce
704 2104 821 2170 petant,
842 2116 912 2155 neve
934 2100 1061 2172 exigant.

895 2238 1049 2288 Commissio
1068 2240 1172 2304 propria
1189 2239 1287 2289 domini
1307 2240 1382 2304 regis.

299 2346 428 2404 liathias
452 2344 500 2405 dei
516 2349 618 2420 gracia
634 2364 689 2407 rex
709 2350 875 2422 ilungarie,
899 2350 1044 2410 Bohemie
1067 2357 1123 2410 etc.
1146 2351 1246 2410 Fideli
1268 2356 1374 2410 nostro
1390 2366 1456 2408 ma-

189 2452 304 2525 gnifico
329 2452 430 2509 Blasio
454 2453 591 2525 Magyar,
607 2469 773 2527 regnorum
787 2462 962 2514 nostrorum
987 2457 1167 2529 Dalmacie,
1179 2456 1306 2515 Croacie
1327 2463 1357 2515 et
1373 2455 1456 2514 Scla-

190 2559 282 2618 uonie
306 2559 388 2616 bano
417 2565 471 2617 etc.
503 2560 636 2618 salutem
667 2568 698 2618 et
726 2562 871 2634 graciam.
896 2563 940 2619 Ex
964 2563 1090 2635 quercia
1123 2577 1182 2637 pro
1205 2568 1293 2636 parte
1316 2561 1458 2620 fidelium

190 2671 370 2724 nostrorum
403 2665 592 2739 prudentum
623 2672 653 2724 et
675 2668 971 2740 circumspectorum
991 2666 1113 2742 judicis,
1135 2666 1318 2744 juratorum,
1341 2673 1458 2726 cetero-

191 2786 326 2844 rumque
350 2772 466 2830 civium
490 2778 519 2830 et
542 2773 718 2831 incolarum
740 2773 873 2832 civitatis
896 2779 1001 2832 nostre
1025 2776 1139 2833 montis
1162 2774 1332 2844 Grecensis,
1363 2774 1458 2831 maie·

192 2875 264 2935 stati
287 2881 392 2935 nostre
409 2883 550 2950 porrecta
565 2878 785 2948 intelleximus,
804 2878 887 2952 quod
904 2880 1049 2952 quamvis
1072 2881 1132 2954 ipsi
1156 2880 1281 2953 antiqua
1305 2879 1459 2938 libertatis

193 2998 303 3042 eorum
327 2984 525 3056 prerogativa
541 2985 717 3056 requirente
733 2984 786 3042 sed
810 2990 840 3042 et
855 2992 961 3043 nostro
977 3000 1012 3042 ac
1035 2985 1228 3060 prelatorum
1251 2990 1282 3043 et
1297 2985 1459 3056 baronum,

194 3095 431 3162 ceterorumque
459 3091 546 3163 regni
569 3091 666 3148 nostri
682 3088 820 3166 judicum
844 3092 1080 3163 ordinariorum,
1105 3093 1134 3150 in
1159 3093 1276 3150 octavis
1300 3090 1369 3150 festi
1390 3092 1461 3166 Epi·

195 3196 384 3271 phaniarurn
417 3195 535 3254 domini
559 3197 702 3269 proxime
726 3198 864 3270 preteriti
887 3197 1047 3256 iudiciaria
1071 3196 1298 3256 deliberacione
1319 3196 1456 3270 idipsum

197 3301 397 3376 approbante
436 3307 467 3358 et
505 3300 716 3373 confirmante,
740 3303 780 3360 ab
816 3304 900 3362 omni
935 3304 1092 3362 solucione
1127 3303 1290 3361 tributaria
1325 3304 1458 3361 ubilibet

195 3423 253 3483 per
275 3423 407 3480 regnum
431 3413 573 3466 nostrum
596 3406 759 3467 Selauonie
780 3411 901 3483 penitus
925 3417 954 3467 et
979 3426 1035 3483 per
1058 3410 1162 3468 omnia
1185 3409 1324 3483 exempti
1347 3410 1407 3466 sint
1430 3413 1460 3466 et

195 3514 372 3588 supportati
388 3515 570 3584 habeantur,
587 3520 690 3573 tamen
703 3515 844 3573 nonnulli
867 3514 967 3574 iorent
990 3520 1054 3573 tam
1077 3514 1259 3574 officialium
1285 3519 1462 3572 nostrorum

197 3634 293 3694 quam
318 3621 416 3678 eciam
441 3621 576 3678 aliorum
599 3620 754 3679 nobilium
777 3627 807 3679 et
830 3622 992 3680 hominum
1010 3623 1306 3696 possessionatorum
1330 3621 1361 3678 in
1378 3618 1461 3677 dicto

196 3741 293 3799 regno
316 3732 422 3784 nostro
446 3727 562 3784 tributa
586 3727 772 3784 habencium
795 3733 824 3785 et
849 3729 1023 3786 tenencium
1047 3735 1076 3785 et
1100 3734 1242 3785 notanter
1264 3727 1335 3783 bani
1359 3725 1457 3783 nostri

197 3831 363 3891 Sclauonie
386 3832 416 3889 in
441 3831 559 3905 oppido
575 3836 681 3890 nostro
704 3833 850 3905 crisiensi,
873 3848 991 3891 necnon
1008 3834 1169 3893 Baithasar
1191 3833 1230 3889 de
1255 3831 1392 3903 Bathyan
1415 3844 1463 3887 ca·

197 3940 340 4014 pitaneus
372 3939 464 3995 castri
495 3939 593 3996 nostri
627 3938 747 3996 liedwe
770 3944 801 3997 et
823 3939 932 3997 Petrus
955 3939 1108 4011 Bochlray‚
1133 3939 1187 4011 qui
1210 3936 1334 3994 eosdem
1357 3942 1465 3993 eontra

197 4043 377 4102 huiusmodi
407 4044 547 4117 ipsorum
578 4044 756 4103 libertatern
790 4045 906 4119 ubique
941 4046 972 4103 in
993 4045 1069 4102 locis
1098 4045 1285 4101 tributorum
1319 4048 1385 4099 tam
1410 4056 1464 4098 no·

198 4157 335 4209 strorum
360 4165 455 4224 quarn
472 4165 600 4209 suorum
616 4150 871 4209 ad'tributariam
894 4152 1086 4209 solucionem
1109 4150 1361 4230 astringerentet
1376 4147 1465 4219 gravi
1560 4226 1565 4235 Ι

197 4255 312 4333 injuria
343 4257 568 4330 compellerent
598 4257 629 4315 in
661 4257 868 4331 preiudicium
891 4257 1073 4316 eorumdem
1096 4257 1211 4314 civium
1235 4259 1412 4311 nostrorum
1436 4257 1467 4309 et

198 4360 389 4435 derogamen
419 4372 448 4420 et
480 4363 715 4437 oppressionem
740 4363 889 4437 premisse
912 4363 1065 4420 libertatis
1090 4363 1230 4436 ipsorum
1253 4358 1463 4416 manifestum.

197 4468 437 4543 Supplicacione
461 4471 555 4542 igitur
571 4469 764 4544 prefatorum
779 4468 890 4544 judicis
913 4476 943 4526 et
966 4471 1083 4526 civium
1095 4473 1272 4525 nostrorum
1297 4464 1465 4532 intellecta,

199 4590 272 4633 curn
295 4591 353 4632 nos
375 4575 460 4648 ipsos
483 4577 513 4633 in
530 4591 637 4633 eorum
655 4576 789 4648 antiquis
814 4573 935 4650 juribus
959 4580 988 4631 et
1012 4573 1209 4631 libertatibus
1233 4587 1289 4644 per
1311 4570 1467 4627 neminem

199 4681 321 4740 turbari
345 4685 375 4737 et
398 4682 544 4756 impediri
568 4682 712 4754 velimus,
728 4681 913 4740 mandamus
930 4688 1095 4755 propterea
1119 4677 1261 4736 fidelitati
1285 4683 1336 4734 tue
1351 4677 1464 4734 harum

202 4787 282 4845 serie
306 4786 446 4859 firmiter,
479 4797 629 4862 quatenus
653 4787 767 4846 habitis
792 4787 987 4862 presentibus
1008 4784 1122 4843 amodo
1145 4783 1289 4857 deinceps
1312 4796 1411 4854 neque
1436 4789 1468 4838 tu

200 4908 220 4953 a
256 4892 386 4970 pretatis
416 4892 528 4971 judice,
565 4896 687 4954 civibus
711 4899 741 4953 et
764 4894 874 4954 incolis
905 4893 985 4952 dicte
1020 4892 1154 4951 civitatis
1188 4898 1292 4950 nostre
1316 4887 1468 4947 tributum
