<?xml version="1.0" encoding="UTF-8"?>
<!DOCTYPE html PUBLIC "-//W3C//DTD XHTML 1.0 Transitional//EN"
    "http://www.w3.org/TR/xhtml1/DTD/xhtml1-transitional.dtd">
<html xmlns="http://www.w3.org/1999/xhtml" xml:lang="en" lang="en">
 <head>
  <title>
</title>
<meta http-equiv="Content-Type" content="text/html;charset=utf-8" />
  <meta name='ocr-system' content='tesseract 3.04.00' />
  <meta name='ocr-capabilities' content='ocr_page ocr_carea ocr_par ocr_line ocrx_word'/>
</head>
<body>
  <div class='ocr_page' id='page_1' title='image "./monumentahistor01laszgoog_0399.png"; bbox 0 0 3278 5348; ppageno 0'>
   <div class='ocr_carea' id='block_1_1' title="bbox 621 430 1461 513">
    <p class='ocr_par' dir='ltr' id='par_1_1' title="bbox 621 430 1461 513">
     <span class='ocr_line' id='line_1_1' title="bbox 621 430 1461 513; baseline 0.001 -22"><span class='ocrx_word' id='word_1_1' title='bbox 621 430 788 494; x_wconf 85' lang='lat' dir='ltr'>Doc.106.</span> <span class='ocrx_word' id='word_1_2' title='bbox 813 467 856 478; x_wconf 89' lang='lat'><em>-</em></span> <span class='ocrx_word' id='word_1_3' title='bbox 881 434 936 492; x_wconf 81' lang='lat' dir='ltr'>An.</span> <span class='ocrx_word' id='word_1_4' title='bbox 960 446 1049 512; x_wconf 74' lang='lat'><em>1437.</em></span> <span class='ocrx_word' id='word_1_5' title='bbox 1402 455 1461 513; x_wconf 82' lang='lat'>133</span> 
     </span>
    </p>
   </div>
   <div class='ocr_carea' id='block_1_2' title="bbox 181 647 1517 4974">
    <p class='ocr_par' dir='ltr' id='par_1_2' title="bbox 181 647 1517 4974">
     <span class='ocr_line' id='line_1_2' title="bbox 197 647 1464 725; baseline 0.004 -19"><span class='ocrx_word' id='word_1_6' title='bbox 197 647 335 723; x_wconf 84' lang='lat' dir='ltr'>predicte</span> <span class='ocrx_word' id='word_1_7' title='bbox 357 654 464 706; x_wconf 91' lang='lat' dir='ltr'>contra</span> <span class='ocrx_word' id='word_1_8' title='bbox 487 649 555 723; x_wconf 88' lang='lat' dir='ltr'>ipsa</span> <span class='ocrx_word' id='word_1_9' title='bbox 576 647 647 725; x_wconf 84' lang='lat' dir='ltr'>jura</span> <span class='ocrx_word' id='word_1_10' title='bbox 669 655 700 707; x_wconf 90' lang='lat' dir='ltr'>et</span> <span class='ocrx_word' id='word_1_11' title='bbox 723 649 884 708; x_wconf 84' lang='lat' dir='ltr'>libertates</span> <span class='ocrx_word' id='word_1_12' title='bbox 914 650 1057 725; x_wconf 91' lang='lat' dir='ltr'>ipsorum</span> <span class='ocrx_word' id='word_1_13' title='bbox 1081 652 1295 724; x_wconf 79' lang='lat' dir='ltr'>privilegiatus</span> <span class='ocrx_word' id='word_1_14' title='bbox 1321 667 1406 724; x_wconf 91' lang='lat' dir='ltr'>ausu,</span> <span class='ocrx_word' id='word_1_15' title='bbox 1429 658 1464 710; x_wconf 93' lang='lat' dir='ltr'>ut</span> 
     </span>
     <span class='ocr_line' id='line_1_3' title="bbox 195 754 1463 831; baseline 0.003 -19"><span class='ocrx_word' id='word_1_16' title='bbox 195 754 374 828; x_wconf 83' lang='lat' dir='ltr'>predicitur,</span> <span class='ocrx_word' id='word_1_17' title='bbox 406 755 572 813; x_wconf 91' lang='lat' dir='ltr'>temerario</span> <span class='ocrx_word' id='word_1_18' title='bbox 603 760 634 813; x_wconf 89' lang='lat' dir='ltr'>et</span> <span class='ocrx_word' id='word_1_19' title='bbox 656 756 785 829; x_wconf 87' lang='lat' dir='ltr'>propria</span> <span class='ocrx_word' id='word_1_20' title='bbox 818 770 874 813; x_wconf 92' lang='lat' dir='ltr'>sua</span> <span class='ocrx_word' id='word_1_21' title='bbox 904 756 937 814; x_wconf 93' lang='lat' dir='ltr'>vi</span> <span class='ocrx_word' id='word_1_22' title='bbox 976 755 1195 829; x_wconf 73' lang='lat' dir='ltr'>infringentem</span> <span class='ocrx_word' id='word_1_23' title='bbox 1229 757 1463 831; x_wconf 90' lang='lat' dir='ltr'>quodammodo</span> 
     </span>
     <span class='ocr_line' id='line_1_4' title="bbox 196 860 1458 938; baseline 0.003 -20"><span class='ocrx_word' id='word_1_24' title='bbox 196 875 347 934; x_wconf 87' lang='lat' dir='ltr'>agravare</span> <span class='ocrx_word' id='word_1_25' title='bbox 370 866 399 919; x_wconf 90' lang='lat' dir='ltr'>et</span> <span class='ocrx_word' id='word_1_26' title='bbox 423 867 527 919; x_wconf 88' lang='lat' dir='ltr'>tenere</span> <span class='ocrx_word' id='word_1_27' title='bbox 557 861 729 919; x_wconf 88' lang='lat' dir='ltr'>voluissent</span> <span class='ocrx_word' id='word_1_28' title='bbox 760 860 869 920; x_wconf 91' lang='lat' dir='ltr'>ordine</span> <span class='ocrx_word' id='word_1_29' title='bbox 893 867 922 920; x_wconf 91' lang='lat' dir='ltr'>et</span> <span class='ocrx_word' id='word_1_30' title='bbox 952 860 1073 937; x_wconf 90' lang='lat' dir='ltr'>justicia</span> <span class='ocrx_word' id='word_1_31' title='bbox 1097 864 1241 936; x_wconf 80' lang='lat' dir='ltr'>equitatis</span> <span class='ocrx_word' id='word_1_32' title='bbox 1272 865 1458 938; x_wconf 83' lang='lat' dir='ltr'>requirente,</span> 
     </span>
     <span class='ocr_line' id='line_1_5' title="bbox 196 966 1460 1045; baseline 0.003 -21"><span class='ocrx_word' id='word_1_33' title='bbox 196 982 213 1024; x_wconf 90' lang='lat' dir='ltr'>a</span> <span class='ocrx_word' id='word_1_34' title='bbox 233 966 334 1026; x_wconf 92' lang='lat' dir='ltr'>Paulo</span> <span class='ocrx_word' id='word_1_35' title='bbox 358 966 442 1025; x_wconf 92' lang='lat' dir='ltr'>dicto</span> <span class='ocrx_word' id='word_1_36' title='bbox 465 966 618 1025; x_wconf 81' lang='lat' dir='ltr'>Artalnolr</span> <span class='ocrx_word' id='word_1_37' title='bbox 641 968 780 1026; x_wconf 89' lang='lat' dir='ltr'>curiense</span> <span class='ocrx_word' id='word_1_38' title='bbox 803 984 856 1026; x_wconf 89' lang='lat' dir='ltr'>seu</span> <span class='ocrx_word' id='word_1_39' title='bbox 881 969 1045 1043; x_wconf 86' lang='lat' dir='ltr'>provisore</span> <span class='ocrx_word' id='word_1_40' title='bbox 1070 984 1106 1027; x_wconf 93' lang='lat' dir='ltr'>ac</span> <span class='ocrx_word' id='word_1_41' title='bbox 1128 968 1230 1045; x_wconf 87' lang='lat' dir='ltr'>judice</span> <span class='ocrx_word' id='word_1_42' title='bbox 1262 972 1346 1028; x_wconf 89' lang='lat' dir='ltr'>curie</span> <span class='ocrx_word' id='word_1_43' title='bbox 1377 972 1460 1045; x_wconf 91' lang='lat' dir='ltr'>epis·</span> 
     </span>
     <span class='ocr_line' id='line_1_6' title="bbox 195 1072 1462 1150; baseline 0.003 -19"><span class='ocrx_word' id='word_1_44' title='bbox 195 1073 314 1147; x_wconf 85' lang='lat' dir='ltr'>copalis</span> <span class='ocrx_word' id='word_1_45' title='bbox 337 1072 488 1146; x_wconf 87' lang='lat' dir='ltr'>Zagrabie</span> <span class='ocrx_word' id='word_1_46' title='bbox 509 1073 623 1143; x_wconf 90' lang='lat' dir='ltr'>habite,</span> <span class='ocrx_word' id='word_1_47' title='bbox 647 1079 850 1147; x_wconf 90' lang='lat' dir='ltr'>tamquama</span> <span class='ocrx_word' id='word_1_48' title='bbox 882 1079 982 1132; x_wconf 90' lang='lat' dir='ltr'>tutore</span> <span class='ocrx_word' id='word_1_49' title='bbox 1005 1081 1036 1132; x_wconf 89' lang='lat' dir='ltr'>et</span> <span class='ocrx_word' id='word_1_50' title='bbox 1067 1081 1242 1149; x_wconf 87' lang='lat' dir='ltr'>protectore</span> <span class='ocrx_word' id='word_1_51' title='bbox 1265 1092 1374 1134; x_wconf 92' lang='lat' dir='ltr'>eorum</span> <span class='ocrx_word' id='word_1_52' title='bbox 1405 1093 1462 1150; x_wconf 88' lang='lat' dir='ltr'>per</span> 
     </span>
     <span class='ocr_line' id='line_1_7' title="bbox 193 1178 1461 1253; baseline 0.002 -16"><span class='ocrx_word' id='word_1_53' title='bbox 193 1178 396 1252; x_wconf 86' lang='lat' dir='ltr'>magnificum</span> <span class='ocrx_word' id='word_1_54' title='bbox 421 1179 583 1237; x_wconf 91' lang='lat' dir='ltr'>dominum</span> <span class='ocrx_word' id='word_1_55' title='bbox 609 1178 809 1238; x_wconf 83' lang='lat' dir='ltr'>Mathlronem</span> <span class='ocrx_word' id='word_1_56' title='bbox 833 1180 949 1237; x_wconf 91' lang='lat' dir='ltr'>banum</span> <span class='ocrx_word' id='word_1_57' title='bbox 981 1195 1150 1253; x_wconf 88' lang='lat' dir='ltr'>regnorum</span> <span class='ocrx_word' id='word_1_58' title='bbox 1179 1181 1350 1253; x_wconf 88' lang='lat' dir='ltr'>Dalmacie,</span> <span class='ocrx_word' id='word_1_59' title='bbox 1385 1182 1461 1240; x_wconf 90' lang='lat' dir='ltr'>Cro-</span> 
     </span>
     <span class='ocr_line' id='line_1_8' title="bbox 192 1284 1461 1361; baseline 0.002 -17"><span class='ocrx_word' id='word_1_60' title='bbox 192 1286 254 1344; x_wconf 89' lang='lat' dir='ltr'>acie</span> <span class='ocrx_word' id='word_1_61' title='bbox 279 1292 309 1344; x_wconf 91' lang='lat' dir='ltr'>ct</span> <span class='ocrx_word' id='word_1_62' title='bbox 332 1287 431 1344; x_wconf 89' lang='lat' dir='ltr'>tocius</span> <span class='ocrx_word' id='word_1_63' title='bbox 468 1284 632 1344; x_wconf 90' lang='lat' dir='ltr'>Sclauonie</span> <span class='ocrx_word' id='word_1_64' title='bbox 666 1291 723 1343; x_wconf 88' lang='lat' dir='ltr'>etc.</span> <span class='ocrx_word' id='word_1_65' title='bbox 753 1285 917 1344; x_wconf 91' lang='lat' dir='ltr'>dominum</span> <span class='ocrx_word' id='word_1_66' title='bbox 947 1302 1052 1344; x_wconf 89' lang='lat' dir='ltr'>meum</span> <span class='ocrx_word' id='word_1_67' title='bbox 1083 1287 1300 1346; x_wconf 91' lang='lat' dir='ltr'>honorandum</span> <span class='ocrx_word' id='word_1_68' title='bbox 1331 1294 1361 1346; x_wconf 89' lang='lat' dir='ltr'>et</span> <span class='ocrx_word' id='word_1_69' title='bbox 1390 1304 1461 1361; x_wconf 91' lang='lat' dir='ltr'>gra-</span> 
     </span>
     <span class='ocr_line' id='line_1_9' title="bbox 193 1391 1461 1468; baseline 0.002 -18"><span class='ocrx_word' id='word_1_70' title='bbox 193 1393 311 1450; x_wconf 89' lang='lat' dir='ltr'>ciosum</span> <span class='ocrx_word' id='word_1_71' title='bbox 336 1392 412 1466; x_wconf 88' lang='lat' dir='ltr'>ipsis</span> <span class='ocrx_word' id='word_1_72' title='bbox 444 1391 611 1466; x_wconf 90' lang='lat' dir='ltr'>deputato,</span> <span class='ocrx_word' id='word_1_73' title='bbox 648 1392 709 1450; x_wconf 91' lang='lat' dir='ltr'>sibi</span> <span class='ocrx_word' id='word_1_74' title='bbox 743 1393 819 1465; x_wconf 93' lang='lat' dir='ltr'>ipsis</span> <span class='ocrx_word' id='word_1_75' title='bbox 850 1392 1017 1467; x_wconf 89' lang='lat' dir='ltr'>superinde</span> <span class='ocrx_word' id='word_1_76' title='bbox 1046 1391 1165 1468; x_wconf 89' lang='lat' dir='ltr'>justicie</span> <span class='ocrx_word' id='word_1_77' title='bbox 1196 1395 1461 1468; x_wconf 86' lang='lat' dir='ltr'>complementum</span> 
     </span>
     <span class='ocr_line' id='line_1_10' title="bbox 191 1497 1458 1573; baseline 0 -16"><span class='ocrx_word' id='word_1_78' title='bbox 191 1499 331 1573; x_wconf 89' lang='lat' dir='ltr'>inpertiri</span> <span class='ocrx_word' id='word_1_79' title='bbox 365 1499 578 1572; x_wconf 85' lang='lat' dir='ltr'>postulantes,</span> <span class='ocrx_word' id='word_1_80' title='bbox 612 1505 684 1555; x_wconf 90' lang='lat' dir='ltr'>tunc</span> <span class='ocrx_word' id='word_1_81' title='bbox 719 1497 876 1572; x_wconf 89' lang='lat' dir='ltr'>predictus</span> <span class='ocrx_word' id='word_1_82' title='bbox 900 1497 1015 1558; x_wconf 89' lang='lat' dir='ltr'>Paulus</span> <span class='ocrx_word' id='word_1_83' title='bbox 1051 1499 1202 1558; x_wconf 82' lang='lat' dir='ltr'>Aztalnok</span> <span class='ocrx_word' id='word_1_84' title='bbox 1226 1500 1310 1558; x_wconf 90' lang='lat' dir='ltr'>idem</span> <span class='ocrx_word' id='word_1_85' title='bbox 1342 1499 1458 1559; x_wconf 83' lang='lat' dir='ltr'>factum</span> 
     </span>
     <span class='ocr_line' id='line_1_11' title="bbox 191 1602 1517 1680; baseline 0.001 -19"><span class='ocrx_word' id='word_1_86' title='bbox 191 1619 242 1662; x_wconf 91' lang='lat' dir='ltr'>seu</span> <span class='ocrx_word' id='word_1_87' title='bbox 270 1605 373 1677; x_wconf 90' lang='lat' dir='ltr'>ipsam</span> <span class='ocrx_word' id='word_1_88' title='bbox 408 1618 533 1661; x_wconf 88' lang='lat' dir='ltr'>causam</span> <span class='ocrx_word' id='word_1_89' title='bbox 564 1602 604 1661; x_wconf 91' lang='lat' dir='ltr'>ad</span> <span class='ocrx_word' id='word_1_90' title='bbox 628 1603 796 1662; x_wconf 90' lang='lat' dir='ltr'>crastinum</span> <span class='ocrx_word' id='word_1_91' title='bbox 820 1602 904 1662; x_wconf 91' lang='lat' dir='ltr'>diem</span> <span class='ocrx_word' id='word_1_92' title='bbox 936 1604 1011 1663; x_wconf 91' lang='lat' dir='ltr'>dicti</span> <span class='ocrx_word' id='word_1_93' title='bbox 1041 1605 1111 1663; x_wconf 87' lang='lat' dir='ltr'>festi</span> <span class='ocrx_word' id='word_1_94' title='bbox 1141 1607 1238 1680; x_wconf 89' lang='lat' dir='ltr'>ipsius</span> <span class='ocrx_word' id='word_1_95' title='bbox 1271 1606 1459 1665; x_wconf 85' lang='lat' dir='ltr'>visitacionis</span> <span class='ocrx_word' id='word_1_96' title='bbox 1513 1634 1517 1638; x_wconf 97' lang='lat'>·</span> 
     </span>
     <span class='ocr_line' id='line_1_12' title="bbox 189 1709 1453 1786; baseline 0.001 -18"><span class='ocrx_word' id='word_1_97' title='bbox 189 1709 276 1768; x_wconf 90' lang='lat' dir='ltr'>beate</span> <span class='ocrx_word' id='word_1_98' title='bbox 301 1710 397 1768; x_wconf 90' lang='lat' dir='ltr'>Marie</span> <span class='ocrx_word' id='word_1_99' title='bbox 420 1710 549 1783; x_wconf 87' lang='lat' dir='ltr'>virginis</span> <span class='ocrx_word' id='word_1_100' title='bbox 565 1725 622 1784; x_wconf 90' lang='lat' dir='ltr'>per</span> <span class='ocrx_word' id='word_1_101' title='bbox 638 1710 822 1784; x_wconf 86' lang='lat' dir='ltr'>peticionem</span> <span class='ocrx_word' id='word_1_102' title='bbox 839 1726 927 1768; x_wconf 90' lang='lat' dir='ltr'>suam</span> <span class='ocrx_word' id='word_1_103' title='bbox 950 1711 1139 1785; x_wconf 87' lang='lat' dir='ltr'>prorogavit.</span> <span class='ocrx_word' id='word_1_104' title='bbox 1162 1712 1296 1786; x_wconf 89' lang='lat' dir='ltr'>Ipsaque</span> <span class='ocrx_word' id='word_1_105' title='bbox 1320 1713 1453 1770; x_wconf 89' lang='lat' dir='ltr'>crastina</span> 
     </span>
     <span class='ocr_line' id='line_1_13' title="bbox 191 1794 1458 1896; baseline 0.001 -23"><span class='ocrx_word' id='word_1_106' title='bbox 191 1815 239 1874; x_wconf 90' lang='lat' dir='ltr'>die</span> <span class='ocrx_word' id='word_1_107' title='bbox 274 1816 364 1885; x_wconf 84' lang='lat' dir='ltr'>tacta,</span> <span class='ocrx_word' id='word_1_108' title='bbox 397 1831 454 1889; x_wconf 88' lang='lat' dir='ltr'>ego</span> <span class='ocrx_word' id='word_1_109' title='bbox 489 1830 623 1874; x_wconf 91' lang='lat' dir='ltr'>unacum</span> <span class='ocrx_word' id='word_1_110' title='bbox 657 1815 798 1890; x_wconf 89' lang='lat' dir='ltr'>predicto</span> <span class='ocrx_word' id='word_1_111' title='bbox 832 1815 929 1874; x_wconf 92' lang='lat' dir='ltr'>Paulo</span> <span class='ocrx_word' id='word_1_112' title='bbox 962 1794 1116 1876; x_wconf 87' lang='lat' dir='ltr'>Aztalnolr</span> <span class='ocrx_word' id='word_1_113' title='bbox 1147 1819 1177 1876; x_wconf 91' lang='lat' dir='ltr'>in</span> <span class='ocrx_word' id='word_1_114' title='bbox 1206 1817 1316 1875; x_wconf 90' lang='lat' dir='ltr'>eodem</span> <span class='ocrx_word' id='word_1_115' title='bbox 1352 1809 1458 1896; x_wconf 83' lang='lat' dir='ltr'>f(acto)</span> 
     </span>
     <span class='ocr_line' id='line_1_14' title="bbox 189 1921 1458 1997; baseline 0.001 -18"><span class='ocrx_word' id='word_1_116' title='bbox 189 1922 375 1994; x_wconf 89' lang='lat' dir='ltr'>laborantes,</span> <span class='ocrx_word' id='word_1_117' title='bbox 410 1921 568 1997; x_wconf 82' lang='lat' dir='ltr'>prefatum</span> <span class='ocrx_word' id='word_1_118' title='bbox 600 1922 857 1980; x_wconf 90' lang='lat' dir='ltr'>tricesimatorem</span> <span class='ocrx_word' id='word_1_119' title='bbox 891 1938 944 1980; x_wconf 90' lang='lat' dir='ltr'>seu</span> <span class='ocrx_word' id='word_1_120' title='bbox 980 1929 1156 1981; x_wconf 84' lang='lat' dir='ltr'>exactorem</span> <span class='ocrx_word' id='word_1_121' title='bbox 1192 1923 1272 1981; x_wconf 93' lang='lat' dir='ltr'>dicte</span> <span class='ocrx_word' id='word_1_122' title='bbox 1302 1923 1458 1981; x_wconf 87' lang='lat' dir='ltr'>tricesime</span> 
     </span>
     <span class='ocr_line' id='line_1_15' title="bbox 190 2022 1455 2105; baseline 0 -20"><span class='ocrx_word' id='word_1_123' title='bbox 190 2043 341 2101; x_wconf 79' lang='lat' dir='ltr'>agressus,</span> <span class='ocrx_word' id='word_1_124' title='bbox 362 2027 590 2101; x_wconf 80' lang='lat' dir='ltr'>diligenterque</span> <span class='ocrx_word' id='word_1_125' title='bbox 612 2028 654 2085; x_wconf 95' lang='lat' dir='ltr'>ab</span> <span class='ocrx_word' id='word_1_126' title='bbox 677 2027 786 2086; x_wconf 92' lang='lat' dir='ltr'>eodem</span> <span class='ocrx_word' id='word_1_127' title='bbox 809 2027 926 2085; x_wconf 84' lang='lat' dir='ltr'>factum</span> <span class='ocrx_word' id='word_1_128' title='bbox 943 2034 1137 2102; x_wconf 88' lang='lat' dir='ltr'>perscrutans</span> <span class='ocrx_word' id='word_1_129' title='bbox 1153 2035 1183 2086; x_wconf 92' lang='lat' dir='ltr'>et</span> <span class='ocrx_word' id='word_1_130' title='bbox 1199 2022 1401 2105; x_wconf 83' lang='lat' dir='ltr'>(examinans)</span> <span class='ocrx_word' id='word_1_131' title='bbox 1425 2028 1455 2085; x_wconf 95' lang='lat' dir='ltr'>id</span> 
     </span>
     <span class='ocr_line' id='line_1_16' title="bbox 190 2133 1456 2207; baseline 0 -16"><span class='ocrx_word' id='word_1_132' title='bbox 190 2134 293 2192; x_wconf 88' lang='lat' dir='ltr'>inveni</span> <span class='ocrx_word' id='word_1_133' title='bbox 316 2140 345 2192; x_wconf 89' lang='lat' dir='ltr'>et</span> <span class='ocrx_word' id='word_1_134' title='bbox 367 2135 480 2192; x_wconf 88' lang='lat' dir='ltr'>rescivi</span> <span class='ocrx_word' id='word_1_135' title='bbox 496 2140 648 2204; x_wconf 84' lang='lat' dir='ltr'>exacerto,</span> <span class='ocrx_word' id='word_1_136' title='bbox 664 2133 747 2207; x_wconf 90' lang='lat' dir='ltr'>quod</span> <span class='ocrx_word' id='word_1_137' title='bbox 763 2134 831 2207; x_wconf 91' lang='lat' dir='ltr'>ipse</span> <span class='ocrx_word' id='word_1_138' title='bbox 847 2134 955 2192; x_wconf 88' lang='lat' dir='ltr'>Petrus</span> <span class='ocrx_word' id='word_1_139' title='bbox 971 2135 1176 2192; x_wconf 89' lang='lat' dir='ltr'>tricesimator</span> <span class='ocrx_word' id='word_1_140' title='bbox 1193 2134 1275 2192; x_wconf 85' lang='lat' dir='ltr'>facto</span> <span class='ocrx_word' id='word_1_141' title='bbox 1296 2136 1327 2193; x_wconf 93' lang='lat' dir='ltr'>in</span> <span class='ocrx_word' id='word_1_142' title='bbox 1344 2133 1456 2192; x_wconf 91' lang='lat' dir='ltr'>eodem</span> 
     </span>
     <span class='ocr_line' id='line_1_17' title="bbox 189 2238 1454 2315; baseline 0 -17"><span class='ocrx_word' id='word_1_143' title='bbox 189 2238 296 2298; x_wconf 80' lang='lat' dir='ltr'>fuisset</span> <span class='ocrx_word' id='word_1_144' title='bbox 320 2256 376 2313; x_wconf 90' lang='lat' dir='ltr'>per</span> <span class='ocrx_word' id='word_1_145' title='bbox 399 2241 503 2298; x_wconf 92' lang='lat' dir='ltr'>omnia</span> <span class='ocrx_word' id='word_1_146' title='bbox 526 2240 707 2315; x_wconf 90' lang='lat' dir='ltr'>culpabilis.</span> <span class='ocrx_word' id='word_1_147' title='bbox 731 2241 767 2298; x_wconf 93' lang='lat' dir='ltr'>ln</span> <span class='ocrx_word' id='word_1_148' title='bbox 790 2256 852 2313; x_wconf 92' lang='lat' dir='ltr'>quo</span> <span class='ocrx_word' id='word_1_149' title='bbox 885 2240 968 2298; x_wconf 87' lang='lat' dir='ltr'>facto</span> <span class='ocrx_word' id='word_1_150' title='bbox 1002 2240 1086 2299; x_wconf 93' lang='lat' dir='ltr'>idem</span> <span class='ocrx_word' id='word_1_151' title='bbox 1117 2242 1216 2299; x_wconf 92' lang='lat' dir='ltr'>eciam</span> <span class='ocrx_word' id='word_1_152' title='bbox 1247 2241 1454 2299; x_wconf 81' lang='lat' dir='ltr'>tricesimator</span> 
     </span>
     <span class='ocr_line' id='line_1_18' title="bbox 189 2345 1456 2421; baseline 0.001 -17"><span class='ocrx_word' id='word_1_153' title='bbox 189 2362 221 2404; x_wconf 87' lang='lat' dir='ltr'>se</span> <span class='ocrx_word' id='word_1_154' title='bbox 244 2347 349 2421; x_wconf 92' lang='lat' dir='ltr'>ipsum</span> <span class='ocrx_word' id='word_1_155' title='bbox 373 2348 500 2404; x_wconf 91' lang='lat' dir='ltr'>omnino</span> <span class='ocrx_word' id='word_1_156' title='bbox 522 2345 660 2405; x_wconf 88' lang='lat' dir='ltr'>reddidit</span> <span class='ocrx_word' id='word_1_157' title='bbox 683 2347 750 2405; x_wconf 86' lang='lat' dir='ltr'>iore</span> <span class='ocrx_word' id='word_1_158' title='bbox 773 2346 974 2420; x_wconf 87' lang='lat' dir='ltr'>culpabilem.</span> <span class='ocrx_word' id='word_1_159' title='bbox 998 2348 1036 2404; x_wconf 88' lang='lat' dir='ltr'>Et</span> <span class='ocrx_word' id='word_1_160' title='bbox 1059 2364 1131 2404; x_wconf 92' lang='lat' dir='ltr'>cum</span> <span class='ocrx_word' id='word_1_161' title='bbox 1156 2348 1280 2405; x_wconf 93' lang='lat' dir='ltr'>tandem</span> <span class='ocrx_word' id='word_1_162' title='bbox 1305 2362 1363 2420; x_wconf 86' lang='lat' dir='ltr'>ego</span> <span class='ocrx_word' id='word_1_163' title='bbox 1384 2364 1456 2405; x_wconf 94' lang='lat' dir='ltr'>cum</span> 
     </span>
     <span class='ocr_line' id='line_1_19' title="bbox 190 2451 1455 2527; baseline -0.001 -16"><span class='ocrx_word' id='word_1_164' title='bbox 190 2452 312 2527; x_wconf 88' lang='lat' dir='ltr'>prefato</span> <span class='ocrx_word' id='word_1_165' title='bbox 336 2452 433 2511; x_wconf 90' lang='lat' dir='ltr'>Paulo</span> <span class='ocrx_word' id='word_1_166' title='bbox 458 2451 611 2510; x_wconf 79' lang='lat' dir='ltr'>Artalnok</span> <span class='ocrx_word' id='word_1_167' title='bbox 632 2451 733 2511; x_wconf 91' lang='lat' dir='ltr'>eidem</span> <span class='ocrx_word' id='word_1_168' title='bbox 766 2453 984 2511; x_wconf 90' lang='lat' dir='ltr'>tricesimatori</span> <span class='ocrx_word' id='word_1_169' title='bbox 1019 2469 1078 2527; x_wconf 94' lang='lat' dir='ltr'>pro</span> <span class='ocrx_word' id='word_1_170' title='bbox 1114 2453 1254 2527; x_wconf 92' lang='lat' dir='ltr'>predicto</span> <span class='ocrx_word' id='word_1_171' title='bbox 1289 2454 1369 2512; x_wconf 88' lang='lat' dir='ltr'>tacto</span> <span class='ocrx_word' id='word_1_172' title='bbox 1400 2468 1455 2511; x_wconf 91' lang='lat' dir='ltr'>suo</span> 
     </span>
     <span class='ocr_line' id='line_1_20' title="bbox 188 2555 1455 2634; baseline -0.001 -16"><span class='ocrx_word' id='word_1_173' title='bbox 188 2561 273 2619; x_wconf 90' lang='lat' dir='ltr'>malo</span> <span class='ocrx_word' id='word_1_174' title='bbox 296 2567 326 2617; x_wconf 88' lang='lat' dir='ltr'>et</span> <span class='ocrx_word' id='word_1_175' title='bbox 349 2560 500 2634; x_wconf 87' lang='lat' dir='ltr'>nephario</span> <span class='ocrx_word' id='word_1_176' title='bbox 524 2559 609 2633; x_wconf 87' lang='lat' dir='ltr'>apud</span> <span class='ocrx_word' id='word_1_177' title='bbox 633 2558 770 2633; x_wconf 80' lang='lat' dir='ltr'>prefatos</span> <span class='ocrx_word' id='word_1_178' title='bbox 793 2555 936 2632; x_wconf 88' lang='lat' dir='ltr'>judicem,</span> <span class='ocrx_word' id='word_1_179' title='bbox 959 2557 1087 2634; x_wconf 86' lang='lat' dir='ltr'>juratos,</span> <span class='ocrx_word' id='word_1_180' title='bbox 1104 2560 1249 2634; x_wconf 88' lang='lat' dir='ltr'>civesque</span> <span class='ocrx_word' id='word_1_181' title='bbox 1266 2577 1301 2618; x_wconf 91' lang='lat' dir='ltr'>ac</span> <span class='ocrx_word' id='word_1_182' title='bbox 1317 2575 1455 2618; x_wconf 89' lang='lat' dir='ltr'>commu·</span> 
     </span>
     <span class='ocr_line' id='line_1_21' title="bbox 188 2664 1460 2739; baseline -0.002 -14"><span class='ocrx_word' id='word_1_183' title='bbox 188 2667 315 2725; x_wconf 89' lang='lat' dir='ltr'>nitatem</span> <span class='ocrx_word' id='word_1_184' title='bbox 358 2667 493 2724; x_wconf 92' lang='lat' dir='ltr'>civitatis</span> <span class='ocrx_word' id='word_1_185' title='bbox 526 2665 664 2739; x_wconf 88' lang='lat' dir='ltr'>predicte</span> <span class='ocrx_word' id='word_1_186' title='bbox 698 2664 834 2738; x_wconf 86' lang='lat' dir='ltr'>graciam</span> <span class='ocrx_word' id='word_1_187' title='bbox 866 2664 1099 2736; x_wconf 87' lang='lat' dir='ltr'>invenissemus,</span> <span class='ocrx_word' id='word_1_188' title='bbox 1135 2673 1207 2723; x_wconf 88' lang='lat' dir='ltr'>tunc</span> <span class='ocrx_word' id='word_1_189' title='bbox 1236 2665 1318 2724; x_wconf 91' lang='lat' dir='ltr'>idem</span> <span class='ocrx_word' id='word_1_190' title='bbox 1350 2666 1460 2723; x_wconf 90' lang='lat' dir='ltr'>Petrus</span> 
     </span>
     <span class='ocr_line' id='line_1_22' title="bbox 188 2769 1456 2847; baseline -0.002 -16"><span class='ocrx_word' id='word_1_191' title='bbox 188 2774 393 2832; x_wconf 89' lang='lat' dir='ltr'>tricesimator</span> <span class='ocrx_word' id='word_1_192' title='bbox 416 2771 502 2830; x_wconf 91' lang='lat' dir='ltr'>solus</span> <span class='ocrx_word' id='word_1_193' title='bbox 526 2771 732 2846; x_wconf 88' lang='lat' dir='ltr'>personaliter</span> <span class='ocrx_word' id='word_1_194' title='bbox 762 2771 793 2829; x_wconf 90' lang='lat' dir='ltr'>in</span> <span class='ocrx_word' id='word_1_195' title='bbox 829 2769 968 2828; x_wconf 91' lang='lat' dir='ltr'>medium</span> <span class='ocrx_word' id='word_1_196' title='bbox 1002 2772 1144 2845; x_wconf 89' lang='lat' dir='ltr'>ipsorum</span> <span class='ocrx_word' id='word_1_197' title='bbox 1174 2771 1286 2847; x_wconf 82' lang='lat' dir='ltr'>J&#39;udicis</span> <span class='ocrx_word' id='word_1_198' title='bbox 1320 2778 1350 2830; x_wconf 88' lang='lat' dir='ltr'>et</span> <span class='ocrx_word' id='word_1_199' title='bbox 1373 2769 1456 2846; x_wconf 87' lang='lat' dir='ltr'>jura·</span> 
     </span>
     <span class='ocr_line' id='line_1_23' title="bbox 188 2877 1455 2952; baseline -0.001 -15"><span class='ocrx_word' id='word_1_200' title='bbox 188 2886 291 2937; x_wconf 93' lang='lat' dir='ltr'>torum</span> <span class='ocrx_word' id='word_1_201' title='bbox 316 2893 351 2935; x_wconf 93' lang='lat' dir='ltr'>ac</span> <span class='ocrx_word' id='word_1_202' title='bbox 375 2878 591 2935; x_wconf 90' lang='lat' dir='ltr'>universorum</span> <span class='ocrx_word' id='word_1_203' title='bbox 617 2878 732 2935; x_wconf 93' lang='lat' dir='ltr'>civium</span> <span class='ocrx_word' id='word_1_204' title='bbox 765 2884 793 2934; x_wconf 93' lang='lat' dir='ltr'>et</span> <span class='ocrx_word' id='word_1_205' title='bbox 817 2877 915 2934; x_wconf 88' lang='lat' dir='ltr'>tocius</span> <span class='ocrx_word' id='word_1_206' title='bbox 950 2879 1183 2936; x_wconf 88' lang='lat' dir='ltr'>communitatis</span> <span class='ocrx_word' id='word_1_207' title='bbox 1218 2880 1351 2937; x_wconf 87' lang='lat' dir='ltr'>civitatis</span> <span class='ocrx_word' id='word_1_208' title='bbox 1385 2895 1455 2952; x_wconf 89' lang='lat' dir='ltr'>pre·</span> 
     </span>
     <span class='ocr_line' id='line_1_24' title="bbox 188 2983 1456 3057; baseline 0 -14"><span class='ocrx_word' id='word_1_209' title='bbox 188 2984 268 3043; x_wconf 90' lang='lat' dir='ltr'>dicte</span> <span class='ocrx_word' id='word_1_210' title='bbox 301 2983 476 3055; x_wconf 90' lang='lat' dir='ltr'>adveniens,</span> <span class='ocrx_word' id='word_1_211' title='bbox 499 3000 532 3041; x_wconf 90' lang='lat' dir='ltr'>se</span> <span class='ocrx_word' id='word_1_212' title='bbox 556 2984 659 3057; x_wconf 91' lang='lat' dir='ltr'>ipsum</span> <span class='ocrx_word' id='word_1_213' title='bbox 684 2983 811 3056; x_wconf 89' lang='lat' dir='ltr'>publice</span> <span class='ocrx_word' id='word_1_214' title='bbox 834 2989 863 3040; x_wconf 90' lang='lat' dir='ltr'>et</span> <span class='ocrx_word' id='word_1_215' title='bbox 886 2983 1049 3041; x_wconf 82' lang='lat' dir='ltr'>manifeste</span> <span class='ocrx_word' id='word_1_216' title='bbox 1073 3000 1178 3042; x_wconf 90' lang='lat' dir='ltr'>coram</span> <span class='ocrx_word' id='word_1_217' title='bbox 1201 3002 1251 3043; x_wconf 89' lang='lat' dir='ltr'>me</span> <span class='ocrx_word' id='word_1_218' title='bbox 1283 2985 1400 3044; x_wconf 90' lang='lat' dir='ltr'>ibidem</span> <span class='ocrx_word' id='word_1_219' title='bbox 1425 2991 1456 3043; x_wconf 93' lang='lat' dir='ltr'>et</span> 
     </span>
     <span class='ocr_line' id='line_1_25' title="bbox 190 3083 1454 3165; baseline -0.002 -15"><span class='ocrx_word' id='word_1_220' title='bbox 190 3108 294 3150; x_wconf 91' lang='lat' dir='ltr'>coram</span> <span class='ocrx_word' id='word_1_221' title='bbox 317 3089 439 3165; x_wconf 82' lang='lat' dir='ltr'>prelato</span> <span class='ocrx_word' id='word_1_222' title='bbox 463 3089 560 3148; x_wconf 88' lang='lat' dir='ltr'>Paulo</span> <span class='ocrx_word' id='word_1_223' title='bbox 592 3083 745 3148; x_wconf 83' lang='lat' dir='ltr'>Aztalnolr</span> <span class='ocrx_word' id='word_1_224' title='bbox 768 3104 804 3146; x_wconf 91' lang='lat' dir='ltr'>ac</span> <span class='ocrx_word' id='word_1_225' title='bbox 827 3104 931 3146; x_wconf 91' lang='lat' dir='ltr'>coram</span> <span class='ocrx_word' id='word_1_226' title='bbox 968 3093 1031 3148; x_wconf 91' lang='lat' dir='ltr'>tota</span> <span class='ocrx_word' id='word_1_227' title='bbox 1063 3093 1285 3150; x_wconf 90' lang='lat' dir='ltr'>communitate</span> <span class='ocrx_word' id='word_1_228' title='bbox 1318 3092 1454 3150; x_wconf 91' lang='lat' dir='ltr'>civitatis</span> 
     </span>
     <span class='ocr_line' id='line_1_26' title="bbox 189 3194 1454 3274; baseline -0.002 -17"><span class='ocrx_word' id='word_1_229' title='bbox 189 3203 349 3274; x_wconf 84' lang='lat' dir='ltr'>prenotate</span> <span class='ocrx_word' id='word_1_230' title='bbox 372 3198 403 3255; x_wconf 93' lang='lat' dir='ltr'>in</span> <span class='ocrx_word' id='word_1_231' title='bbox 427 3196 499 3254; x_wconf 90' lang='lat' dir='ltr'>sede</span> <span class='ocrx_word' id='word_1_232' title='bbox 523 3211 631 3254; x_wconf 92' lang='lat' dir='ltr'>eorum</span> <span class='ocrx_word' id='word_1_233' title='bbox 654 3194 818 3270; x_wconf 88' lang='lat' dir='ltr'>judiciaria</span> <span class='ocrx_word' id='word_1_234' title='bbox 840 3194 979 3253; x_wconf 91' lang='lat' dir='ltr'>reddidit</span> <span class='ocrx_word' id='word_1_235' title='bbox 1002 3212 1058 3270; x_wconf 91' lang='lat' dir='ltr'>per</span> <span class='ocrx_word' id='word_1_236' title='bbox 1082 3197 1187 3254; x_wconf 90' lang='lat' dir='ltr'>omnia</span> <span class='ocrx_word' id='word_1_237' title='bbox 1210 3198 1277 3255; x_wconf 85' lang='lat' dir='ltr'>fore</span> <span class='ocrx_word' id='word_1_238' title='bbox 1300 3213 1390 3255; x_wconf 91' lang='lat' dir='ltr'>reum</span> <span class='ocrx_word' id='word_1_239' title='bbox 1424 3202 1454 3255; x_wconf 92' lang='lat' dir='ltr'>et</span> 
     </span>
     <span class='ocr_line' id='line_1_27' title="bbox 188 3301 1454 3379; baseline -0.002 -17"><span class='ocrx_word' id='word_1_240' title='bbox 188 3304 389 3379; x_wconf 90' lang='lat' dir='ltr'>culpabilem,</span> <span class='ocrx_word' id='word_1_241' title='bbox 413 3304 535 3376; x_wconf 91' lang='lat' dir='ltr'>sibique</span> <span class='ocrx_word' id='word_1_242' title='bbox 551 3302 670 3360; x_wconf 90' lang='lat' dir='ltr'>ibidem</span> <span class='ocrx_word' id='word_1_243' title='bbox 693 3301 777 3360; x_wconf 90' lang='lat' dir='ltr'>idem</span> <span class='ocrx_word' id='word_1_244' title='bbox 795 3302 1000 3360; x_wconf 89' lang='lat' dir='ltr'>tricesimator</span> <span class='ocrx_word' id='word_1_245' title='bbox 1015 3304 1220 3377; x_wconf 89' lang='lat' dir='ltr'>personaliter</span> <span class='ocrx_word' id='word_1_246' title='bbox 1236 3304 1302 3362; x_wconf 90' lang='lat' dir='ltr'>sola</span> <span class='ocrx_word' id='word_1_247' title='bbox 1326 3304 1454 3378; x_wconf 89' lang='lat' dir='ltr'>propria</span> 
     </span>
     <span class='ocr_line' id='line_1_28' title="bbox 187 3408 1454 3484; baseline 0.001 -17"><span class='ocrx_word' id='word_1_248' title='bbox 187 3425 241 3476; x_wconf 76' lang='lat' dir='ltr'>sua</span> <span class='ocrx_word' id='word_1_249' title='bbox 264 3411 426 3468; x_wconf 90' lang='lat' dir='ltr'>voluntate</span> <span class='ocrx_word' id='word_1_250' title='bbox 450 3409 491 3467; x_wconf 90' lang='lat' dir='ltr'>ab</span> <span class='ocrx_word' id='word_1_251' title='bbox 524 3408 641 3466; x_wconf 91' lang='lat' dir='ltr'>eisdem</span> <span class='ocrx_word' id='word_1_252' title='bbox 673 3408 794 3466; x_wconf 92' lang='lat' dir='ltr'>civibus</span> <span class='ocrx_word' id='word_1_253' title='bbox 818 3414 848 3464; x_wconf 90' lang='lat' dir='ltr'>et</span> <span class='ocrx_word' id='word_1_254' title='bbox 879 3413 943 3465; x_wconf 88' lang='lat' dir='ltr'>tota</span> <span class='ocrx_word' id='word_1_255' title='bbox 967 3411 1187 3467; x_wconf 90' lang='lat' dir='ltr'>communitate</span> <span class='ocrx_word' id='word_1_256' title='bbox 1211 3410 1344 3468; x_wconf 89' lang='lat' dir='ltr'>civitatis</span> <span class='ocrx_word' id='word_1_257' title='bbox 1367 3426 1454 3484; x_wconf 91' lang='lat' dir='ltr'>sepe·</span> 
     </span>
     <span class='ocr_line' id='line_1_29' title="bbox 186 3512 1453 3590; baseline 0 -17"><span class='ocrx_word' id='word_1_258' title='bbox 186 3515 247 3575; x_wconf 88' lang='lat' dir='ltr'>fate</span> <span class='ocrx_word' id='word_1_259' title='bbox 271 3531 376 3574; x_wconf 91' lang='lat' dir='ltr'>coram</span> <span class='ocrx_word' id='word_1_260' title='bbox 395 3514 509 3573; x_wconf 89' lang='lat' dir='ltr'>eisdem</span> <span class='ocrx_word' id='word_1_261' title='bbox 535 3512 645 3572; x_wconf 91' lang='lat' dir='ltr'>stando</span> <span class='ocrx_word' id='word_1_262' title='bbox 668 3529 727 3588; x_wconf 93' lang='lat' dir='ltr'>pro</span> <span class='ocrx_word' id='word_1_263' title='bbox 750 3515 873 3588; x_wconf 83' lang='lat' dir='ltr'>pretato</span> <span class='ocrx_word' id='word_1_264' title='bbox 905 3515 986 3573; x_wconf 87' lang='lat' dir='ltr'>facto</span> <span class='ocrx_word' id='word_1_265' title='bbox 1022 3531 1078 3573; x_wconf 92' lang='lat' dir='ltr'>suo</span> <span class='ocrx_word' id='word_1_266' title='bbox 1110 3532 1167 3589; x_wconf 87' lang='lat' dir='ltr'>per</span> <span class='ocrx_word' id='word_1_267' title='bbox 1203 3517 1307 3590; x_wconf 91' lang='lat' dir='ltr'>ipsum</span> <span class='ocrx_word' id='word_1_268' title='bbox 1347 3522 1453 3573; x_wconf 88' lang='lat' dir='ltr'>contra</span> 
     </span>
     <span class='ocr_line' id='line_1_30' title="bbox 187 3620 1450 3697; baseline 0 -17"><span class='ocrx_word' id='word_1_269' title='bbox 187 3622 268 3681; x_wconf 91' lang='lat' dir='ltr'>dicta</span> <span class='ocrx_word' id='word_1_270' title='bbox 291 3621 360 3697; x_wconf 89' lang='lat' dir='ltr'>jura</span> <span class='ocrx_word' id='word_1_271' title='bbox 384 3629 414 3679; x_wconf 93' lang='lat' dir='ltr'>et</span> <span class='ocrx_word' id='word_1_272' title='bbox 436 3622 596 3679; x_wconf 87' lang='lat' dir='ltr'>libertates</span> <span class='ocrx_word' id='word_1_273' title='bbox 618 3620 715 3694; x_wconf 87' lang='lat' dir='ltr'>ipsius</span> <span class='ocrx_word' id='word_1_274' title='bbox 739 3621 873 3680; x_wconf 88' lang='lat' dir='ltr'>civitatis</span> <span class='ocrx_word' id='word_1_275' title='bbox 896 3622 1033 3679; x_wconf 88' lang='lat' dir='ltr'>indebite</span> <span class='ocrx_word' id='word_1_276' title='bbox 1063 3628 1093 3680; x_wconf 87' lang='lat' dir='ltr'>et</span> <span class='ocrx_word' id='word_1_277' title='bbox 1124 3623 1232 3681; x_wconf 88' lang='lat' dir='ltr'>illicite</span> <span class='ocrx_word' id='word_1_278' title='bbox 1262 3628 1450 3697; x_wconf 67' lang='lat' dir='ltr'>perpetrato</span> 
     </span>
     <span class='ocr_line' id='line_1_31' title="bbox 185 3728 1453 3802; baseline -0.001 -15"><span class='ocrx_word' id='word_1_279' title='bbox 185 3730 323 3802; x_wconf 86' lang='lat' dir='ltr'>graciam</span> <span class='ocrx_word' id='word_1_280' title='bbox 347 3732 377 3785; x_wconf 91' lang='lat' dir='ltr'>et</span> <span class='ocrx_word' id='word_1_281' title='bbox 399 3728 523 3785; x_wconf 91' lang='lat' dir='ltr'>veniam</span> <span class='ocrx_word' id='word_1_282' title='bbox 554 3728 726 3800; x_wconf 88' lang='lat' dir='ltr'>postulavit</span> <span class='ocrx_word' id='word_1_283' title='bbox 749 3735 779 3785; x_wconf 88' lang='lat' dir='ltr'>et</span> <span class='ocrx_word' id='word_1_284' title='bbox 802 3729 920 3786; x_wconf 89' lang='lat' dir='ltr'>invenit</span> <span class='ocrx_word' id='word_1_285' title='bbox 954 3729 996 3785; x_wconf 89' lang='lat' dir='ltr'>ita</span> <span class='ocrx_word' id='word_1_286' title='bbox 1031 3728 1176 3786; x_wconf 92' lang='lat' dir='ltr'>videlicet</span> <span class='ocrx_word' id='word_1_287' title='bbox 1207 3734 1237 3786; x_wconf 90' lang='lat' dir='ltr'>et</span> <span class='ocrx_word' id='word_1_288' title='bbox 1272 3729 1382 3789; x_wconf 89' lang='lat' dir='ltr'>talem:</span> <span class='ocrx_word' id='word_1_289' title='bbox 1415 3734 1453 3787; x_wconf 95' lang='lat' dir='ltr'>ut</span> 
     </span>
     <span class='ocr_line' id='line_1_32' title="bbox 189 3832 1450 3909; baseline -0.001 -15"><span class='ocrx_word' id='word_1_290' title='bbox 189 3836 246 3894; x_wconf 91' lang='lat' dir='ltr'>hec</span> <span class='ocrx_word' id='word_1_291' title='bbox 269 3842 300 3893; x_wconf 91' lang='lat' dir='ltr'>et</span> <span class='ocrx_word' id='word_1_292' title='bbox 322 3835 426 3893; x_wconf 92' lang='lat' dir='ltr'>omnia</span> <span class='ocrx_word' id='word_1_293' title='bbox 448 3848 484 3891; x_wconf 89' lang='lat' dir='ltr'>ac</span> <span class='ocrx_word' id='word_1_294' title='bbox 507 3832 616 3907; x_wconf 90' lang='lat' dir='ltr'>quevis</span> <span class='ocrx_word' id='word_1_295' title='bbox 640 3833 820 3891; x_wconf 92' lang='lat' dir='ltr'>huiusmodi</span> <span class='ocrx_word' id='word_1_296' title='bbox 844 3833 923 3891; x_wconf 85' lang='lat' dir='ltr'>iacta</span> <span class='ocrx_word' id='word_1_297' title='bbox 956 3835 1065 3891; x_wconf 91' lang='lat' dir='ltr'>illicita</span> <span class='ocrx_word' id='word_1_298' title='bbox 1094 3835 1173 3893; x_wconf 89' lang='lat' dir='ltr'>inter</span> <span class='ocrx_word' id='word_1_299' title='bbox 1197 3836 1301 3909; x_wconf 90' lang='lat' dir='ltr'>ipsum</span> <span class='ocrx_word' id='word_1_300' title='bbox 1334 3837 1450 3893; x_wconf 88' lang='lat' dir='ltr'>tricesi-</span> 
     </span>
     <span class='ocr_line' id='line_1_33' title="bbox 187 3939 1452 4016; baseline 0.001 -17"><span class='ocrx_word' id='word_1_301' title='bbox 187 3949 341 4000; x_wconf 88' lang='lat' dir='ltr'>matorem</span> <span class='ocrx_word' id='word_1_302' title='bbox 364 3946 394 3998; x_wconf 91' lang='lat' dir='ltr'>et</span> <span class='ocrx_word' id='word_1_303' title='bbox 417 3939 532 3998; x_wconf 91' lang='lat' dir='ltr'>dictam</span> <span class='ocrx_word' id='word_1_304' title='bbox 555 3939 810 3997; x_wconf 88' lang='lat' dir='ltr'>communitatem</span> <span class='ocrx_word' id='word_1_305' title='bbox 843 3940 976 3998; x_wconf 87' lang='lat' dir='ltr'>civitatis</span> <span class='ocrx_word' id='word_1_306' title='bbox 1008 3942 1151 4014; x_wconf 90' lang='lat' dir='ltr'>superius</span> <span class='ocrx_word' id='word_1_307' title='bbox 1181 3940 1262 3999; x_wconf 93' lang='lat' dir='ltr'>dicte</span> <span class='ocrx_word' id='word_1_308' title='bbox 1292 3941 1452 4016; x_wconf 91' lang='lat' dir='ltr'>hucusque</span> 
     </span>
     <span class='ocr_line' id='line_1_34' title="bbox 186 4044 1448 4121; baseline -0.002 -15"><span class='ocrx_word' id='word_1_309' title='bbox 186 4047 293 4106; x_wconf 88' lang='lat' dir='ltr'>habita</span> <span class='ocrx_word' id='word_1_310' title='bbox 317 4051 347 4103; x_wconf 89' lang='lat' dir='ltr'>et</span> <span class='ocrx_word' id='word_1_311' title='bbox 371 4045 518 4102; x_wconf 92' lang='lat' dir='ltr'>ventilata</span> <span class='ocrx_word' id='word_1_312' title='bbox 541 4044 602 4102; x_wconf 89' lang='lat' dir='ltr'>sint</span> <span class='ocrx_word' id='word_1_313' title='bbox 615 4061 672 4118; x_wconf 92' lang='lat' dir='ltr'>per</span> <span class='ocrx_word' id='word_1_314' title='bbox 696 4046 800 4103; x_wconf 89' lang='lat' dir='ltr'>omnia</span> <span class='ocrx_word' id='word_1_315' title='bbox 823 4047 905 4104; x_wconf 91' lang='lat' dir='ltr'>inter</span> <span class='ocrx_word' id='word_1_316' title='bbox 919 4046 1003 4119; x_wconf 87' lang='lat' dir='ltr'>ipsos</span> <span class='ocrx_word' id='word_1_317' title='bbox 1020 4048 1129 4120; x_wconf 90' lang='lat' dir='ltr'>sopita,</span> <span class='ocrx_word' id='word_1_318' title='bbox 1154 4054 1184 4104; x_wconf 91' lang='lat' dir='ltr'>et</span> <span class='ocrx_word' id='word_1_319' title='bbox 1200 4047 1283 4121; x_wconf 92' lang='lat' dir='ltr'>quod</span> <span class='ocrx_word' id='word_1_320' title='bbox 1306 4048 1448 4120; x_wconf 89' lang='lat' dir='ltr'>predicta</span> 
     </span>
     <span class='ocr_line' id='line_1_35' title="bbox 185 4150 1451 4225; baseline -0.001 -14"><span class='ocrx_word' id='word_1_321' title='bbox 185 4159 214 4212; x_wconf 91' lang='lat' dir='ltr'>et</span> <span class='ocrx_word' id='word_1_322' title='bbox 237 4153 299 4211; x_wconf 90' lang='lat' dir='ltr'>alia</span> <span class='ocrx_word' id='word_1_323' title='bbox 327 4152 403 4225; x_wconf 86' lang='lat' dir='ltr'>ipsis</span> <span class='ocrx_word' id='word_1_324' title='bbox 425 4151 548 4217; x_wconf 66' lang='lat' dir='ltr'>,similia</span> <span class='ocrx_word' id='word_1_325' title='bbox 571 4150 650 4209; x_wconf 84' lang='lat' dir='ltr'>sacta</span> <span class='ocrx_word' id='word_1_326' title='bbox 674 4167 730 4225; x_wconf 91' lang='lat' dir='ltr'>per</span> <span class='ocrx_word' id='word_1_327' title='bbox 754 4152 887 4210; x_wconf 91' lang='lat' dir='ltr'>eundem</span> <span class='ocrx_word' id='word_1_328' title='bbox 911 4153 1166 4210; x_wconf 90' lang='lat' dir='ltr'>tricesimatorem</span> <span class='ocrx_word' id='word_1_329' title='bbox 1197 4152 1235 4210; x_wconf 92' lang='lat' dir='ltr'>de</span> <span class='ocrx_word' id='word_1_330' title='bbox 1266 4157 1367 4210; x_wconf 89' lang='lat' dir='ltr'>cetero</span> <span class='ocrx_word' id='word_1_331' title='bbox 1389 4167 1451 4210; x_wconf 93' lang='lat' dir='ltr'>non</span> 
     </span>
     <span class='ocr_line' id='line_1_36' title="bbox 184 4257 1451 4334; baseline 0.001 -17"><span class='ocrx_word' id='word_1_332' title='bbox 184 4260 245 4317; x_wconf 86' lang='lat' dir='ltr'>sint</span> <span class='ocrx_word' id='word_1_333' title='bbox 269 4263 416 4316; x_wconf 88' lang='lat' dir='ltr'>renovata</span> <span class='ocrx_word' id='word_1_334' title='bbox 438 4273 494 4315; x_wconf 89' lang='lat' dir='ltr'>nec</span> <span class='ocrx_word' id='word_1_335' title='bbox 523 4257 713 4318; x_wconf 88' lang='lat' dir='ltr'>renovanda.</span> <span class='ocrx_word' id='word_1_336' title='bbox 751 4260 929 4333; x_wconf 80' lang='lat' dir='ltr'>Assumpsit</span> <span class='ocrx_word' id='word_1_337' title='bbox 964 4261 1091 4334; x_wconf 89' lang='lat' dir='ltr'>insuper</span> <span class='ocrx_word' id='word_1_338' title='bbox 1126 4259 1209 4318; x_wconf 90' lang='lat' dir='ltr'>idem</span> <span class='ocrx_word' id='word_1_339' title='bbox 1244 4260 1451 4318; x_wconf 89' lang='lat' dir='ltr'>tricesimator</span> 
     </span>
     <span class='ocr_line' id='line_1_37' title="bbox 183 4361 1449 4441; baseline -0.001 -18"><span class='ocrx_word' id='word_1_340' title='bbox 183 4364 311 4435; x_wconf 90' lang='lat' dir='ltr'>ibidem,</span> <span class='ocrx_word' id='word_1_341' title='bbox 335 4362 419 4437; x_wconf 93' lang='lat' dir='ltr'>quod</span> <span class='ocrx_word' id='word_1_342' title='bbox 442 4363 600 4437; x_wconf 87' lang='lat' dir='ltr'>predictos</span> <span class='ocrx_word' id='word_1_343' title='bbox 622 4361 766 4441; x_wconf 87' lang='lat' dir='ltr'>judicem,</span> <span class='ocrx_word' id='word_1_344' title='bbox 789 4363 907 4441; x_wconf 88' lang='lat' dir='ltr'>juratos</span> <span class='ocrx_word' id='word_1_345' title='bbox 930 4372 960 4423; x_wconf 89' lang='lat' dir='ltr'>et</span> <span class='ocrx_word' id='word_1_346' title='bbox 984 4367 1144 4423; x_wconf 89' lang='lat' dir='ltr'>universos</span> <span class='ocrx_word' id='word_1_347' title='bbox 1177 4365 1260 4422; x_wconf 92' lang='lat' dir='ltr'>cives</span> <span class='ocrx_word' id='word_1_348' title='bbox 1292 4380 1327 4422; x_wconf 91' lang='lat' dir='ltr'>ac</span> <span class='ocrx_word' id='word_1_349' title='bbox 1351 4370 1449 4422; x_wconf 91' lang='lat' dir='ltr'>totam</span> 
     </span>
     <span class='ocr_line' id='line_1_38' title="bbox 184 4469 1450 4545; baseline -0.001 -15"><span class='ocrx_word' id='word_1_350' title='bbox 184 4470 440 4531; x_wconf 84' lang='lat' dir='ltr'>communitatem</span> <span class='ocrx_word' id='word_1_351' title='bbox 462 4469 596 4528; x_wconf 89' lang='lat' dir='ltr'>civitatis</span> <span class='ocrx_word' id='word_1_352' title='bbox 626 4470 763 4544; x_wconf 90' lang='lat' dir='ltr'>sepelate</span> <span class='ocrx_word' id='word_1_353' title='bbox 790 4473 859 4529; x_wconf 92' lang='lat' dir='ltr'>vult</span> <span class='ocrx_word' id='word_1_354' title='bbox 889 4489 946 4545; x_wconf 89' lang='lat' dir='ltr'>per</span> <span class='ocrx_word' id='word_1_355' title='bbox 981 4472 1119 4545; x_wconf 89' lang='lat' dir='ltr'>amplius</span> <span class='ocrx_word' id='word_1_356' title='bbox 1154 4486 1211 4545; x_wconf 91' lang='lat' dir='ltr'>pro</span> <span class='ocrx_word' id='word_1_357' title='bbox 1245 4470 1395 4529; x_wconf 86' lang='lat' dir='ltr'>fratribus</span> <span class='ocrx_word' id='word_1_358' title='bbox 1419 4477 1450 4529; x_wconf 91' lang='lat' dir='ltr'>et</span> 
     </span>
     <span class='ocr_line' id='line_1_39' title="bbox 183 4575 1451 4652; baseline -0.002 -14"><span class='ocrx_word' id='word_1_359' title='bbox 183 4578 293 4638; x_wconf 77' lang='lat' dir='ltr'>amicis</span> <span class='ocrx_word' id='word_1_360' title='bbox 326 4576 514 4651; x_wconf 87' lang='lat' dir='ltr'>specialibus</span> <span class='ocrx_word' id='word_1_361' title='bbox 548 4576 665 4634; x_wconf 90' lang='lat' dir='ltr'>habere</span> <span class='ocrx_word' id='word_1_362' title='bbox 699 4581 823 4634; x_wconf 91' lang='lat' dir='ltr'>etcum</span> <span class='ocrx_word' id='word_1_363' title='bbox 857 4579 934 4652; x_wconf 91' lang='lat' dir='ltr'>ipsis</span> <span class='ocrx_word' id='word_1_364' title='bbox 968 4578 1051 4635; x_wconf 89' lang='lat' dir='ltr'>bono</span> <span class='ocrx_word' id='word_1_365' title='bbox 1074 4577 1169 4635; x_wconf 91' lang='lat' dir='ltr'>modo</span> <span class='ocrx_word' id='word_1_366' title='bbox 1200 4577 1313 4636; x_wconf 91' lang='lat' dir='ltr'>vivere.</span> <span class='ocrx_word' id='word_1_367' title='bbox 1349 4575 1451 4651; x_wconf 91' lang='lat' dir='ltr'>Super</span> 
     </span>
     <span class='ocr_line' id='line_1_40' title="bbox 184 4681 1449 4760; baseline -0.001 -17"><span class='ocrx_word' id='word_1_368' title='bbox 184 4684 300 4760; x_wconf 91' lang='lat' dir='ltr'>quibus</span> <span class='ocrx_word' id='word_1_369' title='bbox 323 4682 468 4742; x_wconf 89' lang='lat' dir='ltr'>omnibus</span> <span class='ocrx_word' id='word_1_370' title='bbox 500 4683 661 4757; x_wconf 91' lang='lat' dir='ltr'>premissis</span> <span class='ocrx_word' id='word_1_371' title='bbox 684 4682 743 4755; x_wconf 90' lang='lat' dir='ltr'>ipsi</span> <span class='ocrx_word' id='word_1_372' title='bbox 767 4681 870 4758; x_wconf 87' lang='lat' dir='ltr'>judex,</span> <span class='ocrx_word' id='word_1_373' title='bbox 893 4683 987 4760; x_wconf 85' lang='lat' dir='ltr'>jurati</span> <span class='ocrx_word' id='word_1_374' title='bbox 1009 4690 1039 4742; x_wconf 93' lang='lat' dir='ltr'>et</span> <span class='ocrx_word' id='word_1_375' title='bbox 1062 4685 1197 4743; x_wconf 90' lang='lat' dir='ltr'>universi</span> <span class='ocrx_word' id='word_1_376' title='bbox 1219 4685 1303 4742; x_wconf 89' lang='lat' dir='ltr'>cives</span> <span class='ocrx_word' id='word_1_377' title='bbox 1326 4699 1362 4743; x_wconf 92' lang='lat' dir='ltr'>ac</span> <span class='ocrx_word' id='word_1_378' title='bbox 1385 4688 1449 4743; x_wconf 91' lang='lat' dir='ltr'>tota</span> 
     </span>
     <span class='ocr_line' id='line_1_41' title="bbox 182 4790 1448 4866; baseline -0.001 -16"><span class='ocrx_word' id='word_1_379' title='bbox 182 4791 389 4850; x_wconf 87' lang='lat' dir='ltr'>communitas</span> <span class='ocrx_word' id='word_1_380' title='bbox 422 4790 557 4848; x_wconf 84' lang='lat' dir='ltr'>civitatis</span> <span class='ocrx_word' id='word_1_381' title='bbox 580 4790 699 4864; x_wconf 91' lang='lat' dir='ltr'>pluries</span> <span class='ocrx_word' id='word_1_382' title='bbox 722 4791 804 4850; x_wconf 92' lang='lat' dir='ltr'>dicte</span> <span class='ocrx_word' id='word_1_383' title='bbox 826 4792 887 4850; x_wconf 93' lang='lat' dir='ltr'>sibi</span> <span class='ocrx_word' id='word_1_384' title='bbox 910 4792 986 4866; x_wconf 92' lang='lat' dir='ltr'>ipsis</span> <span class='ocrx_word' id='word_1_385' title='bbox 1010 4807 1139 4866; x_wconf 82' lang='lat' dir='ltr'>perine</span> <span class='ocrx_word' id='word_1_386' title='bbox 1163 4792 1280 4850; x_wconf 89' lang='lat' dir='ltr'>litteras</span> <span class='ocrx_word' id='word_1_387' title='bbox 1312 4792 1448 4850; x_wconf 88' lang='lat' dir='ltr'>testimo·</span> 
     </span>
     <span class='ocr_line' id='line_1_42' title="bbox 181 4896 1450 4974; baseline -0.002 -16"><span class='ocrx_word' id='word_1_388' title='bbox 181 4899 282 4958; x_wconf 74' lang='lat' dir='ltr'>nieles</span> <span class='ocrx_word' id='word_1_389' title='bbox 305 4896 374 4957; x_wconf 91' lang='lat' dir='ltr'>dari</span> <span class='ocrx_word' id='word_1_390' title='bbox 394 4897 596 4974; x_wconf 89' lang='lat' dir='ltr'>postularunt</span> <span class='ocrx_word' id='word_1_391' title='bbox 619 4898 797 4957; x_wconf 90' lang='lat' dir='ltr'>uberiorem</span> <span class='ocrx_word' id='word_1_392' title='bbox 821 4898 963 4973; x_wconf 91' lang='lat' dir='ltr'>ipsorum</span> <span class='ocrx_word' id='word_1_393' title='bbox 986 4899 1028 4956; x_wconf 93' lang='lat' dir='ltr'>ob</span> <span class='ocrx_word' id='word_1_394' title='bbox 1051 4899 1213 4972; x_wconf 88' lang='lat' dir='ltr'>cautelam,</span> <span class='ocrx_word' id='word_1_395' title='bbox 1230 4915 1307 4974; x_wconf 91' lang='lat' dir='ltr'>quas</span> <span class='ocrx_word' id='word_1_396' title='bbox 1330 4898 1450 4957; x_wconf 89' lang='lat' dir='ltr'>eisdem</span> 
     </span>
    </p>
   </div>
   <div class='ocr_carea' id='block_1_3' title="bbox 0 0 1644 5348">
    <p class='ocr_par' dir='ltr' id='par_1_3' title="bbox 0 0 1644 5348">
     <span class='ocr_line' id='line_1_43' title="bbox 0 0 1644 5348; baseline 0 5"><span class='ocrx_word' id='word_1_397' title='bbox 0 0 1644 5348; x_wconf 95' lang='lat' dir='ltr'> </span> 
     </span>
    </p>
   </div>
  </div>
 </body>
</html>
