3256 5346
130 149 189 203 170
536 129 608 188 Doc.
633 143 703 205 1²3·
727 161 767 171 —
792 130 848 186 An.
874 140 964 206 1439.

125 354 155 405 et
189 347 268 405 alios
305 347 517 419 intrascriptos
548 345 586 403 ad
618 351 743 404 octavas
776 344 846 403 festi
884 345 966 403 beati
1002 345 1162 404 Michaelis
1202 344 1387 418 archangeli,
1525 241 1557 445 N

125 453 376 528 proclamatoria.
1048 456 1053 461 ·

230 565 324 624 (Tenor
348 563 530 628 executionis).
550 560 653 618 Homo
669 560 773 632 regius
788 559 970 617 Valentinus
986 557 1071 617 filius
1086 558 1238 632 Stephani
1260 557 1300 616 tie
1315 559 1388 617 Dre-

123 682 214 739 noua,
237 667 425 740 capitularis,
450 667 602 739 Georgius
625 666 856 739 prebendarius.
880 665 1093 724 proclamacio
1115 666 1221 738 prima
1245 671 1292 723 est
1312 665 1390 723 iacta

125 774 175 832 die
186 774 342 831 dominico
360 783 430 847 post
446 772 559 830 festum
575 774 664 830 beate
688 774 784 830 Marie
808 772 937 843 virginis
961 771 1138 830 Nativitatis
1163 773 1195 829 in
1219 771 1389 843 Wgrouch

124 896 160 938 ac
182 879 316 937 secundo
345 880 420 937 feria
454 880 546 937 tercia
578 879 756 937 immediate
781 879 920 951 sequenti
945 879 976 936 in
999 877 1157 949 Stubicha‚
1182 879 1342 951 tercioque
1364 882 1392 935 et

123 988 234 1045 ultimo
251 986 327 1044 feria
345 990 454 1059 quarta
470 986 614 1043 similiter
629 985 808 1043 immediate
824 984 1006 1043 succedente
1019 986 1050 1042 in
1065 985 1206 1056 lwanycz
1223 985 1393 1058 possessio·

123 1081 223 1165 nibus,
247 1098 318 1150 sunt
341 1093 526 1167 proclamati
549 1091 588 1149 ad
611 1098 738 1149 octavas
760 1098 794 1149 ut
817 1094 898 1149 intra
922 1091 1016 1149 datas.

230 1229 364 1294 Originnlc
383 1231 410 1278 in
429 1230 524 1280 charta.
554 1231 581 1278 A
607 1237 679 1293 tergo
707 1230 845 1292 vestigium
870 1229 988 1294 impressi
1015 1228 1102 1293 sigilli.
1136 1229 1170 1277 In
1197 1228 1317 1278 archivio
1336 1244 1392 1276 ven.

124 1318 208 1382 Capit.
228 1317 290 1369 cccl.
311 1318 411 1382 zngrab.
432 1320 493 1368 Act.
515 1318 577 1382 Cap.
598 1325 649 1368 ant.
670 1319 730 1368 fasc.
755 1330 793 1367 ιο.
813 1333 843 1366 nr
871 1329 903 1380 23

719 1548 794 1615 123.

229 1695 309 1742 Anno
333 1706 406 1756 1439.
428 1706 468 1756 23.
489 1694 586 1759 aprilis.
606 1695 721 1745 Posonii.

122 1804 257 1861 Albcrtus
279 1805 459 1875 Himgariae
481 1813 531 1864 etc.
561 1823 615 1861 rex
644 1805 769 1876 capitulo
798 1803 982 1877 zcrgrabiensi
1002 1803 1193 1877 possessiones
1224 1799 1392 1876 Krnljcvec,

131 1912 221 1987 Cerje,
237 1910 386 1986 Kobiljak,
404 1909 515 1986 Sniblje
529 1919 557 1968 et
571 1911 655 1968 Nar!
669 1929 731 1968 cum
748 1911 877 1968 ottrnibus
884 1910 1015 1986 juribus,
1030 1927 1104 1984 quae
1118 1909 1226 1977 insunt,
1245 1907 1320 1964 dono
1334 1906 1391 1964 dat.

565 2051 719 2100 Commissio
738 2051 841 2115 propria
860 2050 959 2098 domini
978 2048 1046 2112 regis
1065 2047 1188 2111 magistro
1206 2046 1343 2111 Stephano
1361 2045 1391 2094 dc

597 2139 663 2205 Epir,
683 2140 816 2204 preposito
835 2139 935 2188 albensi
954 2139 979 2189 ei
999 2136 1195 2202 prothonotario
1214 2135 1346 2186 referenti.

227 2252 290 2309 Nos
313 2253 463 2310 :ilbertus
487 2253 536 2311 dei
559 2255 663 2325 gracia
686 2254 899 2310 Romanorum
929 2268 991 2321 rex,
1023 2265 1147 2324 semper
1175 2253 1336 2321 augustus,
1357 2262 1390 2305 ac

121 2357 287 2430 Hungarie‚
311 2358 466 2432 Bohemic,
489 2360 659 2429 Dalmacie‚
691 2359 901 2432 Chroacieque
935 2374 999 2430 rex,
1023 2362 1053 2416 et
1083 2357 1147 2416 dux
1179 2357 1306 2415 Austrie
1337 2362 1389 2412 etc.

120 2463 239 2522 Tenorc
263 2467 456 2538 presencium
479 2466 698 2538 significamus,
721 2467 835 2539 quibus
865 2465 992 2538 expedit
1021 2466 1182 2523 universis.
1213 2463 1308 2538 Quod
1335 2477 1389 2520 nos

120 2572 209 2629 sicuti
233 2573 271 2629 ad
296 2578 453 2630 certorum
474 2579 652 2631 nostrorum
676 2573 817 2630 fidelium
848 2573 1114 2647 supplicacionem
1144 2578 1176 2631 et
1206 2571 1389 2630 instanciam

120 2679 210 2736 nobis
235 2687 400 2753 propterea
424 2681 595 2737 subiective
618 2686 802 2752 porrectam,
837 2681 880 2737 sic
913 2681 1067 2752 novimus,
1098 2681 1195 2738 immo
1219 2680 1388 2753 potissime,

120 2800 241 2843 summa
264 2802 320 2844 nos
344 2786 512 2844 devocione
535 2792 685 2856 monente,
710 2801 771 2859 qua
795 2787 974 2843 beatissimo
1002 2786 1159 2860 Stephano
1188 2786 1266 2859 regi,
1298 2786 1388 2843 huius

119 2893 207 2965 regni
230 2894 387 2965 llungaric
412 2901 542 2967 patrono
567 2899 596 2950 et
619 2894 772 2967 apostolo,
798 2908 859 2965 quo
883 2898 1026 2951 monente
1056 2900 1087 2952 et
1116 2894 1287 2951 salubriter
1317 2907 1388 2966 ope·

119 3005 206 3056 rante
230 3000 312 3058 idem
337 3017 467 3073 regnum
492 3001 634 3073 primeva
664 3000 738 3058 fidei
772 2999 926 3057 katholice
960 3001 1079 3072 accepit
1113 2998 1325 3069 fundamenta,
1358 2999 1386 3055 in

120 3106 267 3179 cuiusque
290 3107 414 3164 nomine
438 3107 574 3179 glorioso
597 3106 787 3165 kathedralis
809 3106 937 3163 ecclesia
959 3106 1167 3178 zagrabiensis
1198 3103 1328 3163 fundata
1359 3109 1387 3161 et

120 3213 244 3285 copiosa
280 3213 441 3271 dotacione
476 3213 620 3270 decorata
655 3214 767 3283 existit,
802 3213 930 3286 speciali
953 3213 1124 3269 intencione
1145 3211 1311 3282 afficimur,
1335 3210 1387 3268 sed

120 3317 161 3373 ob
185 3334 282 3391 spem,
319 3334 411 3390 quam
448 3319 486 3375 ad
518 3326 753 3387 sacrosanctam,
786 3318 981 3375 salutiferam
1011 3323 1041 3375 et
1069 3317 1231 3375 vivificam
1254 3332 1386 3386 crucem,

119 3425 205 3480 cuius
228 3425 378 3494 signaculi
403 3425 539 3482 misterio
564 3427 604 3481 ab
629 3426 775 3483 omnibus
803 3423 917 3499 jugiter
950 3425 1122 3483 liberamur
1157 3424 1314 3496 periculis,
1337 3439 1386 3495 ge·

119 3530 217 3586 rimus
241 3531 387 3602 precipue
412 3537 440 3587 et
464 3531 622 3601 habemus,
648 3531 797 3604 quasdam
815 3532 1023 3604 possessiones
1035 3531 1219 3602 Krolyowcz
1235 3536 1385 3599 vocatam,

119 3651 153 3692 ac
177 3637 355 3707 porcionem
380 3638 653 3708 posscssionariam
678 3639 708 3695 in
732 3639 924 3712 possessione
948 3638 1062 3711 Czeryc
1085 3637 1255 3711 appellata,
1272 3637 1384 3706 habita,

118 3757 257 3799 necnon
281 3742 434 3800 tributum
458 3744 489 3799 in
513 3742 621 3800 endem
647 3744 761 3817 Czerye
784 3745 866 3817 exigi
890 3745 1036 3814 solitum;
1067 3744 1141 3802 item
1165 3744 1242 3801 alias
1266 3758 1385 3817 posses·

119 3849 218 3906 sioncs
243 3849 415 3920 Kohylyac,
439 3849 589 3921 Zwyblye
613 3855 642 3906 ct
665 3851 783 3909 Naarth
805 3856 1006 3923 nuncupatas,
1031 3851 1158 3908 omnino
1182 3850 1214 3907 in
1237 3851 1384 3908 comitatu

118 3955 308 4026 zagrabiensi
344 3956 515 4025 existentes,
552 3956 582 4012 in
617 3972 749 4028 quarum
784 3957 914 4031 pacilico
949 3957 1076 4014 domino
1111 3955 1232 4030 prefata
1256 3956 1383 4014 ecclesia

118 4062 324 4132 zagrabiensis
348 4068 377 4120 et
400 4064 498 4120 altare
521 4068 718 4135 prenotatum
742 4065 772 4120 in
796 4065 863 4137 ipsa
887 4063 1016 4120 ecclesia
1041 4068 1252 4123 constructum
1277 4068 1308 4121 et
1330 4078 1385 4136 per

119 4183 306 4240 consequens
340 4176 441 4226 rector
464 4170 571 4226 altaris
595 4169 774 4226 eiusdema
804 4170 921 4227 dudum
953 4171 1132 4242 perstitisse,
1160 4171 1384 4244 persistereque

119 4281 315 4332 assecuratur
340 4277 436 4334 eciam
462 4276 499 4333 de
523 4277 666 4349 presenti,
690 4277 784 4334 simul
809 4293 879 4333 curn
904 4277 988 4334 omni
1011 4275 1078 4351 jure
1100 4281 1207 4335 nostro
1240 4278 1337 4350 regio,
1359 4276 1384 4334 si

119 4380 203 4453 quod
238 4382 267 4439 in
304 4382 418 4439 eisdem
452 4383 698 4457 possessionibus
730 4391 759 4440 et
794 4384 939 4457 porcione
972 4383 1214 4457 possessionaria
1244 4399 1384 4442 necnon

118 4487 235 4544 tributo
259 4488 397 4561 predicto
422 4491 689 4562 qualitercumque
713 4491 898 4547 haberemus
921 4497 950 4548 et
973 4496 1112 4549 nostram
1135 4490 1384 4564 quibuscumque

118 4594 228 4666 modis,
263 4596 362 4653 causis
397 4600 426 4654 et
455 4597 631 4654 nacionibus
665 4606 861 4658 concerneret
894 4599 1094 4671 maiestatem,
1119 4599 1301 4670 cunctisque
1321 4597 1383 4658 suis
