<?xml version="1.0" encoding="UTF-8"?>
<!DOCTYPE html PUBLIC "-//W3C//DTD XHTML 1.0 Transitional//EN"
    "http://www.w3.org/TR/xhtml1/DTD/xhtml1-transitional.dtd">
<html xmlns="http://www.w3.org/1999/xhtml" xml:lang="en" lang="en">
 <head>
  <title>
</title>
<meta http-equiv="Content-Type" content="text/html;charset=utf-8" />
  <meta name='ocr-system' content='tesseract 3.04.00' />
  <meta name='ocr-capabilities' content='ocr_page ocr_carea ocr_par ocr_line ocrx_word'/>
</head>
<body>
  <div class='ocr_page' id='page_1' title='image "./monumentahistor01laszgoog_0369.png"; bbox 0 0 3278 5348; ppageno 0'>
   <div class='ocr_carea' id='block_1_1' title="bbox 616 377 1454 456">
    <p class='ocr_par' dir='ltr' id='par_1_1' title="bbox 616 377 1454 456">
     <span class='ocr_line' id='line_1_1' title="bbox 616 377 1454 456; baseline 0.005 -20"><span class='ocrx_word' id='word_1_1' title='bbox 616 379 689 437; x_wconf 83' lang='lat' dir='ltr'>Dec.</span> <span class='ocrx_word' id='word_1_2' title='bbox 712 388 759 456; x_wconf 88' lang='lat'>79.</span> <span class='ocrx_word' id='word_1_3' title='bbox 787 412 828 422; x_wconf 91' lang='lat'>-—</span> <span class='ocrx_word' id='word_1_4' title='bbox 851 377 909 437; x_wconf 86' lang='lat' dir='ltr'>An.</span> <span class='ocrx_word' id='word_1_5' title='bbox 935 392 1024 456; x_wconf 71' lang='lat'><em>1434·</em></span> <span class='ocrx_word' id='word_1_6' title='bbox 1367 448 1371 455; x_wconf 60' lang='grc'>,</span> <span class='ocrx_word' id='word_1_7' title='bbox 1396 397 1454 455; x_wconf 86' lang='lat'>¹03</span> 
     </span>
    </p>
   </div>
   <div class='ocr_carea' id='block_1_2' title="bbox 186 593 1458 1309">
    <p class='ocr_par' dir='ltr' id='par_1_2' title="bbox 186 593 1458 1309">
     <span class='ocr_line' id='line_1_2' title="bbox 190 593 1457 672; baseline -0.003 -15"><span class='ocrx_word' id='word_1_8' title='bbox 190 603 254 657; x_wconf 87' lang='lat' dir='ltr'>tore</span> <span class='ocrx_word' id='word_1_9' title='bbox 269 601 449 672; x_wconf 87' lang='lat' dir='ltr'>apparente,</span> <span class='ocrx_word' id='word_1_10' title='bbox 465 595 576 654; x_wconf 88' lang='lat' dir='ltr'>diebus</span> <span class='ocrx_word' id='word_1_11' title='bbox 591 596 753 669; x_wconf 84' lang='lat' dir='ltr'>legittimis</span> <span class='ocrx_word' id='word_1_12' title='bbox 774 600 805 653; x_wconf 92' lang='lat' dir='ltr'>et</span> <span class='ocrx_word' id='word_1_13' title='bbox 827 595 973 667; x_wconf 85' lang='lat' dir='ltr'>congruis</span> <span class='ocrx_word' id='word_1_14' title='bbox 987 593 1075 672; x_wconf 84' lang='lat' dir='ltr'>juxta</span> <span class='ocrx_word' id='word_1_15' title='bbox 1090 597 1179 669; x_wconf 84' lang='lat' dir='ltr'>regni</span> <span class='ocrx_word' id='word_1_16' title='bbox 1203 595 1457 654; x_wconf 77' lang='lat' dir='ltr'>consuetudinem</span> 
     </span>
     <span class='ocr_line' id='line_1_3' title="bbox 188 701 1457 777; baseline -0.002 -16"><span class='ocrx_word' id='word_1_17' title='bbox 188 704 218 762; x_wconf 92' lang='lat' dir='ltr'>in</span> <span class='ocrx_word' id='word_1_18' title='bbox 248 703 389 763; x_wconf 85' lang='lat' dir='ltr'>faciebus</span> <span class='ocrx_word' id='word_1_19' title='bbox 424 701 605 761; x_wconf 87' lang='lat' dir='ltr'>earumdem</span> <span class='ocrx_word' id='word_1_20' title='bbox 634 718 826 777; x_wconf 84' lang='lat' dir='ltr'>permanens.</span> <span class='ocrx_word' id='word_1_21' title='bbox 857 701 891 760; x_wconf 93' lang='lat' dir='ltr'>In</span> <span class='ocrx_word' id='word_1_22' title='bbox 921 703 1008 759; x_wconf 90' lang='lat' dir='ltr'>euius</span> <span class='ocrx_word' id='word_1_23' title='bbox 1031 702 1076 759; x_wconf 87' lang='lat' dir='ltr'>r&#39;ei</span> <span class='ocrx_word' id='word_1_24' title='bbox 1108 702 1304 772; x_wconf 88' lang='lat' dir='ltr'>memoriam,</span> <span class='ocrx_word' id='word_1_25' title='bbox 1328 701 1457 759; x_wconf 87' lang='lat' dir='ltr'>firmita-</span> 
     </span>
     <span class='ocr_line' id='line_1_4' title="bbox 188 805 1458 884; baseline -0.001 -18"><span class='ocrx_word' id='word_1_26' title='bbox 188 816 314 883; x_wconf 84' lang='lat' dir='ltr'>temque</span> <span class='ocrx_word' id='word_1_27' title='bbox 347 815 533 884; x_wconf 89' lang='lat' dir='ltr'>perpetuam</span> <span class='ocrx_word' id='word_1_28' title='bbox 566 813 725 883; x_wconf 83' lang='lat' dir='ltr'>presentes</span> <span class='ocrx_word' id='word_1_29' title='bbox 758 808 887 870; x_wconf 76' lang='lat' dir='ltr'>litteras,</span> <span class='ocrx_word' id='word_1_30' title='bbox 910 812 1031 865; x_wconf 89' lang='lat' dir='ltr'>nostras</span> <span class='ocrx_word' id='word_1_31' title='bbox 1059 807 1272 881; x_wconf 88' lang='lat' dir='ltr'>privilegiales</span> <span class='ocrx_word' id='word_1_32' title='bbox 1295 805 1458 881; x_wconf 89' lang='lat' dir='ltr'>pendentis</span> 
     </span>
     <span class='ocr_line' id='line_1_5' title="bbox 187 914 1456 988; baseline -0.002 -14"><span class='ocrx_word' id='word_1_33' title='bbox 187 916 333 974; x_wconf 84' lang='lat' dir='ltr'>autentici</span> <span class='ocrx_word' id='word_1_34' title='bbox 353 915 452 987; x_wconf 84' lang='lat' dir='ltr'>sigilli</span> <span class='ocrx_word' id='word_1_35' title='bbox 474 915 572 974; x_wconf 86' lang='lat' dir='ltr'>nostri</span> <span class='ocrx_word' id='word_1_36' title='bbox 588 915 759 973; x_wconf 85' lang='lat' dir='ltr'>munimine</span> <span class='ocrx_word' id='word_1_37' title='bbox 781 915 953 985; x_wconf 90' lang='lat' dir='ltr'>roboratas,</span> <span class='ocrx_word' id='word_1_38' title='bbox 969 915 1138 988; x_wconf 90' lang='lat' dir='ltr'>alphabeto</span> <span class='ocrx_word' id='word_1_39' title='bbox 1155 915 1322 985; x_wconf 89' lang='lat' dir='ltr'>intercisas,</span> <span class='ocrx_word' id='word_1_40' title='bbox 1339 914 1456 972; x_wconf 86' lang='lat' dir='ltr'>eisdem</span> 
     </span>
     <span class='ocr_line' id='line_1_6' title="bbox 187 1019 1458 1081; baseline -0.001 -2"><span class='ocrx_word' id='word_1_41' title='bbox 187 1021 322 1081; x_wconf 88' lang='lat' dir='ltr'>dominis</span> <span class='ocrx_word' id='word_1_42' title='bbox 346 1022 499 1080; x_wconf 89' lang='lat' dir='ltr'>canonicis</span> <span class='ocrx_word' id='word_1_43' title='bbox 522 1025 552 1079; x_wconf 91' lang='lat' dir='ltr'>et</span> <span class='ocrx_word' id='word_1_44' title='bbox 577 1022 690 1079; x_wconf 87' lang='lat' dir='ltr'>rectori</span> <span class='ocrx_word' id='word_1_45' title='bbox 713 1021 788 1079; x_wconf 89' lang='lat' dir='ltr'>dicti</span> <span class='ocrx_word' id='word_1_46' title='bbox 810 1021 917 1079; x_wconf 89' lang='lat' dir='ltr'>altaris</span> <span class='ocrx_word' id='word_1_47' title='bbox 933 1020 1080 1079; x_wconf 88' lang='lat' dir='ltr'>duximus</span> <span class='ocrx_word' id='word_1_48' title='bbox 1097 1019 1316 1079; x_wconf 87' lang='lat' dir='ltr'>concedendas.</span> <span class='ocrx_word' id='word_1_49' title='bbox 1340 1020 1458 1078; x_wconf 89' lang='lat' dir='ltr'>Datum</span> 
     </span>
     <span class='ocr_line' id='line_1_7' title="bbox 186 1126 1457 1202; baseline -0.003 -15"><span class='ocrx_word' id='word_1_50' title='bbox 186 1127 417 1202; x_wconf 86' lang='lat' dir='ltr'>quintodecimo</span> <span class='ocrx_word' id='word_1_51' title='bbox 451 1127 502 1185; x_wconf 91' lang='lat' dir='ltr'>‹lie</span> <span class='ocrx_word' id='word_1_52' title='bbox 536 1127 777 1202; x_wconf 88' lang='lat' dir='ltr'>possessionarie</span> <span class='ocrx_word' id='word_1_53' title='bbox 807 1126 987 1184; x_wconf 91' lang='lat' dir='ltr'>statucionis</span> <span class='ocrx_word' id='word_1_54' title='bbox 1023 1132 1192 1201; x_wconf 85' lang='lat' dir='ltr'>prenotate.</span> <span class='ocrx_word' id='word_1_55' title='bbox 1224 1129 1314 1185; x_wconf 85' lang='lat' dir='ltr'>Anno</span> <span class='ocrx_word' id='word_1_56' title='bbox 1338 1126 1457 1184; x_wconf 87' lang='lat' dir='ltr'>domini</span> 
     </span>
     <span class='ocr_line' id='line_1_8' title="bbox 186 1233 1440 1309; baseline -0.002 -16"><span class='ocrx_word' id='word_1_57' title='bbox 186 1233 376 1309; x_wconf 85' lang='lat' dir='ltr'>supradicto.</span> <span class='ocrx_word' id='word_1_58' title='bbox 1433 1238 1440 1247; x_wconf 88' lang='grc'><em>“</em></span> 
     </span>
    </p>
   </div>
   <div class='ocr_carea' id='block_1_3' title="bbox 186 1367 1454 1525">
    <p class='ocr_par' dir='ltr' id='par_1_3' title="bbox 186 1367 1454 1525">
     <span class='ocr_line' id='line_1_9' title="bbox 293 1367 1454 1435; baseline 0 -14"><span class='ocrx_word' id='word_1_59' title='bbox 293 1369 428 1435; x_wconf 77' lang='lat' dir='ltr'>Originsle</span> <span class='ocrx_word' id='word_1_60' title='bbox 455 1371 483 1420; x_wconf 90' lang='lat' dir='ltr'>in</span> <span class='ocrx_word' id='word_1_61' title='bbox 507 1369 661 1421; x_wconf 81' lang='lat' dir='ltr'>membrana.</span> <span class='ocrx_word' id='word_1_62' title='bbox 688 1371 715 1419; x_wconf 82' lang='lat' dir='ltr'><strong>A</strong></span> <span class='ocrx_word' id='word_1_63' title='bbox 740 1385 804 1419; x_wconf 84' lang='lat' dir='ltr'>zona</span> <span class='ocrx_word' id='word_1_64' title='bbox 823 1371 919 1420; x_wconf 84' lang='lat' dir='ltr'>sericea</span> <span class='ocrx_word' id='word_1_65' title='bbox 943 1369 1052 1419; x_wconf 85' lang='lat' dir='ltr'>violacei</span> <span class='ocrx_word' id='word_1_66' title='bbox 1071 1369 1165 1418; x_wconf 89' lang='lat' dir='ltr'>coloris</span> <span class='ocrx_word' id='word_1_67' title='bbox 1183 1369 1313 1434; x_wconf 86' lang='lat' dir='ltr'>appendet</span> <span class='ocrx_word' id='word_1_68' title='bbox 1332 1367 1454 1433; x_wconf 85' lang='lat' dir='ltr'>sigillum.</span> 
     </span>
     <span class='ocr_line' id='line_1_10' title="bbox 186 1459 1077 1525; baseline 0 -16"><span class='ocrx_word' id='word_1_69' title='bbox 186 1462 219 1510; x_wconf 90' lang='lat' dir='ltr'>In</span> <span class='ocrx_word' id='word_1_70' title='bbox 237 1459 307 1511; x_wconf 82' lang='lat' dir='ltr'>arch.</span> <span class='ocrx_word' id='word_1_71' title='bbox 326 1475 383 1511; x_wconf 77' lang='lat' dir='ltr'>ven.</span> <span class='ocrx_word' id='word_1_72' title='bbox 403 1460 479 1525; x_wconf 85' lang='lat' dir='ltr'>capit.</span> <span class='ocrx_word' id='word_1_73' title='bbox 499 1459 601 1524; x_wconf 82' lang='lat' dir='ltr'>zagrab.</span> <span class='ocrx_word' id='word_1_74' title='bbox 621 1460 683 1511; x_wconf 82' lang='lat' dir='ltr'>Aet.</span> <span class='ocrx_word' id='word_1_75' title='bbox 702 1474 758 1524; x_wconf 83' lang='lat' dir='ltr'>cap.</span> <span class='ocrx_word' id='word_1_76' title='bbox 778 1466 831 1510; x_wconf 84' lang='lat' dir='ltr'>ant.</span> <span class='ocrx_word' id='word_1_77' title='bbox 851 1460 912 1509; x_wconf 80' lang='lat' dir='ltr'>fasc.</span> <span class='ocrx_word' id='word_1_78' title='bbox 933 1472 957 1511; x_wconf 85' lang='lat'>2.</span> <span class='ocrx_word' id='word_1_79' title='bbox 977 1475 1015 1511; x_wconf 85' lang='lat' dir='ltr'>ur.</span> <span class='ocrx_word' id='word_1_80' title='bbox 1036 1471 1077 1522; x_wconf 78' lang='lat'>32,</span> 
     </span>
    </p>
   </div>
   <div class='ocr_carea' id='block_1_4' title="bbox 794 1693 855 1761">
    <p class='ocr_par' dir='ltr' id='par_1_4' title="bbox 794 1693 855 1761">
     <span class='ocr_line' id='line_1_11' title="bbox 794 1693 855 1761; baseline -0.049 0"><span class='ocrx_word' id='word_1_81' title='bbox 794 1693 855 1761; x_wconf 81' lang='lat' dir='ltr'>ta.</span> 
     </span>
    </p>
   </div>
   <div class='ocr_carea' id='block_1_5' title="bbox 293 1821 849 1901">
    <p class='ocr_par' dir='ltr' id='par_1_5' title="bbox 293 1821 849 1901">
     <span class='ocr_line' id='line_1_12' title="bbox 293 1821 849 1901; baseline 0.004 -16"><span class='ocrx_word' id='word_1_82' title='bbox 293 1837 374 1885; x_wconf 83' lang='lat' dir='ltr'>Anno</span> <span class='ocrx_word' id='word_1_83' title='bbox 396 1848 471 1899; x_wconf 79' lang='lat'>1434.</span> <span class='ocrx_word' id='word_1_84' title='bbox 491 1847 533 1900; x_wconf 82' lang='lat'>23.</span> <span class='ocrx_word' id='word_1_85' title='bbox 553 1836 714 1901; x_wconf 84' lang='lat' dir='ltr'>septembris.</span> <span class='ocrx_word' id='word_1_86' title='bbox 733 1821 849 1887; x_wconf 68' lang='lat' dir='ltr'>Casurae.</span> 
     </span>
    </p>
   </div>
   <div class='ocr_carea' id='block_1_6' title="bbox 198 1962 1457 2147">
    <p class='ocr_par' dir='ltr' id='par_1_6' title="bbox 198 1962 1457 2147">
     <span class='ocr_line' id='line_1_13' title="bbox 198 1962 1457 2038; baseline -0.002 -17"><span class='ocrx_word' id='word_1_87' title='bbox 198 1962 362 2037; x_wconf 71' lang='lat' dir='ltr'>Capitulum</span> <span class='ocrx_word' id='word_1_88' title='bbox 384 1962 528 2024; x_wconf 69' lang='lat' dir='ltr'>torniense</span> <span class='ocrx_word' id='word_1_89' title='bbox 550 1964 693 2022; x_wconf 67' lang='lat' dir='ltr'>Maliaco</span> <span class='ocrx_word' id='word_1_90' title='bbox 716 1963 837 2032; x_wconf 82' lang='lat' dir='ltr'>Paloclr,</span> <span class='ocrx_word' id='word_1_91' title='bbox 860 1964 959 2021; x_wconf 70' lang='lat' dir='ltr'>currere</span> <span class='ocrx_word' id='word_1_92' title='bbox 973 1962 1073 2038; x_wconf 63' lang='lat' dir='ltr'>sarrire</span> <span class='ocrx_word' id='word_1_93' title='bbox 1096 1971 1216 2035; x_wconf 76' lang='lat' dir='ltr'>cogente,</span> <span class='ocrx_word' id='word_1_94' title='bbox 1232 1963 1457 2020; x_wconf 79' lang='lat' dir='ltr'>communitatem</span> 
     </span>
     <span class='ocr_line' id='line_1_14' title="bbox 262 2069 1388 2147; baseline -0.002 -19"><span class='ocrx_word' id='word_1_95' title='bbox 262 2072 387 2129; x_wconf 81' lang='lat' dir='ltr'>civitatis</span> <span class='ocrx_word' id='word_1_96' title='bbox 409 2071 527 2146; x_wconf 78' lang='lat' dir='ltr'>zagrab.</span> <span class='ocrx_word' id='word_1_97' title='bbox 550 2090 570 2129; x_wconf 87' lang='lat' dir='ltr'>a</span> <span class='ocrx_word' id='word_1_98' title='bbox 592 2090 622 2130; x_wconf 84' lang='lat' dir='ltr'>se</span> <span class='ocrx_word' id='word_1_99' title='bbox 643 2073 674 2129; x_wconf 85' lang='lat' dir='ltr'>in</span> <span class='ocrx_word' id='word_1_100' title='bbox 690 2073 746 2147; x_wconf 88' lang='lat' dir='ltr'>jus</span> <span class='ocrx_word' id='word_1_101' title='bbox 768 2078 898 2130; x_wconf 82' lang='lat' dir='ltr'>uocatam</span> <span class='ocrx_word' id='word_1_102' title='bbox 921 2089 979 2128; x_wconf 87' lang='lat' dir='ltr'>esse</span> <span class='ocrx_word' id='word_1_103' title='bbox 1002 2069 1185 2143; x_wconf 70' lang='lat' dir='ltr'>Sr&#39;gismundo</span> <span class='ocrx_word' id='word_1_104' title='bbox 1207 2072 1272 2143; x_wconf 83' lang='lat' dir='ltr'>regi</span> <span class='ocrx_word' id='word_1_105' title='bbox 1291 2071 1388 2144; x_wconf 80' lang='lat' dir='ltr'>refert.</span> 
     </span>
    </p>
   </div>
   <div class='ocr_carea' id='block_1_7' title="bbox 183 2216 1466 4951">
    <p class='ocr_par' dir='ltr' id='par_1_7' title="bbox 183 2216 1466 4951">
     <span class='ocr_line' id='line_1_15' title="bbox 292 2216 1456 2293; baseline -0.003 -17"><span class='ocrx_word' id='word_1_106' title='bbox 292 2216 496 2277; x_wconf 88' lang='lat' dir='ltr'>Serenissimo</span> <span class='ocrx_word' id='word_1_107' title='bbox 519 2219 653 2293; x_wconf 87' lang='lat' dir='ltr'>principi</span> <span class='ocrx_word' id='word_1_108' title='bbox 677 2217 805 2276; x_wconf 87' lang='lat' dir='ltr'>domino</span> <span class='ocrx_word' id='word_1_109' title='bbox 825 2216 1026 2290; x_wconf 86' lang='lat' dir='ltr'>Sigismundo</span> <span class='ocrx_word' id='word_1_110' title='bbox 1043 2217 1093 2274; x_wconf 91' lang='lat' dir='ltr'>dei</span> <span class='ocrx_word' id='word_1_111' title='bbox 1109 2218 1213 2288; x_wconf 83' lang='lat' dir='ltr'>gracia</span> <span class='ocrx_word' id='word_1_112' title='bbox 1244 2216 1456 2273; x_wconf 91' lang='lat' dir='ltr'>Romanorum</span> 
     </span>
     <span class='ocr_line' id='line_1_16' title="bbox 194 2320 1457 2399; baseline -0.003 -17"><span class='ocrx_word' id='word_1_113' title='bbox 194 2326 388 2399; x_wconf 91' lang='lat' dir='ltr'>imperatori,</span> <span class='ocrx_word' id='word_1_114' title='bbox 412 2340 536 2399; x_wconf 85' lang='lat' dir='ltr'>semper</span> <span class='ocrx_word' id='word_1_115' title='bbox 558 2329 699 2396; x_wconf 88' lang='lat' dir='ltr'>augusto,</span> <span class='ocrx_word' id='word_1_116' title='bbox 722 2339 758 2381; x_wconf 92' lang='lat' dir='ltr'>ac</span> <span class='ocrx_word' id='word_1_117' title='bbox 774 2324 940 2396; x_wconf 87' lang='lat' dir='ltr'>Hungarie‚</span> <span class='ocrx_word' id='word_1_118' title='bbox 957 2323 1112 2394; x_wconf 88' lang='lat' dir='ltr'>Bohemie,</span> <span class='ocrx_word' id='word_1_119' title='bbox 1136 2320 1305 2393; x_wconf 90' lang='lat' dir='ltr'>Dalmacie,</span> <span class='ocrx_word' id='word_1_120' title='bbox 1330 2322 1457 2380; x_wconf 88' lang='lat' dir='ltr'>Croacie</span> 
     </span>
     <span class='ocr_line' id='line_1_17' title="bbox 187 2429 1458 2504; baseline -0.004 -15"><span class='ocrx_word' id='word_1_121' title='bbox 187 2438 242 2491; x_wconf 89' lang='lat' dir='ltr'>etc.</span> <span class='ocrx_word' id='word_1_122' title='bbox 267 2433 343 2504; x_wconf 89' lang='lat' dir='ltr'>regi,</span> <span class='ocrx_word' id='word_1_123' title='bbox 367 2430 494 2489; x_wconf 88' lang='lat' dir='ltr'>domino</span> <span class='ocrx_word' id='word_1_124' title='bbox 518 2432 657 2503; x_wconf 88' lang='lat' dir='ltr'>ipsorum</span> <span class='ocrx_word' id='word_1_125' title='bbox 675 2431 818 2502; x_wconf 91' lang='lat' dir='ltr'>naturali,</span> <span class='ocrx_word' id='word_1_126' title='bbox 840 2430 1012 2503; x_wconf 90' lang='lat' dir='ltr'>capitulum</span> <span class='ocrx_word' id='word_1_127' title='bbox 1038 2430 1165 2487; x_wconf 86' lang='lat' dir='ltr'>ecclesie</span> <span class='ocrx_word' id='word_1_128' title='bbox 1186 2429 1373 2486; x_wconf 90' lang='lat' dir='ltr'>chasmensis</span> <span class='ocrx_word' id='word_1_129' title='bbox 1389 2443 1458 2486; x_wconf 90' lang='lat' dir='ltr'>ora-</span> 
     </span>
     <span class='ocr_line' id='line_1_18' title="bbox 192 2534 1457 2610; baseline -0.004 -15"><span class='ocrx_word' id='word_1_130' title='bbox 192 2539 315 2596; x_wconf 93' lang='lat' dir='ltr'>cionum</span> <span class='ocrx_word' id='word_1_131' title='bbox 344 2537 493 2609; x_wconf 81' lang='lat' dir='ltr'>suffragia</span> <span class='ocrx_word' id='word_1_132' title='bbox 524 2536 708 2594; x_wconf 88' lang='lat' dir='ltr'>devotarum</span> <span class='ocrx_word' id='word_1_133' title='bbox 740 2552 809 2593; x_wconf 94' lang='lat' dir='ltr'>cum</span> <span class='ocrx_word' id='word_1_134' title='bbox 846 2542 996 2610; x_wconf 90' lang='lat' dir='ltr'>perpetua</span> <span class='ocrx_word' id='word_1_135' title='bbox 1029 2535 1188 2592; x_wconf 89' lang='lat' dir='ltr'>fidelitate.</span> <span class='ocrx_word' id='word_1_136' title='bbox 1224 2534 1356 2591; x_wconf 87' lang='lat' dir='ltr'>Noverit</span> <span class='ocrx_word' id='word_1_137' title='bbox 1388 2535 1457 2608; x_wconf 90' lang='lat' dir='ltr'>ipsa</span> 
     </span>
     <span class='ocr_line' id='line_1_19' title="bbox 189 2639 1456 2716; baseline -0.002 -16"><span class='ocrx_word' id='word_1_138' title='bbox 189 2650 290 2701; x_wconf 89' lang='lat' dir='ltr'>vestra</span> <span class='ocrx_word' id='word_1_139' title='bbox 314 2644 471 2715; x_wconf 84' lang='lat' dir='ltr'>serenitas,</span> <span class='ocrx_word' id='word_1_140' title='bbox 495 2643 578 2716; x_wconf 86' lang='lat' dir='ltr'>quod</span> <span class='ocrx_word' id='word_1_141' title='bbox 602 2658 660 2700; x_wconf 93' lang='lat' dir='ltr'>nos</span> <span class='ocrx_word' id='word_1_142' title='bbox 676 2643 792 2700; x_wconf 91' lang='lat' dir='ltr'>honore</span> <span class='ocrx_word' id='word_1_143' title='bbox 809 2657 871 2715; x_wconf 91' lang='lat' dir='ltr'>quo</span> <span class='ocrx_word' id='word_1_144' title='bbox 887 2642 989 2699; x_wconf 85' lang='lat' dir='ltr'>decuit</span> <span class='ocrx_word' id='word_1_145' title='bbox 1008 2643 1139 2715; x_wconf 88' lang='lat' dir='ltr'>receptis</span> <span class='ocrx_word' id='word_1_146' title='bbox 1163 2640 1274 2698; x_wconf 90' lang='lat' dir='ltr'>litteris</span> <span class='ocrx_word' id='word_1_147' title='bbox 1299 2639 1456 2712; x_wconf 88' lang='lat' dir='ltr'>magnifici</span> 
     </span>
     <span class='ocr_line' id='line_1_20' title="bbox 186 2746 1456 2824; baseline -0.003 -18"><span class='ocrx_word' id='word_1_148' title='bbox 186 2747 304 2806; x_wconf 86' lang='lat' dir='ltr'>domini</span> <span class='ocrx_word' id='word_1_149' title='bbox 327 2749 449 2805; x_wconf 90' lang='lat' dir='ltr'>comitis</span> <span class='ocrx_word' id='word_1_150' title='bbox 472 2749 617 2820; x_wconf 85' lang='lat' dir='ltr'>Mathyus</span> <span class='ocrx_word' id='word_1_151' title='bbox 641 2748 680 2806; x_wconf 91' lang='lat' dir='ltr'>de</span> <span class='ocrx_word' id='word_1_152' title='bbox 696 2749 810 2806; x_wconf 88' lang='lat' dir='ltr'>Paloch</span> <span class='ocrx_word' id='word_1_153' title='bbox 825 2746 937 2824; x_wconf 90' lang='lat' dir='ltr'>judicis</span> <span class='ocrx_word' id='word_1_154' title='bbox 953 2749 1036 2805; x_wconf 90' lang='lat' dir='ltr'>curie</span> <span class='ocrx_word' id='word_1_155' title='bbox 1052 2749 1148 2821; x_wconf 90' lang='lat' dir='ltr'>ipsius</span> <span class='ocrx_word' id='word_1_156' title='bbox 1168 2752 1270 2804; x_wconf 87' lang='lat' dir='ltr'>vestre</span> <span class='ocrx_word' id='word_1_157' title='bbox 1286 2747 1456 2804; x_wconf 88' lang='lat' dir='ltr'>serenitatis</span> 
     </span>
     <span class='ocr_line' id='line_1_21' title="bbox 186 2853 1457 2927; baseline -0.002 -16"><span class='ocrx_word' id='word_1_158' title='bbox 186 2855 382 2925; x_wconf 86' lang='lat' dir='ltr'>evocatoriis,</span> <span class='ocrx_word' id='word_1_159' title='bbox 406 2855 496 2912; x_wconf 91' lang='lat' dir='ltr'>nobis</span> <span class='ocrx_word' id='word_1_160' title='bbox 508 2855 715 2912; x_wconf 90' lang='lat' dir='ltr'>amicabiliter</span> <span class='ocrx_word' id='word_1_161' title='bbox 737 2855 869 2927; x_wconf 90' lang='lat' dir='ltr'>directis,</span> <span class='ocrx_word' id='word_1_162' title='bbox 894 2869 971 2927; x_wconf 90' lang='lat' dir='ltr'>quas</span> <span class='ocrx_word' id='word_1_163' title='bbox 994 2856 1094 2927; x_wconf 90' lang='lat' dir='ltr'>capite</span> <span class='ocrx_word' id='word_1_164' title='bbox 1113 2854 1210 2912; x_wconf 90' lang='lat' dir='ltr'>nostri</span> <span class='ocrx_word' id='word_1_165' title='bbox 1225 2853 1321 2925; x_wconf 79' lang='lat' dir='ltr'>sigilli</span> <span class='ocrx_word' id='word_1_166' title='bbox 1338 2853 1457 2924; x_wconf 87' lang='lat' dir='ltr'>consig-</span> 
     </span>
     <span class='ocr_line' id='line_1_22' title="bbox 185 2958 1456 3034; baseline -0.004 -14"><span class='ocrx_word' id='word_1_167' title='bbox 185 2966 291 3020; x_wconf 88' lang='lat' dir='ltr'>nantes</span> <span class='ocrx_word' id='word_1_168' title='bbox 318 2961 411 3018; x_wconf 87' lang='lat' dir='ltr'>vobis</span> <span class='ocrx_word' id='word_1_169' title='bbox 434 2963 465 3018; x_wconf 94' lang='lat' dir='ltr'>in</span> <span class='ocrx_word' id='word_1_170' title='bbox 488 2963 591 3034; x_wconf 90' lang='lat' dir='ltr'>speeie</span> <span class='ocrx_word' id='word_1_171' title='bbox 623 2961 769 3018; x_wconf 86' lang='lat' dir='ltr'>duximus</span> <span class='ocrx_word' id='word_1_172' title='bbox 805 2960 1056 3018; x_wconf 87' lang='lat' dir='ltr'>transmittendas</span> <span class='ocrx_word' id='word_1_173' title='bbox 1092 2966 1121 3017; x_wconf 91' lang='lat' dir='ltr'>et</span> <span class='ocrx_word' id='word_1_174' title='bbox 1155 2962 1241 3017; x_wconf 87' lang='lat' dir='ltr'>iuxta</span> <span class='ocrx_word' id='word_1_175' title='bbox 1275 2958 1456 3016; x_wconf 87' lang='lat' dir='ltr'>earumdem</span> 
     </span>
     <span class='ocr_line' id='line_1_23' title="bbox 186 3066 1456 3138; baseline -0.002 -12"><span class='ocrx_word' id='word_1_176' title='bbox 186 3069 409 3126; x_wconf 89' lang='lat' dir='ltr'>continenciam</span> <span class='ocrx_word' id='word_1_177' title='bbox 433 3082 567 3125; x_wconf 89' lang='lat' dir='ltr'>unacum</span> <span class='ocrx_word' id='word_1_178' title='bbox 591 3068 751 3126; x_wconf 91' lang='lat' dir='ltr'>Demetrio</span> <span class='ocrx_word' id='word_1_179' title='bbox 775 3067 813 3124; x_wconf 89' lang='lat' dir='ltr'>de</span> <span class='ocrx_word' id='word_1_180' title='bbox 837 3069 999 3138; x_wconf 89' lang='lat' dir='ltr'>Drenowa,</span> <span class='ocrx_word' id='word_1_181' title='bbox 1030 3068 1156 3125; x_wconf 91' lang='lat' dir='ltr'>homine</span> <span class='ocrx_word' id='word_1_182' title='bbox 1185 3066 1324 3124; x_wconf 88' lang='lat' dir='ltr'>eiusdem</span> <span class='ocrx_word' id='word_1_183' title='bbox 1354 3071 1456 3123; x_wconf 87' lang='lat' dir='ltr'>vestre</span> 
     </span>
     <span class='ocr_line' id='line_1_24' title="bbox 185 3172 1456 3247; baseline -0.001 -17"><span class='ocrx_word' id='word_1_184' title='bbox 185 3175 356 3231; x_wconf 87' lang='lat' dir='ltr'>serenitatis</span> <span class='ocrx_word' id='word_1_185' title='bbox 381 3174 410 3230; x_wconf 94' lang='lat' dir='ltr'>in</span> <span class='ocrx_word' id='word_1_186' title='bbox 444 3172 560 3231; x_wconf 91' lang='lat' dir='ltr'>eisdem</span> <span class='ocrx_word' id='word_1_187' title='bbox 585 3174 696 3231; x_wconf 89' lang='lat' dir='ltr'>litteris</span> <span class='ocrx_word' id='word_1_188' title='bbox 720 3174 816 3247; x_wconf 90' lang='lat' dir='ltr'>ipsius</span> <span class='ocrx_word' id='word_1_189' title='bbox 833 3173 952 3230; x_wconf 90' lang='lat' dir='ltr'>domini</span> <span class='ocrx_word' id='word_1_190' title='bbox 975 3174 1096 3230; x_wconf 89' lang='lat' dir='ltr'>comitis</span> <span class='ocrx_word' id='word_1_191' title='bbox 1109 3173 1252 3244; x_wconf 87' lang='lat' dir='ltr'>hlathyus</span> <span class='ocrx_word' id='word_1_192' title='bbox 1272 3173 1456 3230; x_wconf 89' lang='lat' dir='ltr'>evocatoriis</span> 
     </span>
     <span class='ocr_line' id='line_1_25' title="bbox 186 3278 1454 3353; baseline -0.001 -16"><span class='ocrx_word' id='word_1_193' title='bbox 186 3280 263 3337; x_wconf 91' lang='lat' dir='ltr'>inter</span> <span class='ocrx_word' id='word_1_194' title='bbox 286 3279 364 3336; x_wconf 91' lang='lat' dir='ltr'>alios</span> <span class='ocrx_word' id='word_1_195' title='bbox 400 3278 542 3336; x_wconf 91' lang='lat' dir='ltr'>homines</span> <span class='ocrx_word' id='word_1_196' title='bbox 573 3280 670 3353; x_wconf 88' lang='lat' dir='ltr'>ipsius</span> <span class='ocrx_word' id='word_1_197' title='bbox 704 3286 806 3337; x_wconf 88' lang='lat' dir='ltr'>vestre</span> <span class='ocrx_word' id='word_1_198' title='bbox 847 3281 1018 3337; x_wconf 88' lang='lat' dir='ltr'>serenitatis</span> <span class='ocrx_word' id='word_1_199' title='bbox 1048 3280 1231 3337; x_wconf 91' lang='lat' dir='ltr'>nominatim</span> <span class='ocrx_word' id='word_1_200' title='bbox 1271 3280 1454 3352; x_wconf 90' lang='lat' dir='ltr'>conscripto,</span> 
     </span>
     <span class='ocr_line' id='line_1_26' title="bbox 186 3364 1455 3458; baseline -0.002 -15"><span class='ocrx_word' id='word_1_201' title='bbox 186 3393 326 3443; x_wconf 91' lang='lat' dir='ltr'>nostrum</span> <span class='ocrx_word' id='word_1_202' title='bbox 350 3364 509 3442; x_wconf 85' lang='lat' dir='ltr'>hominem</span> <span class='ocrx_word' id='word_1_203' title='bbox 532 3385 676 3444; x_wconf 87' lang='lat' dir='ltr'>videlicet</span> <span class='ocrx_word' id='word_1_204' title='bbox 708 3386 875 3444; x_wconf 89' lang='lat' dir='ltr'>discretum</span> <span class='ocrx_word' id='word_1_205' title='bbox 907 3387 1012 3443; x_wconf 85' lang='lat' dir='ltr'>virum</span> <span class='ocrx_word' id='word_1_206' title='bbox 1043 3385 1214 3458; x_wconf 79' lang='lat' dir='ltr'>Georgium</span> <span class='ocrx_word' id='word_1_207' title='bbox 1246 3385 1393 3442; x_wconf 90' lang='lat' dir='ltr'>clericum</span> <span class='ocrx_word' id='word_1_208' title='bbox 1417 3385 1455 3442; x_wconf 89' lang='lat' dir='ltr'>de</span> 
     </span>
     <span class='ocr_line' id='line_1_27' title="bbox 185 3490 1455 3566; baseline -0.001 -17"><span class='ocrx_word' id='word_1_209' title='bbox 185 3490 337 3564; x_wconf 85' lang='lat' dir='ltr'>Zwsycza,</span> <span class='ocrx_word' id='word_1_210' title='bbox 355 3492 442 3549; x_wconf 91' lang='lat' dir='ltr'>chori</span> <span class='ocrx_word' id='word_1_211' title='bbox 465 3491 592 3549; x_wconf 90' lang='lat' dir='ltr'>ecclesie</span> <span class='ocrx_word' id='word_1_212' title='bbox 616 3496 718 3550; x_wconf 93' lang='lat' dir='ltr'>nostre</span> <span class='ocrx_word' id='word_1_213' title='bbox 741 3491 879 3566; x_wconf 89' lang='lat' dir='ltr'>predicte</span> <span class='ocrx_word' id='word_1_214' title='bbox 896 3492 1144 3566; x_wconf 90' lang='lat' dir='ltr'>prebendarium‚</span> <span class='ocrx_word' id='word_1_215' title='bbox 1158 3490 1198 3548; x_wconf 88' lang='lat' dir='ltr'>ad</span> <span class='ocrx_word' id='word_1_216' title='bbox 1223 3490 1455 3564; x_wconf 80' lang='lat' dir='ltr'>infrascriptam</span> 
     </span>
     <span class='ocr_line' id='line_1_28' title="bbox 187 3579 1452 3671; baseline 0.002 -18"><span class='ocrx_word' id='word_1_217' title='bbox 187 3598 401 3654; x_wconf 89' lang='lat' dir='ltr'>evocaeionem</span> <span class='ocrx_word' id='word_1_218' title='bbox 419 3579 590 3654; x_wconf 81' lang='lat' dir='ltr'>faciendam</span> <span class='ocrx_word' id='word_1_219' title='bbox 608 3603 713 3656; x_wconf 90' lang='lat' dir='ltr'>nostro</span> <span class='ocrx_word' id='word_1_220' title='bbox 730 3613 787 3671; x_wconf 92' lang='lat' dir='ltr'>pro</span> <span class='ocrx_word' id='word_1_221' title='bbox 803 3600 979 3656; x_wconf 90' lang='lat' dir='ltr'>testimonio</span> <span class='ocrx_word' id='word_1_222' title='bbox 996 3599 1223 3656; x_wconf 87' lang='lat' dir='ltr'>transmisimus</span> <span class='ocrx_word' id='word_1_223' title='bbox 1240 3597 1301 3655; x_wconf 85' lang='lat' dir='ltr'>lide</span> <span class='ocrx_word' id='word_1_224' title='bbox 1315 3596 1452 3670; x_wconf 87' lang='lat' dir='ltr'>dignum.</span> 
     </span>
     <span class='ocr_line' id='line_1_29' title="bbox 187 3701 1452 3777; baseline 0.001 -17"><span class='ocrx_word' id='word_1_225' title='bbox 187 3702 247 3776; x_wconf 83' lang='lat' dir='ltr'>Qui</span> <span class='ocrx_word' id='word_1_226' title='bbox 271 3701 396 3760; x_wconf 88' lang='lat' dir='ltr'>tandem</span> <span class='ocrx_word' id='word_1_227' title='bbox 420 3702 531 3760; x_wconf 87' lang='lat' dir='ltr'>exinde</span> <span class='ocrx_word' id='word_1_228' title='bbox 554 3701 592 3760; x_wconf 90' lang='lat' dir='ltr'>ad</span> <span class='ocrx_word' id='word_1_229' title='bbox 616 3717 672 3761; x_wconf 92' lang='lat' dir='ltr'>nos</span> <span class='ocrx_word' id='word_1_230' title='bbox 696 3706 813 3762; x_wconf 89' lang='lat' dir='ltr'>reversi</span> <span class='ocrx_word' id='word_1_231' title='bbox 837 3705 926 3762; x_wconf 91' lang='lat' dir='ltr'>nobis</span> <span class='ocrx_word' id='word_1_232' title='bbox 950 3704 1147 3762; x_wconf 85' lang='lat' dir='ltr'>uniformiter</span> <span class='ocrx_word' id='word_1_233' title='bbox 1162 3703 1343 3773; x_wconf 89' lang='lat' dir='ltr'>retulerunt,</span> <span class='ocrx_word' id='word_1_234' title='bbox 1368 3703 1452 3777; x_wconf 92' lang='lat' dir='ltr'>quod</span> 
     </span>
     <span class='ocr_line' id='line_1_30' title="bbox 187 3808 1454 3884; baseline 0.001 -18"><span class='ocrx_word' id='word_1_235' title='bbox 187 3808 326 3883; x_wconf 88' lang='lat' dir='ltr'>prelatus</span> <span class='ocrx_word' id='word_1_236' title='bbox 348 3809 443 3867; x_wconf 88' lang='lat' dir='ltr'>horno</span> <span class='ocrx_word' id='word_1_237' title='bbox 466 3809 564 3882; x_wconf 90' lang='lat' dir='ltr'>ipsius</span> <span class='ocrx_word' id='word_1_238' title='bbox 584 3814 684 3867; x_wconf 90' lang='lat' dir='ltr'>vestre</span> <span class='ocrx_word' id='word_1_239' title='bbox 699 3812 880 3883; x_wconf 86' lang='lat' dir='ltr'>serenitatis,</span> <span class='ocrx_word' id='word_1_240' title='bbox 893 3817 1032 3884; x_wconf 89' lang='lat' dir='ltr'>presente</span> <span class='ocrx_word' id='word_1_241' title='bbox 1049 3810 1131 3868; x_wconf 90' lang='lat' dir='ltr'>dicto</span> <span class='ocrx_word' id='word_1_242' title='bbox 1147 3814 1252 3868; x_wconf 89' lang='lat' dir='ltr'>nostro</span> <span class='ocrx_word' id='word_1_243' title='bbox 1269 3811 1454 3881; x_wconf 91' lang='lat' dir='ltr'>testimonio,</span> 
     </span>
     <span class='ocr_line' id='line_1_31' title="bbox 187 3916 1454 3991; baseline 0 -18"><span class='ocrx_word' id='word_1_244' title='bbox 187 3916 319 3973; x_wconf 87' lang='lat' dir='ltr'>sabbato</span> <span class='ocrx_word' id='word_1_245' title='bbox 343 3917 488 3989; x_wconf 88' lang='lat' dir='ltr'>proximo</span> <span class='ocrx_word' id='word_1_246' title='bbox 517 3920 587 3973; x_wconf 92' lang='lat' dir='ltr'>ante</span> <span class='ocrx_word' id='word_1_247' title='bbox 622 3916 736 3973; x_wconf 87' lang='lat' dir='ltr'>festum</span> <span class='ocrx_word' id='word_1_248' title='bbox 763 3917 846 3974; x_wconf 90' lang='lat' dir='ltr'>beati</span> <span class='ocrx_word' id='word_1_249' title='bbox 881 3918 994 3974; x_wconf 85' lang='lat' dir='ltr'>hlathei</span> <span class='ocrx_word' id='word_1_250' title='bbox 1027 3917 1161 3991; x_wconf 87' lang='lat' dir='ltr'>apostoli</span> <span class='ocrx_word' id='word_1_251' title='bbox 1194 3922 1223 3974; x_wconf 91' lang='lat' dir='ltr'>et</span> <span class='ocrx_word' id='word_1_252' title='bbox 1256 3917 1454 3989; x_wconf 83' lang='lat' dir='ltr'>ewangeliste</span> 
     </span>
     <span class='ocr_line' id='line_1_32' title="bbox 185 4020 1455 4097; baseline -0.002 -16"><span class='ocrx_word' id='word_1_253' title='bbox 185 4024 328 4097; x_wconf 89' lang='lat' dir='ltr'>proxime</span> <span class='ocrx_word' id='word_1_254' title='bbox 363 4024 556 4096; x_wconf 90' lang='lat' dir='ltr'>preteritum,</span> <span class='ocrx_word' id='word_1_255' title='bbox 593 4020 793 4096; x_wconf 87' lang='lat' dir='ltr'>Stephanum,</span> <span class='ocrx_word' id='word_1_256' title='bbox 829 4023 930 4081; x_wconf 92' lang='lat' dir='ltr'>filium</span> <span class='ocrx_word' id='word_1_257' title='bbox 968 4024 1134 4094; x_wconf 87' lang='lat' dir='ltr'>Michaelis,</span> <span class='ocrx_word' id='word_1_258' title='bbox 1167 4022 1368 4093; x_wconf 88' lang='lat' dir='ltr'>modernum,</span> <span class='ocrx_word' id='word_1_259' title='bbox 1399 4024 1455 4079; x_wconf 84' lang='lat' dir='ltr'>lli·</span> 
     </span>
     <span class='ocr_line' id='line_1_33' title="bbox 185 4112 1452 4202; baseline -0.002 -15"><span class='ocrx_word' id='word_1_260' title='bbox 185 4129 333 4198; x_wconf 76' lang='lat' dir='ltr'>cheriem,</span> <span class='ocrx_word' id='word_1_261' title='bbox 357 4128 459 4186; x_wconf 87' lang='lat' dir='ltr'>lilium</span> <span class='ocrx_word' id='word_1_262' title='bbox 484 4112 672 4201; x_wconf 88' lang='lat' dir='ltr'>Sebastiani,</span> <span class='ocrx_word' id='word_1_263' title='bbox 704 4129 889 4202; x_wconf 84' lang='lat' dir='ltr'>Gregorium</span> <span class='ocrx_word' id='word_1_264' title='bbox 914 4129 1115 4202; x_wconf 87' lang='lat' dir='ltr'>liodosthyh,</span> <span class='ocrx_word' id='word_1_265' title='bbox 1139 4129 1300 4199; x_wconf 89' lang='lat' dir='ltr'>Briccium,</span> <span class='ocrx_word' id='word_1_266' title='bbox 1324 4128 1452 4186; x_wconf 86' lang='lat' dir='ltr'>fratrem</span> 
     </span>
     <span class='ocr_line' id='line_1_34' title="bbox 185 4234 1466 4308; baseline -0.002 -16"><span class='ocrx_word' id='word_1_267' title='bbox 185 4234 339 4306; x_wconf 90' lang='lat' dir='ltr'>eiusdem,</span> <span class='ocrx_word' id='word_1_268' title='bbox 375 4236 568 4292; x_wconf 82' lang='lat' dir='ltr'>Anthonium</span> <span class='ocrx_word' id='word_1_269' title='bbox 604 4235 642 4292; x_wconf 90' lang='lat' dir='ltr'>de</span> <span class='ocrx_word' id='word_1_270' title='bbox 676 4235 844 4306; x_wconf 88' lang='lat' dir='ltr'>Florencia,</span> <span class='ocrx_word' id='word_1_271' title='bbox 882 4236 1010 4293; x_wconf 87' lang='lat' dir='ltr'>Petrum</span> <span class='ocrx_word' id='word_1_272' title='bbox 1053 4236 1253 4308; x_wconf 83' lang='lat' dir='ltr'>llungamm,</span> <span class='ocrx_word' id='word_1_273' title='bbox 1289 4234 1466 4291; x_wconf 90' lang='lat' dir='ltr'>Nicolaum·</span> 
     </span>
     <span class='ocr_line' id='line_1_35' title="bbox 185 4338 1454 4418; baseline -0.002 -20"><span class='ocrx_word' id='word_1_274' title='bbox 185 4340 321 4413; x_wconf 80' lang='lat' dir='ltr'>lllenlry3</span> <span class='ocrx_word' id='word_1_275' title='bbox 337 4340 507 4415; x_wconf 90' lang='lat' dir='ltr'>Georgium</span> <span class='ocrx_word' id='word_1_276' title='bbox 528 4346 695 4412; x_wconf 89' lang='lat' dir='ltr'>sartorem,</span> <span class='ocrx_word' id='word_1_277' title='bbox 716 4343 792 4398; x_wconf 89' lang='lat' dir='ltr'>alias</span> <span class='ocrx_word' id='word_1_278' title='bbox 808 4340 940 4418; x_wconf 88' lang='lat' dir='ltr'>judices;</span> <span class='ocrx_word' id='word_1_279' title='bbox 953 4342 1125 4399; x_wconf 87' lang='lat' dir='ltr'>Fabianum</span> <span class='ocrx_word' id='word_1_280' title='bbox 1142 4342 1323 4410; x_wconf 88' lang='lat' dir='ltr'>litteratum,</span> <span class='ocrx_word' id='word_1_281' title='bbox 1336 4338 1454 4411; x_wconf 86' lang='lat' dir='ltr'>Fryche</span> 
     </span>
     <span class='ocr_line' id='line_1_36' title="bbox 184 4445 1454 4522; baseline -0.004 -17"><span class='ocrx_word' id='word_1_282' title='bbox 184 4446 429 4518; x_wconf 84' lang='lat' dir='ltr'>Thewtunicum,</span> <span class='ocrx_word' id='word_1_283' title='bbox 447 4446 592 4519; x_wconf 88' lang='lat' dir='ltr'>Blasium,</span> <span class='ocrx_word' id='word_1_284' title='bbox 610 4447 711 4505; x_wconf 89' lang='lat' dir='ltr'>filium</span> <span class='ocrx_word' id='word_1_285' title='bbox 733 4448 894 4521; x_wconf 87' lang='lat' dir='ltr'>Wytezycz</span> <span class='ocrx_word' id='word_1_286' title='bbox 918 4454 948 4505; x_wconf 89' lang='lat' dir='ltr'>et</span> <span class='ocrx_word' id='word_1_287' title='bbox 970 4448 1048 4504; x_wconf 90' lang='lat' dir='ltr'>alios</span> <span class='ocrx_word' id='word_1_288' title='bbox 1064 4445 1192 4522; x_wconf 88' lang='lat' dir='ltr'>juratos,</span> <span class='ocrx_word' id='word_1_289' title='bbox 1208 4446 1299 4516; x_wconf 88' lang='lat' dir='ltr'>cives,</span> <span class='ocrx_word' id='word_1_290' title='bbox 1315 4445 1454 4517; x_wconf 90' lang='lat' dir='ltr'>hospites</span> 
     </span>
     <span class='ocr_line' id='line_1_37' title="bbox 184 4551 1453 4613; baseline -0.002 -3"><span class='ocrx_word' id='word_1_291' title='bbox 184 4558 214 4610; x_wconf 91' lang='lat' dir='ltr'>et</span> <span class='ocrx_word' id='word_1_292' title='bbox 237 4558 335 4612; x_wconf 91' lang='lat' dir='ltr'>totam</span> <span class='ocrx_word' id='word_1_293' title='bbox 357 4554 613 4611; x_wconf 89' lang='lat' dir='ltr'>communitatem</span> <span class='ocrx_word' id='word_1_294' title='bbox 636 4555 769 4613; x_wconf 88' lang='lat' dir='ltr'>civitatis</span> <span class='ocrx_word' id='word_1_295' title='bbox 793 4556 905 4612; x_wconf 89' lang='lat' dir='ltr'>montis</span> <span class='ocrx_word' id='word_1_296' title='bbox 938 4554 1101 4612; x_wconf 89' lang='lat' dir='ltr'>Grecensis</span> <span class='ocrx_word' id='word_1_297' title='bbox 1125 4555 1156 4611; x_wconf 90' lang='lat' dir='ltr'>in</span> <span class='ocrx_word' id='word_1_298' title='bbox 1187 4551 1296 4609; x_wconf 90' lang='lat' dir='ltr'>eadem</span> <span class='ocrx_word' id='word_1_299' title='bbox 1327 4551 1453 4608; x_wconf 90' lang='lat' dir='ltr'>civitate</span> 
     </span>
     <span class='ocr_line' id='line_1_38' title="bbox 184 4657 1453 4732; baseline -0.002 -16"><span class='ocrx_word' id='word_1_300' title='bbox 184 4660 299 4717; x_wconf 91' lang='lat' dir='ltr'>montis</span> <span class='ocrx_word' id='word_1_301' title='bbox 319 4658 483 4718; x_wconf 86' lang='lat' dir='ltr'>Grecensis</span> <span class='ocrx_word' id='word_1_302' title='bbox 505 4659 545 4718; x_wconf 91' lang='lat' dir='ltr'>ad</span> <span class='ocrx_word' id='word_1_303' title='bbox 562 4665 704 4718; x_wconf 91' lang='lat' dir='ltr'>contenta</span> <span class='ocrx_word' id='word_1_304' title='bbox 719 4660 872 4720; x_wconf 87' lang='lat' dir='ltr'>dictarum</span> <span class='ocrx_word' id='word_1_305' title='bbox 890 4662 1065 4719; x_wconf 91' lang='lat' dir='ltr'>litterarum</span> <span class='ocrx_word' id='word_1_306' title='bbox 1083 4659 1330 4719; x_wconf 89' lang='lat' dir='ltr'>evocatoriarum</span> <span class='ocrx_word' id='word_1_307' title='bbox 1356 4657 1453 4732; x_wconf 92' lang='lat' dir='ltr'>ipsius</span> 
     </span>
     <span class='ocr_line' id='line_1_39' title="bbox 184 4764 1453 4842; baseline -0.002 -19"><span class='ocrx_word' id='word_1_308' title='bbox 184 4764 302 4824; x_wconf 88' lang='lat' dir='ltr'>domini</span> <span class='ocrx_word' id='word_1_309' title='bbox 326 4767 448 4825; x_wconf 87' lang='lat' dir='ltr'>comitis</span> <span class='ocrx_word' id='word_1_310' title='bbox 471 4768 615 4841; x_wconf 89' lang='lat' dir='ltr'>Mathyus</span> <span class='ocrx_word' id='word_1_311' title='bbox 639 4768 669 4824; x_wconf 94' lang='lat' dir='ltr'>in</span> <span class='ocrx_word' id='word_1_312' title='bbox 694 4769 852 4842; x_wconf 88' lang='lat' dir='ltr'>premissis</span> <span class='ocrx_word' id='word_1_313' title='bbox 876 4768 1108 4842; x_wconf 89' lang='lat' dir='ltr'>perhemptorie</span> <span class='ocrx_word' id='word_1_314' title='bbox 1124 4780 1334 4841; x_wconf 90' lang='lat' dir='ltr'>responsuros,</span> <span class='ocrx_word' id='word_1_315' title='bbox 1356 4764 1453 4822; x_wconf 87' lang='lat' dir='ltr'>racio-</span> 
     </span>
     <span class='ocr_line' id='line_1_40' title="bbox 183 4872 1452 4951; baseline -0.002 -21"><span class='ocrx_word' id='word_1_316' title='bbox 183 4886 317 4946; x_wconf 87' lang='lat' dir='ltr'>nemque</span> <span class='ocrx_word' id='word_1_317' title='bbox 339 4873 500 4932; x_wconf 79' lang='lat' dir='ltr'>efficacem</span> <span class='ocrx_word' id='word_1_318' title='bbox 522 4873 699 4932; x_wconf 88' lang='lat' dir='ltr'>reddituros</span> <span class='ocrx_word' id='word_1_319' title='bbox 722 4890 757 4932; x_wconf 90' lang='lat' dir='ltr'>ac</span> <span class='ocrx_word' id='word_1_320' title='bbox 780 4873 819 4931; x_wconf 87' lang='lat' dir='ltr'>de</span> <span class='ocrx_word' id='word_1_321' title='bbox 840 4872 962 4951; x_wconf 86' lang='lat' dir='ltr'>judiciis</span> <span class='ocrx_word' id='word_1_322' title='bbox 995 4875 1120 4948; x_wconf 88' lang='lat' dir='ltr'>triginta</span> <span class='ocrx_word' id='word_1_323' title='bbox 1147 4873 1244 4931; x_wconf 90' lang='lat' dir='ltr'>trium</span> <span class='ocrx_word' id='word_1_324' title='bbox 1276 4885 1452 4930; x_wconf 89' lang='lat' dir='ltr'>marearum</span> 
     </span>
    </p>
   </div>
   <div class='ocr_carea' id='block_1_8' title="bbox 0 0 1644 5348">
    <p class='ocr_par' dir='ltr' id='par_1_8' title="bbox 0 0 1644 5348">
     <span class='ocr_line' id='line_1_41' title="bbox 0 0 1644 5348; baseline 0 1"><span class='ocrx_word' id='word_1_325' title='bbox 0 0 1644 5348; x_wconf 95' lang='lat' dir='ltr'> </span> 
     </span>
    </p>
   </div>
  </div>
 </body>
</html>
