<?xml version="1.0" encoding="UTF-8"?>
<!DOCTYPE html PUBLIC "-//W3C//DTD XHTML 1.0 Transitional//EN"
    "http://www.w3.org/TR/xhtml1/DTD/xhtml1-transitional.dtd">
<html xmlns="http://www.w3.org/1999/xhtml" xml:lang="en" lang="en">
 <head>
  <title>
</title>
<meta http-equiv="Content-Type" content="text/html;charset=utf-8" />
  <meta name='ocr-system' content='tesseract 3.04.00' />
  <meta name='ocr-capabilities' content='ocr_page ocr_carea ocr_par ocr_line ocrx_word'/>
</head>
<body>
  <div class='ocr_page' id='page_1' title='image "./monumentahistor01laszgoog_0615.png"; bbox 0 0 3278 5348; ppageno 0'>
   <div class='ocr_carea' id='block_1_1' title="bbox 620 367 1048 451">
    <p class='ocr_par' dir='ltr' id='par_1_1' title="bbox 620 367 1048 451">
     <span class='ocr_line' id='line_1_1' title="bbox 620 367 1048 451; baseline 0.007 -21"><span class='ocrx_word' id='word_1_1' title='bbox 620 370 692 431; x_wconf 84' lang='lat' dir='ltr'>Doc.</span> <span class='ocrx_word' id='word_1_2' title='bbox 716 367 789 430; x_wconf 84' lang='lat'><em>280.</em></span> <span class='ocrx_word' id='word_1_3' title='bbox 812 405 855 415; x_wconf 91' lang='lat'>-</span> <span class='ocrx_word' id='word_1_4' title='bbox 878 369 934 431; x_wconf 80' lang='lat' dir='ltr'>An.</span> <span class='ocrx_word' id='word_1_5' title='bbox 958 380 1048 451; x_wconf 71' lang='lat'><em>1472.</em></span> 
     </span>
    </p>
   </div>
   <div class='ocr_carea' id='block_1_2' title="bbox 303 725 809 792">
    <p class='ocr_par' dir='ltr' id='par_1_2' title="bbox 303 725 809 792">
     <span class='ocr_line' id='line_1_2' title="bbox 303 725 809 792; baseline -0.002 -15"><span class='ocrx_word' id='word_1_6' title='bbox 303 729 384 777; x_wconf 85' lang='lat' dir='ltr'>Anno</span> <span class='ocrx_word' id='word_1_7' title='bbox 408 739 483 792; x_wconf 83' lang='lat'>1472,</span> <span class='ocrx_word' id='word_1_8' title='bbox 507 739 546 780; x_wconf 90' lang='lat'>10.</span> <span class='ocrx_word' id='word_1_9' title='bbox 566 726 690 791; x_wconf 74' lang='lat' dir='ltr'>Augusti</span> <span class='ocrx_word' id='word_1_10' title='bbox 711 725 809 776; x_wconf 79' lang='lat' dir='ltr'>Budne.</span> 
     </span>
    </p>
   </div>
   <div class='ocr_carea' id='block_1_3' title="bbox 189 853 1462 1041">
    <p class='ocr_par' dir='ltr' id='par_1_3' title="bbox 189 853 1462 1041">
     <span class='ocr_line' id='line_1_3' title="bbox 189 853 1462 930; baseline -0.003 -17"><span class='ocrx_word' id='word_1_11' title='bbox 189 855 341 926; x_wconf 64' lang='lat' dir='ltr'>Marum,</span> <span class='ocrx_word' id='word_1_12' title='bbox 369 855 549 930; x_wconf 80' lang='lat' dir='ltr'>Hungariae</span> <span class='ocrx_word' id='word_1_13' title='bbox 582 863 630 918; x_wconf 85' lang='lat' dir='ltr'>etc.</span> <span class='ocrx_word' id='word_1_14' title='bbox 666 873 730 925; x_wconf 82' lang='lat' dir='ltr'>rex,</span> <span class='ocrx_word' id='word_1_15' title='bbox 763 853 888 914; x_wconf 70' lang='lat' dir='ltr'>mandat</span> <span class='ocrx_word' id='word_1_16' title='bbox 919 854 1002 924; x_wconf 84' lang='lat' dir='ltr'>bano,</span> <span class='ocrx_word' id='word_1_17' title='bbox 1035 861 1069 912; x_wconf 85' lang='lat' dir='ltr'>ut</span> <span class='ocrx_word' id='word_1_18' title='bbox 1100 856 1174 912; x_wconf 83' lang='lat' dir='ltr'>cives</span> <span class='ocrx_word' id='word_1_19' title='bbox 1203 853 1402 928; x_wconf 78' lang='lat' dir='ltr'>sagrabienscs</span> <span class='ocrx_word' id='word_1_20' title='bbox 1431 870 1462 910; x_wconf 88' lang='grc' dir='ltr'>ιιι</span> 
     </span>
     <span class='ocr_line' id='line_1_4' title="bbox 189 957 1462 1041; baseline -0.004 -22"><span class='ocrx_word' id='word_1_21' title='bbox 189 979 292 1019; x_wconf 85' lang='lat' dir='ltr'>eorum</span> <span class='ocrx_word' id='word_1_22' title='bbox 307 961 536 1035; x_wconf 81' lang='lat' dir='ltr'><em>possessionibus</em></span> <span class='ocrx_word' id='word_1_23' title='bbox 564 961 601 1019; x_wconf 86' lang='lat' dir='ltr'>ab</span> <span class='ocrx_word' id='word_1_24' title='bbox 637 959 767 1020; x_wconf 81' lang='lat' dir='ltr'>Osvaldo</span> <span class='ocrx_word' id='word_1_25' title='bbox 797 957 979 1041; x_wconf 51' lang='lat' dir='ltr'>episcopossvi</span> <span class='ocrx_word' id='word_1_26' title='bbox 997 961 1098 1034; x_wconf 76' lang='lat' dir='ltr'>raptis,</span> <span class='ocrx_word' id='word_1_27' title='bbox 1121 960 1273 1019; x_wconf 81' lang='lat' dir='ltr'>adversum</span> <span class='ocrx_word' id='word_1_28' title='bbox 1303 957 1462 1017; x_wconf 83' lang='lat' dir='ltr'>Osvaldum</span> 
     </span>
    </p>
   </div>
   <div class='ocr_carea' id='block_1_4' title="bbox 756 1063 899 1141">
    <p class='ocr_par' dir='ltr' id='par_1_4' title="bbox 756 1063 899 1141">
     <span class='ocr_line' id='line_1_5' title="bbox 756 1063 899 1141; baseline 0.028 -18"><span class='ocrx_word' id='word_1_29' title='bbox 756 1063 899 1141; x_wconf 74' lang='lat' dir='ltr'>defendat</span> 
     </span>
    </p>
   </div>
   <div class='ocr_carea' id='block_1_5' title="bbox 182 1226 1460 4599">
    <p class='ocr_par' dir='ltr' id='par_1_5' title="bbox 182 1226 1460 4599">
     <span class='ocr_line' id='line_1_6' title="bbox 302 1226 1459 1302; baseline -0.003 -16"><span class='ocrx_word' id='word_1_30' title='bbox 302 1229 434 1287; x_wconf 87' lang='lat' dir='ltr'>Mathias</span> <span class='ocrx_word' id='word_1_31' title='bbox 458 1227 508 1286; x_wconf 90' lang='lat' dir='ltr'>dei</span> <span class='ocrx_word' id='word_1_32' title='bbox 530 1229 634 1301; x_wconf 83' lang='lat' dir='ltr'>gracia</span> <span class='ocrx_word' id='word_1_33' title='bbox 649 1244 704 1287; x_wconf 87' lang='lat' dir='ltr'>rex</span> <span class='ocrx_word' id='word_1_34' title='bbox 728 1229 896 1302; x_wconf 81' lang='lat' dir='ltr'>Hungarie,</span> <span class='ocrx_word' id='word_1_35' title='bbox 920 1228 1067 1286; x_wconf 90' lang='lat' dir='ltr'>Bohemie</span> <span class='ocrx_word' id='word_1_36' title='bbox 1089 1233 1145 1286; x_wconf 91' lang='lat' dir='ltr'>etc.</span> <span class='ocrx_word' id='word_1_37' title='bbox 1162 1226 1324 1286; x_wconf 84' lang='lat' dir='ltr'>Fidelibus</span> <span class='ocrx_word' id='word_1_38' title='bbox 1346 1227 1459 1285; x_wconf 85' lang='lat' dir='ltr'>nostris</span> 
     </span>
     <span class='ocr_line' id='line_1_7' title="bbox 194 1331 1459 1408; baseline -0.001 -15"><span class='ocrx_word' id='word_1_39' title='bbox 194 1333 362 1408; x_wconf 83' lang='lat' dir='ltr'>magnifico</span> <span class='ocrx_word' id='word_1_40' title='bbox 385 1335 540 1392; x_wconf 90' lang='lat' dir='ltr'>Damiano</span> <span class='ocrx_word' id='word_1_41' title='bbox 563 1334 723 1406; x_wconf 83' lang='lat' dir='ltr'>Horwath,</span> <span class='ocrx_word' id='word_1_42' title='bbox 742 1348 911 1407; x_wconf 84' lang='lat' dir='ltr'>regnorum</span> <span class='ocrx_word' id='word_1_43' title='bbox 934 1339 1112 1391; x_wconf 90' lang='lat' dir='ltr'>nostrorum</span> <span class='ocrx_word' id='word_1_44' title='bbox 1136 1333 1263 1392; x_wconf 89' lang='lat' dir='ltr'>Croacie</span> <span class='ocrx_word' id='word_1_45' title='bbox 1286 1340 1317 1391; x_wconf 94' lang='lat' dir='ltr'>et</span> <span class='ocrx_word' id='word_1_46' title='bbox 1332 1331 1459 1392; x_wconf 90' lang='lat' dir='ltr'>Sclauo·</span> 
     </span>
     <span class='ocr_line' id='line_1_8' title="bbox 190 1437 1459 1516; baseline -0.003 -16"><span class='ocrx_word' id='word_1_47' title='bbox 190 1442 243 1500; x_wconf 89' lang='lat' dir='ltr'>nie</span> <span class='ocrx_word' id='word_1_48' title='bbox 266 1441 357 1511; x_wconf 91' lang='lat' dir='ltr'>bano,</span> <span class='ocrx_word' id='word_1_49' title='bbox 387 1441 515 1513; x_wconf 90' lang='lat' dir='ltr'>eiusque</span> <span class='ocrx_word' id='word_1_50' title='bbox 545 1440 712 1511; x_wconf 88' lang='lat' dir='ltr'>vicebanis,</span> <span class='ocrx_word' id='word_1_51' title='bbox 745 1441 821 1498; x_wconf 92' lang='lat' dir='ltr'>item</span> <span class='ocrx_word' id='word_1_52' title='bbox 843 1441 952 1498; x_wconf 88' lang='lat' dir='ltr'>comiti</span> <span class='ocrx_word' id='word_1_53' title='bbox 974 1441 1026 1498; x_wconf 87' lang='lat' dir='ltr'>vel</span> <span class='ocrx_word' id='word_1_54' title='bbox 1050 1440 1226 1498; x_wconf 85' lang='lat' dir='ltr'><strong>vicecomiti</strong></span> <span class='ocrx_word' id='word_1_55' title='bbox 1249 1448 1279 1497; x_wconf 89' lang='lat' dir='ltr'>et</span> <span class='ocrx_word' id='word_1_56' title='bbox 1300 1437 1459 1516; x_wconf 89' lang='lat' dir='ltr'>judicibus</span> 
     </span>
     <span class='ocr_line' id='line_1_9' title="bbox 190 1546 1460 1620; baseline 0 -15"><span class='ocrx_word' id='word_1_57' title='bbox 190 1547 349 1606; x_wconf 87' lang='lat' dir='ltr'>nobilium</span> <span class='ocrx_word' id='word_1_58' title='bbox 381 1546 547 1604; x_wconf 81' lang='lat' dir='ltr'>comitatus</span> <span class='ocrx_word' id='word_1_59' title='bbox 577 1547 794 1618; x_wconf 84' lang='lat' dir='ltr'>zagrabiensis,</span> <span class='ocrx_word' id='word_1_60' title='bbox 824 1548 958 1605; x_wconf 89' lang='lat' dir='ltr'>salutem</span> <span class='ocrx_word' id='word_1_61' title='bbox 989 1553 1019 1604; x_wconf 91' lang='lat' dir='ltr'>et</span> <span class='ocrx_word' id='word_1_62' title='bbox 1049 1546 1193 1619; x_wconf 79' lang='lat' dir='ltr'><strong>graciam.</strong></span> <span class='ocrx_word' id='word_1_63' title='bbox 1215 1547 1352 1604; x_wconf 90' lang='lat' dir='ltr'>Fuerunt</span> <span class='ocrx_word' id='word_1_64' title='bbox 1375 1546 1460 1620; x_wconf 92' lang='lat' dir='ltr'>apud</span> 
     </span>
     <span class='ocr_line' id='line_1_10' title="bbox 191 1651 1450 1712; baseline 0 -1"><span class='ocrx_word' id='word_1_65' title='bbox 191 1653 387 1711; x_wconf 88' lang='lat' dir='ltr'>maiestatem</span> <span class='ocrx_word' id='word_1_66' title='bbox 409 1657 550 1710; x_wconf 89' lang='lat' dir='ltr'>nostram</span> <span class='ocrx_word' id='word_1_67' title='bbox 578 1653 661 1711; x_wconf 89' lang='lat' dir='ltr'>cives</span> <span class='ocrx_word' id='word_1_68' title='bbox 684 1653 818 1711; x_wconf 90' lang='lat' dir='ltr'>civitatis</span> <span class='ocrx_word' id='word_1_69' title='bbox 847 1659 952 1711; x_wconf 93' lang='lat' dir='ltr'>nostre</span> <span class='ocrx_word' id='word_1_70' title='bbox 984 1653 1098 1711; x_wconf 91' lang='lat' dir='ltr'>montis</span> <span class='ocrx_word' id='word_1_71' title='bbox 1122 1651 1285 1712; x_wconf 88' lang='lat' dir='ltr'>Grecensis</span> <span class='ocrx_word' id='word_1_72' title='bbox 1308 1659 1338 1711; x_wconf 90' lang='lat' dir='ltr'>et</span> <span class='ocrx_word' id='word_1_73' title='bbox 1360 1653 1450 1711; x_wconf 88' lang='lat' dir='ltr'>nobis</span> 
     </span>
     <span class='ocr_line' id='line_1_11' title="bbox 190 1759 1460 1834; baseline 0.001 -17"><span class='ocrx_word' id='word_1_74' title='bbox 190 1773 348 1833; x_wconf 85' lang='lat' dir='ltr'>exponere</span> <span class='ocrx_word' id='word_1_75' title='bbox 380 1765 528 1818; x_wconf 87' lang='lat' dir='ltr'>curarunt</span> <span class='ocrx_word' id='word_1_76' title='bbox 550 1759 724 1833; x_wconf 89' lang='lat' dir='ltr'>querulose‚</span> <span class='ocrx_word' id='word_1_77' title='bbox 754 1759 912 1833; x_wconf 90' lang='lat' dir='ltr'>quomodo</span> <span class='ocrx_word' id='word_1_78' title='bbox 943 1759 1132 1818; x_wconf 88' lang='lat' dir='ltr'>reverendus</span> <span class='ocrx_word' id='word_1_79' title='bbox 1154 1760 1186 1817; x_wconf 90' lang='lat' dir='ltr'>in</span> <span class='ocrx_word' id='word_1_80' title='bbox 1217 1759 1340 1819; x_wconf 89' lang='lat' dir='ltr'>Christo</span> <span class='ocrx_word' id='word_1_81' title='bbox 1370 1766 1460 1834; x_wconf 89' lang='lat' dir='ltr'>pater</span> 
     </span>
     <span class='ocr_line' id='line_1_12' title="bbox 191 1864 1460 1940; baseline 0.001 -17"><span class='ocrx_word' id='word_1_82' title='bbox 191 1864 339 1923; x_wconf 89' lang='lat' dir='ltr'>dominus</span> <span class='ocrx_word' id='word_1_83' title='bbox 359 1865 524 1938; x_wconf 91' lang='lat' dir='ltr'>Osualdus,</span> <span class='ocrx_word' id='word_1_84' title='bbox 545 1867 711 1940; x_wconf 92' lang='lat' dir='ltr'>episcopus</span> <span class='ocrx_word' id='word_1_85' title='bbox 733 1867 860 1924; x_wconf 89' lang='lat' dir='ltr'>ecclesie</span> <span class='ocrx_word' id='word_1_86' title='bbox 883 1868 1099 1939; x_wconf 79' lang='lat' dir='ltr'>zagrabiensis,</span> <span class='ocrx_word' id='word_1_87' title='bbox 1124 1866 1174 1925; x_wconf 91' lang='lat' dir='ltr'>die</span> <span class='ocrx_word' id='word_1_88' title='bbox 1197 1865 1362 1932; x_wconf 78' lang='lat' dir='ltr'>dominico.</span> <span class='ocrx_word' id='word_1_89' title='bbox 1386 1881 1460 1940; x_wconf 91' lang='lat' dir='ltr'>pro·</span> 
     </span>
     <span class='ocr_line' id='line_1_13' title="bbox 190 1970 1459 2048; baseline 0.001 -19"><span class='ocrx_word' id='word_1_90' title='bbox 190 1971 278 2029; x_wconf 85' lang='lat' dir='ltr'>ximo</span> <span class='ocrx_word' id='word_1_91' title='bbox 298 1977 371 2048; x_wconf 92' lang='lat' dir='ltr'>post</span> <span class='ocrx_word' id='word_1_92' title='bbox 394 1970 509 2031; x_wconf 86' lang='lat' dir='ltr'>festum</span> <span class='ocrx_word' id='word_1_93' title='bbox 532 1972 573 2031; x_wconf 92' lang='lat' dir='ltr'>ad</span> <span class='ocrx_word' id='word_1_94' title='bbox 595 1973 722 2031; x_wconf 86' lang='lat' dir='ltr'>vincula</span> <span class='ocrx_word' id='word_1_95' title='bbox 737 1973 820 2030; x_wconf 89' lang='lat' dir='ltr'>beati</span> <span class='ocrx_word' id='word_1_96' title='bbox 838 1972 921 2030; x_wconf 88' lang='lat' dir='ltr'>Petri</span> <span class='ocrx_word' id='word_1_97' title='bbox 937 1973 1079 2047; x_wconf 87' lang='lat' dir='ltr'>apostoli,</span> <span class='ocrx_word' id='word_1_98' title='bbox 1097 1974 1241 2047; x_wconf 82' lang='lat' dir='ltr'>proxime</span> <span class='ocrx_word' id='word_1_99' title='bbox 1264 1972 1459 2046; x_wconf 89' lang='lat' dir='ltr'>preteritum,</span> 
     </span>
     <span class='ocr_line' id='line_1_14' title="bbox 190 2077 1456 2152; baseline -0.001 -15"><span class='ocrx_word' id='word_1_100' title='bbox 190 2078 374 2137; x_wconf 81' lang='lat' dir='ltr'><strong>coadunatis</strong></span> <span class='ocrx_word' id='word_1_101' title='bbox 402 2093 508 2136; x_wconf 90' lang='lat' dir='ltr'>secum</span> <span class='ocrx_word' id='word_1_102' title='bbox 539 2079 718 2138; x_wconf 90' lang='lat' dir='ltr'>hominibus</span> <span class='ocrx_word' id='word_1_103' title='bbox 750 2077 789 2135; x_wconf 94' lang='lat' dir='ltr'>ad</span> <span class='ocrx_word' id='word_1_104' title='bbox 820 2084 957 2137; x_wconf 85' lang='lat' dir='ltr'>castrum</span> <span class='ocrx_word' id='word_1_105' title='bbox 980 2079 1100 2136; x_wconf 89' lang='lat' dir='ltr'>Medwe</span> <span class='ocrx_word' id='word_1_106' title='bbox 1124 2079 1358 2152; x_wconf 89' lang='lat' dir='ltr'>pertinentibus,</span> <span class='ocrx_word' id='word_1_107' title='bbox 1384 2093 1456 2152; x_wconf 93' lang='lat' dir='ltr'>pos·</span> 
     </span>
     <span class='ocr_line' id='line_1_15' title="bbox 189 2183 1456 2258; baseline 0 -16"><span class='ocrx_word' id='word_1_108' title='bbox 189 2185 342 2243; x_wconf 84' lang='lat' dir='ltr'>sessiones</span> <span class='ocrx_word' id='word_1_109' title='bbox 364 2199 473 2243; x_wconf 89' lang='lat' dir='ltr'>eorum</span> <span class='ocrx_word' id='word_1_110' title='bbox 497 2184 731 2256; x_wconf 87' lang='lat' dir='ltr'>Chernomercz,</span> <span class='ocrx_word' id='word_1_111' title='bbox 763 2184 902 2258; x_wconf 86' lang='lat' dir='ltr'>Dedych,</span> <span class='ocrx_word' id='word_1_112' title='bbox 926 2185 1046 2258; x_wconf 87' lang='lat' dir='ltr'>Bythek</span> <span class='ocrx_word' id='word_1_113' title='bbox 1068 2191 1098 2243; x_wconf 91' lang='lat' dir='ltr'>et</span> <span class='ocrx_word' id='word_1_114' title='bbox 1121 2183 1243 2243; x_wconf 86' lang='lat' dir='ltr'>Nowak</span> <span class='ocrx_word' id='word_1_115' title='bbox 1267 2190 1401 2254; x_wconf 87' lang='lat' dir='ltr'>vocatas,</span> <span class='ocrx_word' id='word_1_116' title='bbox 1424 2186 1456 2242; x_wconf 89' lang='lat' dir='ltr'>in</span> 
     </span>
     <span class='ocr_line' id='line_1_16' title="bbox 188 2290 1457 2364; baseline -0.001 -16"><span class='ocrx_word' id='word_1_117' title='bbox 188 2290 347 2349; x_wconf 88' lang='lat' dir='ltr'>territorio</span> <span class='ocrx_word' id='word_1_118' title='bbox 370 2290 509 2349; x_wconf 91' lang='lat' dir='ltr'>eiusdem</span> <span class='ocrx_word' id='word_1_119' title='bbox 524 2291 658 2350; x_wconf 87' lang='lat' dir='ltr'>civitatis</span> <span class='ocrx_word' id='word_1_120' title='bbox 673 2297 776 2350; x_wconf 91' lang='lat' dir='ltr'>nostre</span> <span class='ocrx_word' id='word_1_121' title='bbox 792 2293 965 2362; x_wconf 83' lang='lat' dir='ltr'>existentes,</span> <span class='ocrx_word' id='word_1_122' title='bbox 981 2291 1076 2349; x_wconf 92' lang='lat' dir='ltr'>simul</span> <span class='ocrx_word' id='word_1_123' title='bbox 1093 2307 1166 2348; x_wconf 92' lang='lat' dir='ltr'>cum</span> <span class='ocrx_word' id='word_1_124' title='bbox 1185 2295 1277 2364; x_wconf 88' lang='lat' dir='ltr'>portu</span> <span class='ocrx_word' id='word_1_125' title='bbox 1295 2290 1457 2362; x_wconf 86' lang='lat' dir='ltr'>Kyralrew</span> 
     </span>
     <span class='ocr_line' id='line_1_17' title="bbox 189 2396 1458 2472; baseline -0.001 -17"><span class='ocrx_word' id='word_1_126' title='bbox 189 2401 311 2468; x_wconf 76' lang='lat' dir='ltr'>vocato,</span> <span class='ocrx_word' id='word_1_127' title='bbox 334 2413 391 2471; x_wconf 92' lang='lat' dir='ltr'>per</span> <span class='ocrx_word' id='word_1_128' title='bbox 420 2412 477 2455; x_wconf 93' lang='lat' dir='ltr'>nos</span> <span class='ocrx_word' id='word_1_129' title='bbox 507 2412 566 2472; x_wconf 93' lang='lat' dir='ltr'>pro</span> <span class='ocrx_word' id='word_1_130' title='bbox 589 2403 756 2470; x_wconf 83' lang='lat' dir='ltr'>augmento</span> <span class='ocrx_word' id='word_1_131' title='bbox 779 2404 810 2456; x_wconf 91' lang='lat' dir='ltr'>et</span> <span class='ocrx_word' id='word_1_132' title='bbox 832 2400 966 2456; x_wconf 90' lang='lat' dir='ltr'>utilitate</span> <span class='ocrx_word' id='word_1_133' title='bbox 989 2399 1066 2471; x_wconf 90' lang='lat' dir='ltr'>ipsis</span> <span class='ocrx_word' id='word_1_134' title='bbox 1089 2398 1211 2455; x_wconf 90' lang='lat' dir='ltr'>civibus</span> <span class='ocrx_word' id='word_1_135' title='bbox 1235 2397 1273 2454; x_wconf 90' lang='lat' dir='ltr'>de</span> <span class='ocrx_word' id='word_1_136' title='bbox 1296 2411 1379 2455; x_wconf 84' lang='lat' dir='ltr'>novo</span> <span class='ocrx_word' id='word_1_137' title='bbox 1402 2396 1458 2455; x_wconf 92' lang='lat' dir='ltr'>do·</span> 
     </span>
     <span class='ocr_line' id='line_1_18' title="bbox 188 2504 1457 2580; baseline 0.002 -20"><span class='ocrx_word' id='word_1_138' title='bbox 188 2508 286 2574; x_wconf 88' lang='lat' dir='ltr'>natas,</span> <span class='ocrx_word' id='word_1_139' title='bbox 316 2510 421 2578; x_wconf 90' lang='lat' dir='ltr'>preter</span> <span class='ocrx_word' id='word_1_140' title='bbox 450 2518 575 2561; x_wconf 91' lang='lat' dir='ltr'>omnem</span> <span class='ocrx_word' id='word_1_141' title='bbox 607 2504 691 2561; x_wconf 89' lang='lat' dir='ltr'>viam</span> <span class='ocrx_word' id='word_1_142' title='bbox 714 2504 799 2570; x_wconf 81' lang='lat' dir='ltr'>iuris.</span> <span class='ocrx_word' id='word_1_143' title='bbox 824 2506 856 2562; x_wconf 85' lang='lat' dir='ltr'>vi</span> <span class='ocrx_word' id='word_1_144' title='bbox 878 2510 908 2562; x_wconf 90' lang='lat' dir='ltr'>et</span> <span class='ocrx_word' id='word_1_145' title='bbox 931 2505 1049 2580; x_wconf 90' lang='lat' dir='ltr'>potenti</span> <span class='ocrx_word' id='word_1_146' title='bbox 1073 2520 1166 2562; x_wconf 90' lang='lat' dir='ltr'>manu</span> <span class='ocrx_word' id='word_1_147' title='bbox 1190 2511 1378 2578; x_wconf 81' lang='lat' dir='ltr'>occupasset.</span> <span class='ocrx_word' id='word_1_148' title='bbox 1407 2518 1457 2562; x_wconf 90' lang='lat' dir='ltr'>oc·</span> 
     </span>
     <span class='ocr_line' id='line_1_19' title="bbox 188 2608 1457 2685; baseline 0 -18"><span class='ocrx_word' id='word_1_149' title='bbox 188 2616 381 2682; x_wconf 90' lang='lat' dir='ltr'>cupatasque</span> <span class='ocrx_word' id='word_1_150' title='bbox 411 2609 451 2667; x_wconf 91' lang='lat' dir='ltr'>ad</span> <span class='ocrx_word' id='word_1_151' title='bbox 481 2608 600 2668; x_wconf 88' lang='lat' dir='ltr'>dictum</span> <span class='ocrx_word' id='word_1_152' title='bbox 630 2615 766 2668; x_wconf 89' lang='lat' dir='ltr'><strong>castrum</strong></span> <span class='ocrx_word' id='word_1_153' title='bbox 796 2610 917 2668; x_wconf 88' lang='lat' dir='ltr'>Medwe</span> <span class='ocrx_word' id='word_1_154' title='bbox 948 2610 1157 2685; x_wconf 90' lang='lat' dir='ltr'>apropriasset</span> <span class='ocrx_word' id='word_1_155' title='bbox 1188 2610 1219 2667; x_wconf 92' lang='lat' dir='ltr'>in</span> <span class='ocrx_word' id='word_1_156' title='bbox 1249 2608 1457 2684; x_wconf 91' lang='lat' dir='ltr'>preiudicium</span> 
     </span>
     <span class='ocr_line' id='line_1_20' title="bbox 189 2714 1455 2790; baseline -0.002 -16"><span class='ocrx_word' id='word_1_157' title='bbox 189 2714 373 2774; x_wconf 89' lang='lat' dir='ltr'>eorumdem</span> <span class='ocrx_word' id='word_1_158' title='bbox 397 2714 513 2773; x_wconf 88' lang='lat' dir='ltr'>civium</span> <span class='ocrx_word' id='word_1_159' title='bbox 535 2722 714 2773; x_wconf 91' lang='lat' dir='ltr'>nostrorum</span> <span class='ocrx_word' id='word_1_160' title='bbox 745 2722 838 2790; x_wconf 89' lang='lat' dir='ltr'>atque</span> <span class='ocrx_word' id='word_1_161' title='bbox 859 2716 1032 2790; x_wconf 91' lang='lat' dir='ltr'>dampnum</span> <span class='ocrx_word' id='word_1_162' title='bbox 1059 2715 1273 2785; x_wconf 88' lang='lat' dir='ltr'>manifestum;</span> <span class='ocrx_word' id='word_1_163' title='bbox 1297 2716 1455 2789; x_wconf 91' lang='lat' dir='ltr'>supplica·</span> 
     </span>
     <span class='ocr_line' id='line_1_21' title="bbox 188 2819 1456 2897; baseline -0.002 -17"><span class='ocrx_word' id='word_1_164' title='bbox 188 2827 261 2880; x_wconf 89' lang='lat' dir='ltr'>runt</span> <span class='ocrx_word' id='word_1_165' title='bbox 285 2821 440 2879; x_wconf 87' lang='lat' dir='ltr'>maiestati</span> <span class='ocrx_word' id='word_1_166' title='bbox 461 2827 574 2893; x_wconf 90' lang='lat' dir='ltr'>nostre,</span> <span class='ocrx_word' id='word_1_167' title='bbox 597 2826 631 2879; x_wconf 89' lang='lat' dir='ltr'>ut</span> <span class='ocrx_word' id='word_1_168' title='bbox 653 2821 730 2897; x_wconf 90' lang='lat' dir='ltr'>ipsis</span> <span class='ocrx_word' id='word_1_169' title='bbox 753 2823 835 2881; x_wconf 87' lang='lat' dir='ltr'>circa</span> <span class='ocrx_word' id='word_1_170' title='bbox 857 2823 1009 2897; x_wconf 89' lang='lat' dir='ltr'>premissa</span> <span class='ocrx_word' id='word_1_171' title='bbox 1032 2821 1205 2880; x_wconf 90' lang='lat' dir='ltr'>remedium</span> <span class='ocrx_word' id='word_1_172' title='bbox 1226 2821 1375 2879; x_wconf 90' lang='lat' dir='ltr'>adhibere</span> <span class='ocrx_word' id='word_1_173' title='bbox 1390 2819 1456 2894; x_wconf 85' lang='lat' dir='ltr'>dig-</span> 
     </span>
     <span class='ocr_line' id='line_1_22' title="bbox 187 2927 1454 3002; baseline -0.002 -15"><span class='ocrx_word' id='word_1_174' title='bbox 187 2943 344 2987; x_wconf 88' lang='lat' dir='ltr'>naremur.</span> <span class='ocrx_word' id='word_1_175' title='bbox 368 2927 407 2986; x_wconf 90' lang='lat' dir='ltr'>Et</span> <span class='ocrx_word' id='word_1_176' title='bbox 437 2928 511 3002; x_wconf 89' lang='lat' dir='ltr'>quia</span> <span class='ocrx_word' id='word_1_177' title='bbox 533 2943 590 2986; x_wconf 91' lang='lat' dir='ltr'>nos</span> <span class='ocrx_word' id='word_1_178' title='bbox 613 2927 751 3002; x_wconf 85' lang='lat' dir='ltr'>prefatos</span> <span class='ocrx_word' id='word_1_179' title='bbox 773 2929 857 2988; x_wconf 86' lang='lat' dir='ltr'>cives</span> <span class='ocrx_word' id='word_1_180' title='bbox 880 2934 1002 2988; x_wconf 91' lang='lat' dir='ltr'>nostros</span> <span class='ocrx_word' id='word_1_181' title='bbox 1025 2930 1057 2987; x_wconf 90' lang='lat' dir='ltr'>in</span> <span class='ocrx_word' id='word_1_182' title='bbox 1079 2927 1259 2986; x_wconf 89' lang='lat' dir='ltr'>huiusmodi</span> <span class='ocrx_word' id='word_1_183' title='bbox 1289 2928 1454 3001; x_wconf 90' lang='lat' dir='ltr'>possessio·</span> 
     </span>
     <span class='ocr_line' id='line_1_23' title="bbox 187 3034 1456 3110; baseline -0.002 -17"><span class='ocrx_word' id='word_1_184' title='bbox 187 3035 282 3094; x_wconf 90' lang='lat' dir='ltr'>nibus</span> <span class='ocrx_word' id='word_1_185' title='bbox 310 3040 340 3093; x_wconf 89' lang='lat' dir='ltr'>et</span> <span class='ocrx_word' id='word_1_186' title='bbox 364 3040 456 3110; x_wconf 91' lang='lat' dir='ltr'>portu</span> <span class='ocrx_word' id='word_1_187' title='bbox 479 3034 602 3093; x_wconf 82' lang='lat' dir='ltr'>illibate</span> <span class='ocrx_word' id='word_1_188' title='bbox 625 3041 729 3093; x_wconf 89' lang='lat' dir='ltr'>tenere</span> <span class='ocrx_word' id='word_1_189' title='bbox 752 3036 900 3094; x_wconf 91' lang='lat' dir='ltr'>volumus</span> <span class='ocrx_word' id='word_1_190' title='bbox 923 3042 953 3095; x_wconf 92' lang='lat' dir='ltr'>et</span> <span class='ocrx_word' id='word_1_191' title='bbox 976 3050 1167 3106; x_wconf 89' lang='lat' dir='ltr'>conservare,</span> <span class='ocrx_word' id='word_1_192' title='bbox 1191 3034 1335 3092; x_wconf 88' lang='lat' dir='ltr'>fidelitati</span> <span class='ocrx_word' id='word_1_193' title='bbox 1360 3034 1456 3107; x_wconf 83' lang='lat' dir='ltr'>igitur</span> 
     </span>
     <span class='ocr_line' id='line_1_24' title="bbox 188 3141 1457 3216; baseline -0.002 -18"><span class='ocrx_word' id='word_1_194' title='bbox 188 3147 292 3200; x_wconf 82' lang='lat' dir='ltr'>vestre</span> <span class='ocrx_word' id='word_1_195' title='bbox 312 3141 426 3199; x_wconf 92' lang='lat' dir='ltr'>harum</span> <span class='ocrx_word' id='word_1_196' title='bbox 448 3142 527 3199; x_wconf 89' lang='lat' dir='ltr'>serie</span> <span class='ocrx_word' id='word_1_197' title='bbox 550 3141 682 3200; x_wconf 85' lang='lat' dir='ltr'>firmiter</span> <span class='ocrx_word' id='word_1_198' title='bbox 705 3141 898 3213; x_wconf 91' lang='lat' dir='ltr'>mandamus,</span> <span class='ocrx_word' id='word_1_199' title='bbox 922 3149 1072 3216; x_wconf 85' lang='lat' dir='ltr'>quatenus</span> <span class='ocrx_word' id='word_1_200' title='bbox 1095 3143 1226 3215; x_wconf 88' lang='lat' dir='ltr'>receptis</span> <span class='ocrx_word' id='word_1_201' title='bbox 1250 3141 1457 3215; x_wconf 88' lang='lat' dir='ltr'>presentibus,</span> 
     </span>
     <span class='ocr_line' id='line_1_25' title="bbox 187 3245 1456 3323; baseline 0 -18"><span class='ocrx_word' id='word_1_202' title='bbox 187 3245 326 3323; x_wconf 80' lang='lat' dir='ltr'>prefatos</span> <span class='ocrx_word' id='word_1_203' title='bbox 348 3248 432 3305; x_wconf 84' lang='lat' dir='ltr'>cives</span> <span class='ocrx_word' id='word_1_204' title='bbox 454 3252 585 3318; x_wconf 91' lang='lat' dir='ltr'>nostros,</span> <span class='ocrx_word' id='word_1_205' title='bbox 608 3264 716 3306; x_wconf 90' lang='lat' dir='ltr'>rursus</span> <span class='ocrx_word' id='word_1_206' title='bbox 739 3249 771 3307; x_wconf 91' lang='lat' dir='ltr'>in</span> <span class='ocrx_word' id='word_1_207' title='bbox 795 3248 969 3306; x_wconf 91' lang='lat' dir='ltr'>dominium</span> <span class='ocrx_word' id='word_1_208' title='bbox 993 3248 1148 3307; x_wconf 88' lang='lat' dir='ltr'>dictarum</span> <span class='ocrx_word' id='word_1_209' title='bbox 1171 3248 1399 3323; x_wconf 90' lang='lat' dir='ltr'>possessionum</span> <span class='ocrx_word' id='word_1_210' title='bbox 1423 3253 1456 3306; x_wconf 92' lang='lat' dir='ltr'>et</span> 
     </span>
     <span class='ocr_line' id='line_1_26' title="bbox 184 3353 1451 3430; baseline -0.002 -17"><span class='ocrx_word' id='word_1_211' title='bbox 184 3353 285 3430; x_wconf 89' lang='lat' dir='ltr'>ipsius</span> <span class='ocrx_word' id='word_1_212' title='bbox 307 3360 417 3427; x_wconf 89' lang='lat' dir='ltr'>portus</span> <span class='ocrx_word' id='word_1_213' title='bbox 439 3353 642 3426; x_wconf 87' lang='lat' dir='ltr'>introducere,</span> <span class='ocrx_word' id='word_1_214' title='bbox 667 3356 919 3430; x_wconf 86' lang='lat' dir='ltr'>iutroductosque</span> <span class='ocrx_word' id='word_1_215' title='bbox 950 3363 1056 3414; x_wconf 92' lang='lat' dir='ltr'>contra</span> <span class='ocrx_word' id='word_1_216' title='bbox 1088 3355 1244 3429; x_wconf 78' lang='lat' dir='ltr'>prelatum</span> <span class='ocrx_word' id='word_1_217' title='bbox 1278 3355 1451 3414; x_wconf 90' lang='lat' dir='ltr'>Osualdum</span> 
     </span>
     <span class='ocr_line' id='line_1_27' title="bbox 184 3459 1455 3545; baseline -0.001 -26"><span class='ocrx_word' id='word_1_218' title='bbox 184 3461 372 3535; x_wconf 82' lang='lat' dir='ltr'>episcopum</span> <span class='ocrx_word' id='word_1_219' title='bbox 393 3475 430 3518; x_wconf 94' lang='lat' dir='ltr'>ac</span> <span class='ocrx_word' id='word_1_220' title='bbox 452 3459 653 3534; x_wconf 79' lang='lat' dir='ltr'>magnificum</span> <span class='ocrx_word' id='word_1_221' title='bbox 677 3462 849 3545; x_wconf 86' lang='lat' dir='ltr'>Johannem</span> <span class='ocrx_word' id='word_1_222' title='bbox 872 3463 897 3520; x_wconf 87' lang='lat' dir='ltr'>T</span> <span class='ocrx_word' id='word_1_223' title='bbox 900 3465 967 3520; x_wconf 83' lang='lat' dir='ltr'>hwa</span> <span class='ocrx_word' id='word_1_224' title='bbox 991 3468 1021 3521; x_wconf 90' lang='lat' dir='ltr'>et</span> <span class='ocrx_word' id='word_1_225' title='bbox 1043 3478 1114 3520; x_wconf 92' lang='lat' dir='ltr'>suos</span> <span class='ocrx_word' id='word_1_226' title='bbox 1138 3463 1321 3520; x_wconf 88' lang='lat' dir='ltr'>castellanos</span> <span class='ocrx_word' id='word_1_227' title='bbox 1345 3463 1375 3520; x_wconf 94' lang='lat' dir='ltr'>in</span> <span class='ocrx_word' id='word_1_228' title='bbox 1399 3461 1455 3518; x_wconf 93' lang='lat' dir='ltr'>do·</span> 
     </span>
     <span class='ocr_line' id='line_1_28' title="bbox 185 3565 1452 3643; baseline 0 -18"><span class='ocrx_word' id='word_1_229' title='bbox 185 3566 283 3625; x_wconf 89' lang='lat' dir='ltr'>minio</span> <span class='ocrx_word' id='word_1_230' title='bbox 316 3565 497 3625; x_wconf 87' lang='lat' dir='ltr'>earumdem</span> <span class='ocrx_word' id='word_1_231' title='bbox 528 3573 639 3638; x_wconf 92' lang='lat' dir='ltr'>tenere,</span> <span class='ocrx_word' id='word_1_232' title='bbox 671 3576 833 3643; x_wconf 85' lang='lat' dir='ltr'>protegere</span> <span class='ocrx_word' id='word_1_233' title='bbox 855 3576 885 3627; x_wconf 92' lang='lat' dir='ltr'>et</span> <span class='ocrx_word' id='word_1_234' title='bbox 908 3568 1067 3628; x_wconf 81' lang='lat' dir='ltr'>defensare</span> <span class='ocrx_word' id='word_1_235' title='bbox 1090 3584 1126 3628; x_wconf 92' lang='lat' dir='ltr'>ac</span> <span class='ocrx_word' id='word_1_236' title='bbox 1156 3569 1363 3642; x_wconf 90' lang='lat' dir='ltr'>indempniter</span> <span class='ocrx_word' id='word_1_237' title='bbox 1388 3582 1452 3626; x_wconf 90' lang='lat' dir='ltr'>ma·</span> 
     </span>
     <span class='ocr_line' id='line_1_29' title="bbox 184 3672 1450 3749; baseline 0.001 -18"><span class='ocrx_word' id='word_1_238' title='bbox 184 3679 333 3732; x_wconf 88' lang='lat' dir='ltr'>nutenere</span> <span class='ocrx_word' id='word_1_239' title='bbox 365 3672 513 3745; x_wconf 80' lang='lat' dir='ltr'>debeatis,</span> <span class='ocrx_word' id='word_1_240' title='bbox 537 3679 641 3732; x_wconf 88' lang='lat' dir='ltr'>nostre</span> <span class='ocrx_word' id='word_1_241' title='bbox 664 3675 832 3733; x_wconf 88' lang='lat' dir='ltr'>maiestatis</span> <span class='ocrx_word' id='word_1_242' title='bbox 855 3676 887 3734; x_wconf 91' lang='lat' dir='ltr'>in</span> <span class='ocrx_word' id='word_1_243' title='bbox 912 3691 1043 3749; x_wconf 91' lang='lat' dir='ltr'>persona</span> <span class='ocrx_word' id='word_1_244' title='bbox 1066 3682 1096 3733; x_wconf 91' lang='lat' dir='ltr'>et</span> <span class='ocrx_word' id='word_1_245' title='bbox 1118 3676 1322 3734; x_wconf 89' lang='lat' dir='ltr'>aucthoritate</span> <span class='ocrx_word' id='word_1_246' title='bbox 1344 3680 1450 3733; x_wconf 88' lang='lat' dir='ltr'>nostra</span> 
     </span>
     <span class='ocr_line' id='line_1_30' title="bbox 183 3778 1450 3854; baseline 0.002 -18"><span class='ocrx_word' id='word_1_247' title='bbox 183 3778 279 3852; x_wconf 78' lang='lat' dir='ltr'>regia,</span> <span class='ocrx_word' id='word_1_248' title='bbox 303 3779 499 3852; x_wconf 89' lang='lat' dir='ltr'>presentibus</span> <span class='ocrx_word' id='word_1_249' title='bbox 523 3780 613 3838; x_wconf 85' lang='lat' dir='ltr'>vobis</span> <span class='ocrx_word' id='word_1_250' title='bbox 636 3779 668 3838; x_wconf 95' lang='lat' dir='ltr'>in</span> <span class='ocrx_word' id='word_1_251' title='bbox 690 3781 748 3839; x_wconf 90' lang='lat' dir='ltr'>hac</span> <span class='ocrx_word' id='word_1_252' title='bbox 764 3786 852 3854; x_wconf 88' lang='lat' dir='ltr'>parte</span> <span class='ocrx_word' id='word_1_253' title='bbox 875 3782 1024 3840; x_wconf 89' lang='lat' dir='ltr'>attributa</span> <span class='ocrx_word' id='word_1_254' title='bbox 1047 3783 1208 3853; x_wconf 89' lang='lat' dir='ltr'>mediante,</span> <span class='ocrx_word' id='word_1_255' title='bbox 1243 3797 1303 3839; x_wconf 92' lang='lat' dir='ltr'>non</span> <span class='ocrx_word' id='word_1_256' title='bbox 1327 3782 1450 3839; x_wconf 91' lang='lat' dir='ltr'>obstan·</span> 
     </span>
     <span class='ocr_line' id='line_1_31' title="bbox 183 3884 1449 3962; baseline 0 -18"><span class='ocrx_word' id='word_1_257' title='bbox 183 3884 270 3944; x_wconf 84' lang='lat' dir='ltr'>tibus</span> <span class='ocrx_word' id='word_1_258' title='bbox 292 3884 540 3959; x_wconf 86' lang='lat' dir='ltr'>quibuscumque</span> <span class='ocrx_word' id='word_1_259' title='bbox 570 3885 680 3946; x_wconf 88' lang='lat' dir='ltr'>litteris</span> <span class='ocrx_word' id='word_1_260' title='bbox 710 3888 830 3958; x_wconf 87' lang='lat' dir='ltr'>nostris,</span> <span class='ocrx_word' id='word_1_261' title='bbox 862 3902 939 3960; x_wconf 91' lang='lat' dir='ltr'>quas</span> <span class='ocrx_word' id='word_1_262' title='bbox 962 3886 1099 3961; x_wconf 79' lang='lat' dir='ltr'>prefatus</span> <span class='ocrx_word' id='word_1_263' title='bbox 1123 3887 1278 3945; x_wconf 90' lang='lat' dir='ltr'>Osualdus</span> <span class='ocrx_word' id='word_1_264' title='bbox 1300 3888 1449 3962; x_wconf 88' lang='lat' dir='ltr'>epicopus</span> 
     </span>
     <span class='ocr_line' id='line_1_32' title="bbox 183 3987 1452 4068; baseline 0.002 -19"><span class='ocrx_word' id='word_1_265' title='bbox 183 3991 297 4049; x_wconf 88' lang='lat' dir='ltr'>harum</span> <span class='ocrx_word' id='word_1_266' title='bbox 314 3991 345 4049; x_wconf 90' lang='lat' dir='ltr'>in</span> <span class='ocrx_word' id='word_1_267' title='bbox 367 3992 556 4050; x_wconf 91' lang='lat' dir='ltr'>contrarium</span> <span class='ocrx_word' id='word_1_268' title='bbox 573 4007 631 4066; x_wconf 91' lang='lat' dir='ltr'>pro</span> <span class='ocrx_word' id='word_1_269' title='bbox 643 3994 691 4051; x_wconf 91' lang='lat' dir='ltr'>sui</span> <span class='ocrx_word' id='word_1_270' title='bbox 707 4002 794 4068; x_wconf 89' lang='lat' dir='ltr'>parte</span> <span class='ocrx_word' id='word_1_271' title='bbox 811 3995 914 4052; x_wconf 87' lang='lat' dir='ltr'>taliter</span> <span class='ocrx_word' id='word_1_272' title='bbox 930 3995 1065 4067; x_wconf 90' lang='lat' dir='ltr'>qualiter</span> <span class='ocrx_word' id='word_1_273' title='bbox 1080 3999 1110 4051; x_wconf 92' lang='lat' dir='ltr'>et</span> <span class='ocrx_word' id='word_1_274' title='bbox 1126 3987 1190 4051; x_wconf 91' lang='lat' dir='ltr'>sine</span> <span class='ocrx_word' id='word_1_275' title='bbox 1214 3994 1291 4051; x_wconf 89' lang='lat' dir='ltr'>scitu</span> <span class='ocrx_word' id='word_1_276' title='bbox 1304 4001 1409 4052; x_wconf 92' lang='lat' dir='ltr'>nostro</span> <span class='ocrx_word' id='word_1_277' title='bbox 1434 4011 1452 4052; x_wconf 90' lang='lat' dir='ltr'>a</span> 
     </span>
     <span class='ocr_line' id='line_1_33' title="bbox 182 4097 1446 4172; baseline 0.002 -16"><span class='ocrx_word' id='word_1_278' title='bbox 182 4097 274 4156; x_wconf 93' lang='lat' dir='ltr'>nobis</span> <span class='ocrx_word' id='word_1_279' title='bbox 295 4098 484 4168; x_wconf 81' lang='lat' dir='ltr'>extraxisset,</span> <span class='ocrx_word' id='word_1_280' title='bbox 509 4114 586 4172; x_wconf 90' lang='lat' dir='ltr'>quas</span> <span class='ocrx_word' id='word_1_281' title='bbox 611 4101 738 4158; x_wconf 90' lang='lat' dir='ltr'>minime</span> <span class='ocrx_word' id='word_1_282' title='bbox 761 4102 874 4159; x_wconf 88' lang='lat' dir='ltr'>curetis</span> <span class='ocrx_word' id='word_1_283' title='bbox 905 4106 936 4159; x_wconf 94' lang='lat' dir='ltr'>et</span> <span class='ocrx_word' id='word_1_284' title='bbox 965 4101 1142 4169; x_wconf 83' lang='lat' dir='ltr'>advertatis,</span> <span class='ocrx_word' id='word_1_285' title='bbox 1174 4108 1203 4157; x_wconf 89' lang='lat' dir='ltr'>et</span> <span class='ocrx_word' id='word_1_286' title='bbox 1234 4117 1321 4159; x_wconf 91' lang='lat' dir='ltr'>secus</span> <span class='ocrx_word' id='word_1_287' title='bbox 1345 4100 1446 4158; x_wconf 81' lang='lat' dir='ltr'>iacere</span> 
     </span>
     <span class='ocr_line' id='line_1_34' title="bbox 183 4204 1450 4280; baseline 0.002 -18"><span class='ocrx_word' id='word_1_288' title='bbox 183 4218 247 4262; x_wconf 89' lang='lat' dir='ltr'>non</span> <span class='ocrx_word' id='word_1_289' title='bbox 269 4204 462 4277; x_wconf 89' lang='lat' dir='ltr'>presumatis.</span> <span class='ocrx_word' id='word_1_290' title='bbox 485 4205 683 4264; x_wconf 85' lang='lat' dir='ltr'>Presentibus</span> <span class='ocrx_word' id='word_1_291' title='bbox 700 4208 857 4280; x_wconf 90' lang='lat' dir='ltr'>perlectis,</span> <span class='ocrx_word' id='word_1_292' title='bbox 873 4208 1033 4266; x_wconf 86' lang='lat' dir='ltr'>exhibenti</span> <span class='ocrx_word' id='word_1_293' title='bbox 1048 4207 1203 4265; x_wconf 87' lang='lat' dir='ltr'>restitutis.</span> <span class='ocrx_word' id='word_1_294' title='bbox 1225 4207 1340 4264; x_wconf 87' lang='lat' dir='ltr'>Datum</span> <span class='ocrx_word' id='word_1_295' title='bbox 1367 4206 1450 4264; x_wconf 87' lang='lat' dir='ltr'>Bude</span> 
     </span>
     <span class='ocr_line' id='line_1_35' title="bbox 184 4307 1450 4387; baseline 0.002 -19"><span class='ocrx_word' id='word_1_296' title='bbox 184 4310 217 4368; x_wconf 92' lang='lat' dir='ltr'>in</span> <span class='ocrx_word' id='word_1_297' title='bbox 240 4307 320 4368; x_wconf 81' lang='lat' dir='ltr'>festo</span> <span class='ocrx_word' id='word_1_298' title='bbox 343 4309 426 4368; x_wconf 90' lang='lat' dir='ltr'>beati</span> <span class='ocrx_word' id='word_1_299' title='bbox 442 4311 605 4370; x_wconf 89' lang='lat' dir='ltr'>Laurencii</span> <span class='ocrx_word' id='word_1_300' title='bbox 626 4313 771 4372; x_wconf 87' lang='lat' dir='ltr'>martiris.</span> <span class='ocrx_word' id='word_1_301' title='bbox 795 4315 885 4372; x_wconf 90' lang='lat' dir='ltr'>Anno</span> <span class='ocrx_word' id='word_1_302' title='bbox 909 4313 1026 4372; x_wconf 87' lang='lat' dir='ltr'>domini</span> <span class='ocrx_word' id='word_1_303' title='bbox 1050 4313 1219 4371; x_wconf 89' lang='lat' dir='ltr'>millesimo</span> <span class='ocrx_word' id='word_1_304' title='bbox 1244 4313 1450 4387; x_wconf 83' lang='lat' dir='ltr'>quadringen-</span> 
     </span>
     <span class='ocr_line' id='line_1_36' title="bbox 183 4415 1451 4494; baseline 0.002 -20"><span class='ocrx_word' id='word_1_305' title='bbox 183 4415 297 4474; x_wconf 88' lang='lat' dir='ltr'>tesimo</span> <span class='ocrx_word' id='word_1_306' title='bbox 328 4418 557 4490; x_wconf 80' lang='lat' dir='ltr'>septuagesimo</span> <span class='ocrx_word' id='word_1_307' title='bbox 587 4418 729 4477; x_wconf 92' lang='lat' dir='ltr'>secundo.</span> <span class='ocrx_word' id='word_1_308' title='bbox 760 4420 939 4494; x_wconf 79' lang='lat' dir='ltr'>Regnorum</span> <span class='ocrx_word' id='word_1_309' title='bbox 970 4428 1149 4478; x_wconf 87' lang='lat' dir='ltr'>nostrorum</span> <span class='ocrx_word' id='word_1_310' title='bbox 1179 4434 1258 4478; x_wconf 89' lang='lat' dir='ltr'>anno</span> <span class='ocrx_word' id='word_1_311' title='bbox 1292 4418 1451 4494; x_wconf 85' lang='lat' dir='ltr'>Hungarie</span> 
     </span>
     <span class='ocr_line' id='line_1_37' title="bbox 182 4521 917 4599; baseline 0.008 -21"><span class='ocrx_word' id='word_1_312' title='bbox 182 4526 238 4579; x_wconf 84' lang='lat' dir='ltr'>etc</span> <span class='ocrx_word' id='word_1_313' title='bbox 263 4521 504 4595; x_wconf 88' lang='lat' dir='ltr'>quintodecimo,</span> <span class='ocrx_word' id='word_1_314' title='bbox 529 4523 676 4583; x_wconf 88' lang='lat' dir='ltr'>Bohemie</span> <span class='ocrx_word' id='word_1_315' title='bbox 699 4541 774 4583; x_wconf 88' lang='lat' dir='ltr'>vero</span> <span class='ocrx_word' id='word_1_316' title='bbox 797 4534 917 4599; x_wconf 82' lang='lat' dir='ltr'>quarto</span> 
     </span>
    </p>
   </div>
   <div class='ocr_carea' id='block_1_6' title="bbox 826 4682 1395 4747">
    <p class='ocr_par' dir='ltr' id='par_1_6' title="bbox 826 4682 1395 4747">
     <span class='ocr_line' id='line_1_38' title="bbox 826 4682 1395 4747; baseline 0.005 -16"><span class='ocrx_word' id='word_1_317' title='bbox 826 4682 873 4731; x_wconf 88' lang='lat' dir='ltr'>Ad</span> <span class='ocrx_word' id='word_1_318' title='bbox 891 4682 1099 4747; x_wconf 87' lang='lat' dir='ltr'>proposicionem</span> <span class='ocrx_word' id='word_1_319' title='bbox 1117 4682 1215 4733; x_wconf 88' lang='lat' dir='ltr'>domini</span> <span class='ocrx_word' id='word_1_320' title='bbox 1234 4683 1395 4735; x_wconf 69' lang='lat' dir='ltr'>thesaurarii.</span> 
     </span>
    </p>
   </div>
   <div class='ocr_carea' id='block_1_7' title="bbox 290 4853 1449 4929">
    <p class='ocr_par' dir='ltr' id='par_1_7' title="bbox 290 4853 1449 4929">
     <span class='ocr_line' id='line_1_39' title="bbox 290 4853 1449 4929; baseline 0.012 -27"><span class='ocrx_word' id='word_1_321' title='bbox 290 4855 331 4905; x_wconf 84' lang='lat' dir='ltr'>Iv.</span> <span class='ocrx_word' id='word_1_322' title='bbox 349 4853 521 4923; x_wconf 74' lang='lat' dir='ltr'>Kukuljevid.</span> <span class='ocrx_word' id='word_1_323' title='bbox 534 4855 621 4908; x_wconf 69' lang='lat' dir='ltr'>arhiv</span> <span class='ocrx_word' id='word_1_324' title='bbox 639 4873 669 4906; x_wconf 88' lang='lat' dir='ltr'>za</span> <span class='ocrx_word' id='word_1_325' title='bbox 687 4858 849 4925; x_wconf 80' lang='lat' dir='ltr'>povjestnicu</span> <span class='ocrx_word' id='word_1_326' title='bbox 864 4859 1075 4926; x_wconf 81' lang='lat' dir='ltr'>jugoslavensku‚</span> <span class='ocrx_word' id='word_1_327' title='bbox 1093 4860 1147 4929; x_wconf 87' lang='lat' dir='ltr'>kuj.</span> <span class='ocrx_word' id='word_1_328' title='bbox 1166 4861 1219 4918; x_wconf 84' lang='lat'><em>111.</em></span> <span class='ocrx_word' id='word_1_329' title='bbox 1238 4868 1282 4915; x_wconf 84' lang='lat' dir='ltr'>str.</span> <span class='ocrx_word' id='word_1_330' title='bbox 1304 4874 1449 4921; x_wconf 84' lang='lat' dir='ltr'>loo—101.</span> 
     </span>
    </p>
   </div>
   <div class='ocr_carea' id='block_1_8' title="bbox 0 0 1644 5348">
    <p class='ocr_par' dir='ltr' id='par_1_8' title="bbox 0 0 1644 5348">
     <span class='ocr_line' id='line_1_40' title="bbox 0 0 1644 5348; baseline 0 0"><span class='ocrx_word' id='word_1_331' title='bbox 0 0 1644 5348; x_wconf 95' lang='lat' dir='ltr'> </span> 
     </span>
    </p>
   </div>
  </div>
 </body>
</html>
