<?xml version="1.0" encoding="UTF-8"?>
<!DOCTYPE html PUBLIC "-//W3C//DTD XHTML 1.0 Transitional//EN"
    "http://www.w3.org/TR/xhtml1/DTD/xhtml1-transitional.dtd">
<html xmlns="http://www.w3.org/1999/xhtml" xml:lang="en" lang="en">
 <head>
  <title>
</title>
<meta http-equiv="Content-Type" content="text/html;charset=utf-8" />
  <meta name='ocr-system' content='tesseract 3.04.00' />
  <meta name='ocr-capabilities' content='ocr_page ocr_carea ocr_par ocr_line ocrx_word'/>
</head>
<body>
  <div class='ocr_page' id='page_1' title='image "./monumentahistor01laszgoog_0799.png"; bbox 0 0 3278 5348; ppageno 0'>
   <div class='ocr_carea' id='block_1_1' title="bbox 228 1517 606 1581">
    <p class='ocr_par' dir='ltr' id='par_1_1' title="bbox 228 1517 606 1581">
     <span class='ocr_line' id='line_1_1' title="bbox 228 1517 606 1581; baseline 0.008 -17"><span class='ocrx_word' id='word_1_1' title='bbox 228 1517 310 1567; x_wconf 88' lang='lat' dir='ltr'>Auno</span> <span class='ocrx_word' id='word_1_2' title='bbox 332 1526 407 1581; x_wconf 85' lang='lat'>1440.</span> <span class='ocrx_word' id='word_1_3' title='bbox 428 1529 469 1566; x_wconf 86' lang='lat'>20.</span> <span class='ocrx_word' id='word_1_4' title='bbox 486 1518 606 1581; x_wconf 86' lang='lat' dir='ltr'>januarii.</span> 
     </span>
    </p>
   </div>
   <div class='ocr_carea' id='block_1_2' title="bbox 123 1626 1392 2005">
    <p class='ocr_par' dir='ltr' id='par_1_2' title="bbox 123 1626 1392 2005">
     <span class='ocr_line' id='line_1_2' title="bbox 123 1626 1390 1703; baseline -0.001 -20"><span class='ocrx_word' id='word_1_5' title='bbox 123 1627 234 1685; x_wconf 79' lang='lat' dir='ltr'>Obitus</span> <span class='ocrx_word' id='word_1_6' title='bbox 258 1627 376 1686; x_wconf 90' lang='lat' dir='ltr'>domini</span> <span class='ocrx_word' id='word_1_7' title='bbox 401 1627 550 1703; x_wconf 86' lang='lat' dir='ltr'><strong>Stephani</strong></span> <span class='ocrx_word' id='word_1_8' title='bbox 563 1628 708 1702; x_wconf 84' lang='lat' dir='ltr'>Farlrasy,</span> <span class='ocrx_word' id='word_1_9' title='bbox 732 1628 941 1686; x_wconf 86' lang='lat' dir='ltr'>archidiaconi</span> <span class='ocrx_word' id='word_1_10' title='bbox 959 1627 998 1685; x_wconf 91' lang='lat' dir='ltr'>de</span> <span class='ocrx_word' id='word_1_11' title='bbox 1015 1628 1108 1685; x_wconf 83' lang='lat' dir='ltr'>Bexin</span> <span class='ocrx_word' id='word_1_12' title='bbox 1125 1627 1156 1684; x_wconf 90' lang='lat' dir='ltr'>in</span> <span class='ocrx_word' id='word_1_13' title='bbox 1172 1642 1252 1684; x_wconf 90' lang='lat' dir='ltr'>anno</span> <span class='ocrx_word' id='word_1_14' title='bbox 1270 1626 1390 1683; x_wconf 91' lang='lat' dir='ltr'>domini</span> 
     </span>
     <span class='ocr_line' id='line_1_3' title="bbox 172 1733 1390 1809; baseline -0.001 -19"><span class='ocrx_word' id='word_1_15' title='bbox 172 1750 262 1809; x_wconf 84' lang='lat'>1440.</span> <span class='ocrx_word' id='word_1_16' title='bbox 287 1736 341 1807; x_wconf 92' lang='lat' dir='ltr'>qui</span> <span class='ocrx_word' id='word_1_17' title='bbox 366 1735 438 1793; x_wconf 85' lang='lat' dir='ltr'>fecit</span> <span class='ocrx_word' id='word_1_18' title='bbox 460 1752 558 1794; x_wconf 90' lang='lat' dir='ltr'>unum</span> <span class='ocrx_word' id='word_1_19' title='bbox 582 1736 766 1808; x_wconf 84' lang='lat' dir='ltr'>magistrum</span> <span class='ocrx_word' id='word_1_20' title='bbox 791 1734 940 1792; x_wconf 88' lang='lat' dir='ltr'>adaram</span> <span class='ocrx_word' id='word_1_21' title='bbox 973 1750 996 1792; x_wconf 86' lang='lat' dir='ltr'>s.</span> <span class='ocrx_word' id='word_1_22' title='bbox 1024 1734 1170 1791; x_wconf 90' lang='lat' dir='ltr'>Katarine</span> <span class='ocrx_word' id='word_1_23' title='bbox 1203 1733 1331 1806; x_wconf 86' lang='lat' dir='ltr'>virginis</span> <span class='ocrx_word' id='word_1_24' title='bbox 1358 1734 1390 1790; x_wconf 92' lang='lat' dir='ltr'>in</span> 
     </span>
     <span class='ocr_line' id='line_1_4' title="bbox 169 1837 1383 1914; baseline 0 -19"><span class='ocrx_word' id='word_1_25' title='bbox 169 1837 280 1914; x_wconf 88' lang='lat' dir='ltr'>majori</span> <span class='ocrx_word' id='word_1_26' title='bbox 303 1841 432 1899; x_wconf 91' lang='lat' dir='ltr'>ecclesia</span> <span class='ocrx_word' id='word_1_27' title='bbox 455 1847 485 1899; x_wconf 92' lang='lat' dir='ltr'>et</span> <span class='ocrx_word' id='word_1_28' title='bbox 507 1840 626 1899; x_wconf 89' lang='lat' dir='ltr'>dotavit</span> <span class='ocrx_word' id='word_1_29' title='bbox 650 1857 718 1899; x_wconf 89' lang='lat' dir='ltr'>eam</span> <span class='ocrx_word' id='word_1_30' title='bbox 742 1856 813 1897; x_wconf 90' lang='lat' dir='ltr'>curn</span> <span class='ocrx_word' id='word_1_31' title='bbox 837 1855 898 1897; x_wconf 91' lang='lat' dir='ltr'>uno</span> <span class='ocrx_word' id='word_1_32' title='bbox 921 1840 1017 1897; x_wconf 87' lang='lat' dir='ltr'>calice</span> <span class='ocrx_word' id='word_1_33' title='bbox 1040 1845 1070 1897; x_wconf 92' lang='lat' dir='ltr'>et</span> <span class='ocrx_word' id='word_1_34' title='bbox 1093 1854 1164 1896; x_wconf 92' lang='lat' dir='ltr'>curn</span> <span class='ocrx_word' id='word_1_35' title='bbox 1180 1855 1240 1897; x_wconf 91' lang='lat' dir='ltr'>uno</span> <span class='ocrx_word' id='word_1_36' title='bbox 1258 1838 1383 1896; x_wconf 78' lang='lat' dir='ltr'>missale</span> 
     </span>
     <span class='ocr_line' id='line_1_5' title="bbox 172 1945 1392 2005; baseline 0.001 -4"><span class='ocrx_word' id='word_1_37' title='bbox 172 1951 201 2002; x_wconf 92' lang='lat' dir='ltr'>et</span> <span class='ocrx_word' id='word_1_38' title='bbox 226 1948 417 2005; x_wconf 84' lang='lat' dir='ltr'>ornamentis</span> <span class='ocrx_word' id='word_1_39' title='bbox 441 1954 470 2004; x_wconf 92' lang='lat' dir='ltr'>et</span> <span class='ocrx_word' id='word_1_40' title='bbox 494 1962 565 2004; x_wconf 90' lang='lat' dir='ltr'>curn</span> <span class='ocrx_word' id='word_1_41' title='bbox 590 1947 809 2004; x_wconf 87' lang='lat' dir='ltr'>unobreviale</span> <span class='ocrx_word' id='word_1_42' title='bbox 832 1951 956 2003; x_wconf 91' lang='lat' dir='ltr'>etcum</span> <span class='ocrx_word' id='word_1_43' title='bbox 980 1945 1101 2002; x_wconf 90' lang='lat' dir='ltr'>duabus</span> <span class='ocrx_word' id='word_1_44' title='bbox 1131 1946 1230 2003; x_wconf 84' lang='lat' dir='ltr'>vineis</span> <span class='ocrx_word' id='word_1_45' title='bbox 1267 1951 1392 2002; x_wconf 86' lang='lat' dir='ltr'>etcum</span> 
     </span>
    </p>
   </div>
   <div class='ocr_carea' id='block_1_3' title="bbox 169 2050 1285 2215">
    <p class='ocr_par' dir='ltr' id='par_1_3' title="bbox 169 2050 1285 2215">
     <span class='ocr_line' id='line_1_6' title="bbox 169 2050 1066 2124; baseline 0.002 -18"><span class='ocrx_word' id='word_1_46' title='bbox 169 2050 258 2107; x_wconf 87' lang='lat' dir='ltr'>terris</span> <span class='ocrx_word' id='word_1_47' title='bbox 283 2052 463 2109; x_wconf 86' lang='lat' dir='ltr'>arabilibus.</span> <span class='ocrx_word' id='word_1_48' title='bbox 488 2051 583 2109; x_wconf 90' lang='lat' dir='ltr'>Cuius</span> <span class='ocrx_word' id='word_1_49' title='bbox 606 2053 710 2109; x_wconf 90' lang='lat' dir='ltr'>anima</span> <span class='ocrx_word' id='word_1_50' title='bbox 732 2053 904 2124; x_wconf 85' lang='lat' dir='ltr'>requiescat</span> <span class='ocrx_word' id='word_1_51' title='bbox 928 2052 959 2108; x_wconf 94' lang='lat' dir='ltr'>in</span> <span class='ocrx_word' id='word_1_52' title='bbox 982 2066 1066 2124; x_wconf 88' lang='lat' dir='ltr'>pace.</span> 
     </span>
     <span class='ocr_line' id='line_1_7' title="bbox 338 2150 1285 2215; baseline -0.002 -14"><span class='ocrx_word' id='word_1_53' title='bbox 338 2152 410 2201; x_wconf 88' lang='lat' dir='ltr'>Nota</span> <span class='ocrx_word' id='word_1_54' title='bbox 427 2153 455 2201; x_wconf 90' lang='lat' dir='ltr'>iu</span> <span class='ocrx_word' id='word_1_55' title='bbox 473 2151 625 2202; x_wconf 83' lang='lat' dir='ltr'>kalendario</span> <span class='ocrx_word' id='word_1_56' title='bbox 643 2152 764 2202; x_wconf 86' lang='lat' dir='ltr'>breviarii</span> <span class='ocrx_word' id='word_1_57' title='bbox 782 2150 844 2201; x_wconf 86' lang='lat' dir='ltr'>eccl.</span> <span class='ocrx_word' id='word_1_58' title='bbox 864 2151 965 2215; x_wconf 81' lang='lat' dir='ltr'>zagrab.</span> <span class='ocrx_word' id='word_1_59' title='bbox 984 2153 1016 2201; x_wconf 91' lang='lat' dir='ltr'>In</span> <span class='ocrx_word' id='word_1_60' title='bbox 1034 2150 1157 2204; x_wconf 82' lang='lat' dir='ltr'>biblioth.</span> <span class='ocrx_word' id='word_1_61' title='bbox 1176 2151 1285 2200; x_wconf 82' lang='lat' dir='ltr'>dioeces.</span> 
     </span>
    </p>
   </div>
   <div class='ocr_carea' id='block_1_4' title="bbox 126 2329 1395 2841">
    <p class='ocr_par' dir='ltr' id='par_1_4' title="bbox 126 2329 1395 2841">
     <span class='ocr_line' id='line_1_8' title="bbox 235 2329 612 2394; baseline 0.003 -15"><span class='ocrx_word' id='word_1_62' title='bbox 235 2331 316 2379; x_wconf 92' lang='lat' dir='ltr'>Anno</span> <span class='ocrx_word' id='word_1_63' title='bbox 338 2329 413 2392; x_wconf 83' lang='lat'>1448.</span> <span class='ocrx_word' id='word_1_64' title='bbox 433 2341 475 2392; x_wconf 85' lang='lat'>30.</span> <span class='ocrx_word' id='word_1_65' title='bbox 492 2330 612 2394; x_wconf 84' lang='lat' dir='ltr'>januarii.</span> 
     </span>
     <span class='ocr_line' id='line_1_9' title="bbox 126 2439 1387 2515; baseline 0.001 -17"><span class='ocrx_word' id='word_1_66' title='bbox 126 2443 159 2498; x_wconf 91' lang='lat' dir='ltr'>ln</span> <span class='ocrx_word' id='word_1_67' title='bbox 185 2440 263 2499; x_wconf 82' lang='lat' dir='ltr'>festo</span> <span class='ocrx_word' id='word_1_68' title='bbox 287 2442 375 2498; x_wconf 88' lang='lat' dir='ltr'>beate</span> <span class='ocrx_word' id='word_1_69' title='bbox 400 2439 593 2514; x_wconf 82' lang='lat' dir='ltr'>Adelgundis</span> <span class='ocrx_word' id='word_1_70' title='bbox 626 2442 764 2515; x_wconf 84' lang='lat' dir='ltr'>virginis,</span> <span class='ocrx_word' id='word_1_71' title='bbox 797 2441 974 2500; x_wconf 82' lang='lat' dir='ltr'>felicissime</span> <span class='ocrx_word' id='word_1_72' title='bbox 1006 2442 1068 2500; x_wconf 89' lang='lat' dir='ltr'>vite</span> <span class='ocrx_word' id='word_1_73' title='bbox 1098 2447 1129 2499; x_wconf 92' lang='lat' dir='ltr'>et</span> <span class='ocrx_word' id='word_1_74' title='bbox 1159 2440 1387 2499; x_wconf 86' lang='lat' dir='ltr'>recordacionis</span> 
     </span>
     <span class='ocr_line' id='line_1_10' title="bbox 172 2546 1388 2628; baseline -0.002 -24"><span class='ocrx_word' id='word_1_75' title='bbox 172 2546 263 2620; x_wconf 84' lang='lat' dir='ltr'>digne</span> <span class='ocrx_word' id='word_1_76' title='bbox 286 2548 336 2604; x_wconf 84' lang='lat' dir='ltr'>vir</span> <span class='ocrx_word' id='word_1_77' title='bbox 360 2547 547 2605; x_wconf 84' lang='lat' dir='ltr'>venerabilis</span> <span class='ocrx_word' id='word_1_78' title='bbox 567 2546 723 2628; x_wconf 88' lang='lat' dir='ltr'>Johannes</span> <span class='ocrx_word' id='word_1_79' title='bbox 747 2552 853 2605; x_wconf 87' lang='lat' dir='ltr'>cantor</span> <span class='ocrx_word' id='word_1_80' title='bbox 884 2552 914 2604; x_wconf 91' lang='lat' dir='ltr'>et</span> <span class='ocrx_word' id='word_1_81' title='bbox 944 2548 1108 2605; x_wconf 90' lang='lat' dir='ltr'>canonicus</span> <span class='ocrx_word' id='word_1_82' title='bbox 1131 2548 1259 2606; x_wconf 86' lang='lat' dir='ltr'>ecclesie</span> <span class='ocrx_word' id='word_1_83' title='bbox 1282 2562 1388 2619; x_wconf 82' lang='lat' dir='ltr'>zagra·</span> 
     </span>
     <span class='ocr_line' id='line_1_11' title="bbox 172 2652 1391 2725; baseline 0.002 -17"><span class='ocrx_word' id='word_1_84' title='bbox 172 2653 295 2721; x_wconf 85' lang='lat' dir='ltr'>biensis,</span> <span class='ocrx_word' id='word_1_85' title='bbox 320 2652 473 2725; x_wconf 84' lang='lat' dir='ltr'>generalis</span> <span class='ocrx_word' id='word_1_86' title='bbox 497 2652 638 2723; x_wconf 89' lang='lat' dir='ltr'>vicarius,</span> <span class='ocrx_word' id='word_1_87' title='bbox 671 2652 754 2711; x_wconf 90' lang='lat' dir='ltr'>diem</span> <span class='ocrx_word' id='word_1_88' title='bbox 778 2668 869 2710; x_wconf 90' lang='lat' dir='ltr'>suurn</span> <span class='ocrx_word' id='word_1_89' title='bbox 893 2653 1005 2711; x_wconf 89' lang='lat' dir='ltr'>clausit</span> <span class='ocrx_word' id='word_1_90' title='bbox 1028 2659 1211 2712; x_wconf 83' lang='lat' dir='ltr'>extremum.</span> <span class='ocrx_word' id='word_1_91' title='bbox 1249 2653 1391 2711; x_wconf 90' lang='lat' dir='ltr'>Obene·</span> 
     </span>
     <span class='ocr_line' id='line_1_12' title="bbox 171 2757 1395 2841; baseline 0.002 -27"><span class='ocrx_word' id='word_1_92' title='bbox 171 2757 253 2815; x_wconf 89' lang='lat' dir='ltr'>dicta</span> <span class='ocrx_word' id='word_1_93' title='bbox 277 2757 350 2829; x_wconf 86' lang='lat' dir='ltr'>dies,</span> <span class='ocrx_word' id='word_1_94' title='bbox 374 2759 406 2815; x_wconf 94' lang='lat' dir='ltr'>in</span> <span class='ocrx_word' id='word_1_95' title='bbox 429 2773 491 2830; x_wconf 91' lang='lat' dir='ltr'>qua</span> <span class='ocrx_word' id='word_1_96' title='bbox 514 2767 622 2816; x_wconf 86' lang='lat' dir='ltr'>nactus</span> <span class='ocrx_word' id='word_1_97' title='bbox 646 2765 691 2817; x_wconf 92' lang='lat' dir='ltr'>est</span> <span class='ocrx_word' id='word_1_98' title='bbox 715 2775 790 2817; x_wconf 83' lang='lat' dir='ltr'>vera</span> <span class='ocrx_word' id='word_1_99' title='bbox 821 2759 916 2831; x_wconf 86' lang='lat' dir='ltr'>quies,</span> <span class='ocrx_word' id='word_1_100' title='bbox 947 2764 1053 2816; x_wconf 90' lang='lat' dir='ltr'>cantor</span> <span class='ocrx_word' id='word_1_101' title='bbox 1082 2759 1238 2841; x_wconf 90' lang='lat' dir='ltr'>Johannes</span> <span class='ocrx_word' id='word_1_102' title='bbox 1270 2760 1300 2817; x_wconf 91' lang='lat' dir='ltr'>in</span> <span class='ocrx_word' id='word_1_103' title='bbox 1333 2774 1395 2831; x_wconf 90' lang='lat' dir='ltr'>qua</span> 
     </span>
    </p>
   </div>
   <div class='ocr_carea' id='block_1_5' title="bbox 170 2863 1319 3027">
    <p class='ocr_par' dir='ltr' id='par_1_5' title="bbox 170 2863 1319 3027">
     <span class='ocr_line' id='line_1_13' title="bbox 170 2863 1319 2938; baseline 0 -16"><span class='ocrx_word' id='word_1_104' title='bbox 170 2869 319 2938; x_wconf 84' lang='lat' dir='ltr'>perpetue</span> <span class='ocrx_word' id='word_1_105' title='bbox 343 2878 457 2921; x_wconf 89' lang='lat' dir='ltr'>manes.</span> <span class='ocrx_word' id='word_1_106' title='bbox 482 2864 572 2921; x_wconf 84' lang='lat' dir='ltr'>Anno</span> <span class='ocrx_word' id='word_1_107' title='bbox 596 2863 714 2922; x_wconf 90' lang='lat' dir='ltr'>domini</span> <span class='ocrx_word' id='word_1_108' title='bbox 739 2866 769 2921; x_wconf 90' lang='lat' dir='ltr'>M</span> <span class='ocrx_word' id='word_1_109' title='bbox 794 2863 1098 2937; x_wconf 84' lang='lat' dir='ltr'>quadringentesimo</span> <span class='ocrx_word' id='word_1_110' title='bbox 1122 2864 1177 2921; x_wconf 88' lang='lat' dir='ltr'>XL</span> <span class='ocrx_word' id='word_1_111' title='bbox 1201 2870 1319 2922; x_wconf 90' lang='lat' dir='ltr'>octavo.</span> 
     </span>
     <span class='ocr_line' id='line_1_14' title="bbox 337 2962 1285 3027; baseline 0.003 -16"><span class='ocrx_word' id='word_1_112' title='bbox 337 2963 407 3012; x_wconf 85' lang='lat' dir='ltr'>Nota</span> <span class='ocrx_word' id='word_1_113' title='bbox 425 2963 453 3011; x_wconf 89' lang='lat' dir='ltr'>in</span> <span class='ocrx_word' id='word_1_114' title='bbox 471 2962 623 3012; x_wconf 86' lang='lat' dir='ltr'>kalendario</span> <span class='ocrx_word' id='word_1_115' title='bbox 641 2963 762 3013; x_wconf 84' lang='lat' dir='ltr'>breviarii</span> <span class='ocrx_word' id='word_1_116' title='bbox 781 2963 844 3013; x_wconf 89' lang='lat' dir='ltr'>eccl.</span> <span class='ocrx_word' id='word_1_117' title='bbox 863 2964 963 3027; x_wconf 83' lang='lat' dir='ltr'>zagrab.</span> <span class='ocrx_word' id='word_1_118' title='bbox 983 2965 1015 3012; x_wconf 87' lang='lat' dir='ltr'>In</span> <span class='ocrx_word' id='word_1_119' title='bbox 1033 2962 1153 3013; x_wconf 91' lang='lat' dir='ltr'>biblioth.</span> <span class='ocrx_word' id='word_1_120' title='bbox 1173 2964 1285 3014; x_wconf 84' lang='lat' dir='ltr'>dioeces.</span> 
     </span>
    </p>
   </div>
   <div class='ocr_carea' id='block_1_6' title="bbox 233 3139 412 3205">
    <p class='ocr_par' dir='ltr' id='par_1_6' title="bbox 233 3139 412 3205">
     <span class='ocr_line' id='line_1_15' title="bbox 233 3139 412 3205; baseline 0.017 -18"><span class='ocrx_word' id='word_1_121' title='bbox 233 3139 315 3188; x_wconf 88' lang='lat' dir='ltr'>Anno</span> <span class='ocrx_word' id='word_1_122' title='bbox 338 3149 412 3205; x_wconf 81' lang='lat'>1451·</span> 
     </span>
    </p>
   </div>
   <div class='ocr_carea' id='block_1_7' title="bbox 128 3250 1394 3429">
    <p class='ocr_par' dir='ltr' id='par_1_7' title="bbox 128 3250 1394 3429">
     <span class='ocr_line' id='line_1_16' title="bbox 128 3250 1394 3334; baseline 0.002 -27"><span class='ocrx_word' id='word_1_123' title='bbox 128 3251 258 3309; x_wconf 92' lang='lat' dir='ltr'>Librum</span> <span class='ocrx_word' id='word_1_124' title='bbox 281 3251 483 3325; x_wconf 87' lang='lat' dir='ltr'>expositionis</span> <span class='ocrx_word' id='word_1_125' title='bbox 506 3251 661 3324; x_wconf 85' lang='lat' dir='ltr'>evangelii</span> <span class='ocrx_word' id='word_1_126' title='bbox 689 3296 695 3308; x_wconf 92' lang='lat'><strong><em>.</em></strong></span> <span class='ocrx_word' id='word_1_127' title='bbox 718 3296 724 3306; x_wconf 91' lang='lat'>.</span> <span class='ocrx_word' id='word_1_128' title='bbox 748 3250 864 3323; x_wconf 83' lang='lat' dir='ltr'>legavit</span> <span class='ocrx_word' id='word_1_129' title='bbox 887 3251 1015 3309; x_wconf 88' lang='lat' dir='ltr'>ecclesie</span> <span class='ocrx_word' id='word_1_130' title='bbox 1046 3252 1239 3324; x_wconf 84' lang='lat' dir='ltr'>zagrabiensi</span> <span class='ocrx_word' id='word_1_131' title='bbox 1260 3252 1394 3334; x_wconf 91' lang='lat' dir='ltr'>Joannes</span> 
     </span>
     <span class='ocr_line' id='line_1_17' title="bbox 172 3355 1393 3429; baseline 0.003 -16"><span class='ocrx_word' id='word_1_132' title='bbox 172 3356 210 3414; x_wconf 92' lang='lat' dir='ltr'>de</span> <span class='ocrx_word' id='word_1_133' title='bbox 233 3355 333 3427; x_wconf 88' lang='lat' dir='ltr'>Gretz,</span> <span class='ocrx_word' id='word_1_134' title='bbox 356 3356 589 3416; x_wconf 87' lang='lat' dir='ltr'>archidiaconus</span> <span class='ocrx_word' id='word_1_135' title='bbox 614 3357 743 3427; x_wconf 88' lang='lat' dir='ltr'>Urbocz‚</span> <span class='ocrx_word' id='word_1_136' title='bbox 768 3358 822 3429; x_wconf 92' lang='lat' dir='ltr'>qui</span> <span class='ocrx_word' id='word_1_137' title='bbox 845 3358 927 3415; x_wconf 88' lang='lat' dir='ltr'>obiit</span> <span class='ocrx_word' id='word_1_138' title='bbox 950 3358 981 3415; x_wconf 92' lang='lat' dir='ltr'>in</span> <span class='ocrx_word' id='word_1_139' title='bbox 1004 3358 1056 3415; x_wconf 85' lang='lat' dir='ltr'>via</span> <span class='ocrx_word' id='word_1_140' title='bbox 1079 3356 1119 3416; x_wconf 91' lang='lat' dir='ltr'>ad</span> <span class='ocrx_word' id='word_1_141' title='bbox 1143 3357 1262 3415; x_wconf 90' lang='lat' dir='ltr'>curiam</span> <span class='ocrx_word' id='word_1_142' title='bbox 1292 3373 1393 3417; x_wconf 86' lang='lat' dir='ltr'>rotna-</span> 
     </span>
    </p>
   </div>
   <div class='ocr_carea' id='block_1_8' title="bbox 173 3461 1059 3630">
    <p class='ocr_par' dir='ltr' id='par_1_8' title="bbox 173 3461 1059 3630">
     <span class='ocr_line' id='line_1_18' title="bbox 173 3461 509 3538; baseline 0.003 -18"><span class='ocrx_word' id='word_1_143' title='bbox 173 3477 256 3530; x_wconf 90' lang='lat' dir='ltr'>nam,</span> <span class='ocrx_word' id='word_1_144' title='bbox 281 3477 361 3520; x_wconf 90' lang='lat' dir='ltr'>anno</span> <span class='ocrx_word' id='word_1_145' title='bbox 383 3461 509 3538; x_wconf 87' lang='lat' dir='ltr'>jubileo.</span> 
     </span>
     <span class='ocr_line' id='line_1_19' title="bbox 342 3563 1059 3630; baseline 0.006 -18"><span class='ocrx_word' id='word_1_146' title='bbox 342 3563 448 3630; x_wconf 81' lang='lat' dir='ltr'>Georgii</span> <span class='ocrx_word' id='word_1_147' title='bbox 467 3563 632 3623; x_wconf 68' lang='lat' dir='ltr'>Mucelovie</span> <span class='ocrx_word' id='word_1_148' title='bbox 651 3565 770 3629; x_wconf 74' lang='lat' dir='ltr'>Regesta</span> <span class='ocrx_word' id='word_1_149' title='bbox 788 3565 815 3614; x_wconf 87' lang='lat' dir='ltr'>in</span> <span class='ocrx_word' id='word_1_150' title='bbox 833 3563 955 3616; x_wconf 90' lang='lat' dir='ltr'>biblioth.</span> <span class='ocrx_word' id='word_1_151' title='bbox 975 3565 1059 3617; x_wconf 83' lang='lat' dir='ltr'>dioec.</span> 
     </span>
    </p>
   </div>
   <div class='ocr_carea' id='block_1_9' title="bbox 237 3740 567 3805">
    <p class='ocr_par' dir='ltr' id='par_1_9' title="bbox 237 3740 567 3805">
     <span class='ocr_line' id='line_1_20' title="bbox 237 3740 567 3805; baseline 0.009 -16"><span class='ocrx_word' id='word_1_152' title='bbox 237 3741 317 3790; x_wconf 85' lang='lat' dir='ltr'>Anno</span> <span class='ocrx_word' id='word_1_153' title='bbox 339 3740 413 3803; x_wconf 84' lang='lat'>1461.</span> <span class='ocrx_word' id='word_1_154' title='bbox 439 3753 477 3805; x_wconf 86' lang='lat'>14.</span> <span class='ocrx_word' id='word_1_155' title='bbox 496 3741 567 3792; x_wconf 78' lang='lat' dir='ltr'>maii.</span> 
     </span>
    </p>
   </div>
   <div class='ocr_carea' id='block_1_10' title="bbox 131 3851 1108 4019">
    <p class='ocr_par' dir='ltr' id='par_1_10' title="bbox 131 3851 1108 4019">
     <span class='ocr_line' id='line_1_21' title="bbox 131 3851 1108 3927; baseline 0.002 -16"><span class='ocrx_word' id='word_1_156' title='bbox 131 3851 304 3926; x_wconf 89' lang='lat' dir='ltr'>Stephanus</span> <span class='ocrx_word' id='word_1_157' title='bbox 328 3853 528 3913; x_wconf 85' lang='lat' dir='ltr'>Cherutwecz</span> <span class='ocrx_word' id='word_1_158' title='bbox 551 3856 714 3913; x_wconf 89' lang='lat' dir='ltr'>canonicus</span> <span class='ocrx_word' id='word_1_159' title='bbox 737 3856 944 3927; x_wconf 87' lang='lat' dir='ltr'>zagrabiensis</span> <span class='ocrx_word' id='word_1_160' title='bbox 968 3856 1108 3914; x_wconf 91' lang='lat' dir='ltr'>moritur.</span> 
     </span>
     <span class='ocr_line' id='line_1_22' title="bbox 342 3953 920 4019; baseline 0.005 -17"><span class='ocrx_word' id='word_1_161' title='bbox 342 3955 438 4017; x_wconf 85' lang='lat' dir='ltr'>Georg.</span> <span class='ocrx_word' id='word_1_162' title='bbox 458 3953 623 4012; x_wconf 81' lang='lat' dir='ltr'>Marcelovic,</span> <span class='ocrx_word' id='word_1_163' title='bbox 644 3955 766 4019; x_wconf 85' lang='lat' dir='ltr'>Regesta.</span> <span class='ocrx_word' id='word_1_164' title='bbox 789 3962 816 4003; x_wconf 85' lang='lat' dir='ltr'>ut</span> <span class='ocrx_word' id='word_1_165' title='bbox 836 3970 920 4019; x_wconf 89' lang='lat' dir='ltr'>supra.</span> 
     </span>
    </p>
   </div>
   <div class='ocr_carea' id='block_1_11' title="bbox 237 4130 543 4195">
    <p class='ocr_par' dir='ltr' id='par_1_11' title="bbox 237 4130 543 4195">
     <span class='ocr_line' id='line_1_23' title="bbox 237 4130 543 4195; baseline 0.007 -17"><span class='ocrx_word' id='word_1_166' title='bbox 237 4130 317 4180; x_wconf 81' lang='lat' dir='ltr'>Anno</span> <span class='ocrx_word' id='word_1_167' title='bbox 339 4130 413 4193; x_wconf 84' lang='lat'>1461.</span> <span class='ocrx_word' id='word_1_168' title='bbox 437 4144 457 4180; x_wconf 88' lang='lat'>1.</span> <span class='ocrx_word' id='word_1_169' title='bbox 476 4132 543 4195; x_wconf 87' lang='lat' dir='ltr'>junii</span> 
     </span>
    </p>
   </div>
   <div class='ocr_carea' id='block_1_12' title="bbox 131 4224 922 4391">
    <p class='ocr_par' dir='ltr' id='par_1_12' title="bbox 131 4224 922 4391">
     <span class='ocr_line' id='line_1_24' title="bbox 131 4224 895 4298; baseline 0.004 -17"><span class='ocrx_word' id='word_1_170' title='bbox 131 4224 312 4282; x_wconf 87' lang='lat' dir='ltr'>Franciscus</span> <span class='ocrx_word' id='word_1_171' title='bbox 336 4226 500 4283; x_wconf 87' lang='lat' dir='ltr'>canonicus</span> <span class='ocrx_word' id='word_1_172' title='bbox 523 4226 730 4298; x_wconf 86' lang='lat' dir='ltr'>zagrabiensis</span> <span class='ocrx_word' id='word_1_173' title='bbox 752 4228 895 4284; x_wconf 90' lang='lat' dir='ltr'>moritur.</span> 
     </span>
     <span class='ocr_line' id='line_1_25' title="bbox 345 4323 922 4391; baseline 0.007 -18"><span class='ocrx_word' id='word_1_174' title='bbox 345 4326 439 4388; x_wconf 77' lang='lat' dir='ltr'>Georg.</span> <span class='ocrx_word' id='word_1_175' title='bbox 461 4323 624 4381; x_wconf 79' lang='lat' dir='ltr'>Marcelovid,</span> <span class='ocrx_word' id='word_1_176' title='bbox 644 4327 770 4389; x_wconf 84' lang='lat' dir='ltr'>Regesta‚</span> <span class='ocrx_word' id='word_1_177' title='bbox 790 4334 818 4375; x_wconf 84' lang='lat' dir='ltr'>ut</span> <span class='ocrx_word' id='word_1_178' title='bbox 839 4342 922 4391; x_wconf 84' lang='lat' dir='ltr'>supra.</span> 
     </span>
    </p>
   </div>
   <div class='ocr_carea' id='block_1_13' title="bbox 238 4500 650 4566">
    <p class='ocr_par' dir='ltr' id='par_1_13' title="bbox 238 4500 650 4566">
     <span class='ocr_line' id='line_1_26' title="bbox 238 4500 650 4566; baseline 0.007 -17"><span class='ocrx_word' id='word_1_179' title='bbox 238 4500 318 4550; x_wconf 87' lang='lat' dir='ltr'>Anno</span> <span class='ocrx_word' id='word_1_180' title='bbox 340 4501 415 4566; x_wconf 81' lang='lat'>1465.</span> <span class='ocrx_word' id='word_1_181' title='bbox 437 4512 478 4553; x_wconf 80' lang='lat' dir='ltr'>ao.</span> <span class='ocrx_word' id='word_1_182' title='bbox 498 4502 650 4552; x_wconf 85' lang='lat' dir='ltr'>decembris.</span> 
     </span>
    </p>
   </div>
   <div class='ocr_carea' id='block_1_14' title="bbox 132 4609 1400 4791">
    <p class='ocr_par' dir='ltr' id='par_1_14' title="bbox 132 4609 1400 4791">
     <span class='ocr_line' id='line_1_27' title="bbox 132 4609 1400 4690; baseline 0.006 -23"><span class='ocrx_word' id='word_1_183' title='bbox 132 4609 217 4668; x_wconf 90' lang='lat' dir='ltr'>Obiit</span> <span class='ocrx_word' id='word_1_184' title='bbox 239 4609 414 4686; x_wconf 88' lang='lat' dir='ltr'>Stephanus</span> <span class='ocrx_word' id='word_1_185' title='bbox 438 4612 671 4671; x_wconf 87' lang='lat' dir='ltr'>archidiaconus</span> <span class='ocrx_word' id='word_1_186' title='bbox 693 4613 915 4685; x_wconf 87' lang='lat' dir='ltr'>Camarcensis,</span> <span class='ocrx_word' id='word_1_187' title='bbox 938 4617 1102 4673; x_wconf 90' lang='lat' dir='ltr'>canonicus</span> <span class='ocrx_word' id='word_1_188' title='bbox 1118 4621 1148 4674; x_wconf 91' lang='lat' dir='ltr'>et</span> <span class='ocrx_word' id='word_1_189' title='bbox 1164 4616 1316 4690; x_wconf 87' lang='lat' dir='ltr'>plebanus</span> <span class='ocrx_word' id='word_1_190' title='bbox 1343 4617 1400 4674; x_wconf 89' lang='lat' dir='ltr'>bu-</span> 
     </span>
     <span class='ocr_line' id='line_1_28' title="bbox 177 4713 1399 4791; baseline 0.008 -21"><span class='ocrx_word' id='word_1_191' title='bbox 177 4713 287 4787; x_wconf 90' lang='lat' dir='ltr'>densis,</span> <span class='ocrx_word' id='word_1_192' title='bbox 311 4718 514 4776; x_wconf 79' lang='lat' dir='ltr'>cancellarius</span> <span class='ocrx_word' id='word_1_193' title='bbox 538 4719 619 4791; x_wconf 83' lang='lat' dir='ltr'>regis</span> <span class='ocrx_word' id='word_1_194' title='bbox 650 4720 785 4778; x_wconf 85' lang='lat' dir='ltr'>Ladislai</span> <span class='ocrx_word' id='word_1_195' title='bbox 817 4736 852 4778; x_wconf 94' lang='lat' dir='ltr'>ac</span> <span class='ocrx_word' id='word_1_196' title='bbox 877 4720 973 4779; x_wconf 92' lang='lat' dir='ltr'>Ulrici</span> <span class='ocrx_word' id='word_1_197' title='bbox 1006 4722 1128 4780; x_wconf 92' lang='lat' dir='ltr'>comitis</span> <span class='ocrx_word' id='word_1_198' title='bbox 1151 4721 1257 4780; x_wconf 89' lang='lat' dir='ltr'>Ciliae.</span> <span class='ocrx_word' id='word_1_199' title='bbox 1296 4721 1399 4780; x_wconf 85' lang='lat' dir='ltr'>Budae</span> 
     </span>
    </p>
   </div>
   <div class='ocr_carea' id='block_1_15' title="bbox 177 4823 934 4992">
    <p class='ocr_par' dir='ltr' id='par_1_15' title="bbox 177 4823 934 4992">
     <span class='ocr_line' id='line_1_29' title="bbox 177 4823 324 4896; baseline 0.014 -17"><span class='ocrx_word' id='word_1_200' title='bbox 177 4823 324 4896; x_wconf 89' lang='lat' dir='ltr'>sepultus.</span> 
     </span>
     <span class='ocr_line' id='line_1_30' title="bbox 344 4924 934 4992; baseline 0.008 -19"><span class='ocrx_word' id='word_1_201' title='bbox 344 4924 451 4989; x_wconf 74' lang='lat' dir='ltr'>Georgii</span> <span class='ocrx_word' id='word_1_202' title='bbox 472 4924 637 4985; x_wconf 78' lang='lat' dir='ltr'>Marcelovit,</span> <span class='ocrx_word' id='word_1_203' title='bbox 656 4927 782 4992; x_wconf 81' lang='lat' dir='ltr'>Regesta,</span> <span class='ocrx_word' id='word_1_204' title='bbox 803 4933 830 4975; x_wconf 93' lang='lat' dir='ltr'>ut</span> <span class='ocrx_word' id='word_1_205' title='bbox 849 4940 934 4991; x_wconf 77' lang='lat' dir='ltr'>supra.</span> 
     </span>
    </p>
   </div>
   <div class='ocr_carea' id='block_1_16' title="bbox 0 0 1644 5348">
    <p class='ocr_par' dir='ltr' id='par_1_16' title="bbox 0 0 1644 5348">
     <span class='ocr_line' id='line_1_31' title="bbox 0 0 1644 5348; baseline 0 0"><span class='ocrx_word' id='word_1_206' title='bbox 0 0 1644 5348; x_wconf 95' lang='lat' dir='ltr'> </span> 
     </span>
    </p>
   </div>
  </div>
 </body>
</html>
