3278 5348
611 431 684 489 Doc.
701 443 779 510 324.
804 463 843 473 -
868 430 925 489 An.
951 424 1041 508 1481.
1394 448 1456 511 407

182 663 223 706 ex
247 651 335 722 parte
367 651 613 705 memoratorum
644 646 676 706 in
706 662 833 706 causam
868 653 1071 708 attractorum
1094 664 1149 724 per
1172 663 1229 708 nos
1245 649 1276 707 in
1299 622 1459 735 premissis

182 751 264 830 juris
294 752 451 811 medelam
480 752 574 828 peciit
606 753 741 828 elargiri.
773 754 891 814 Verum
915 755 988 829 quia
1012 755 1185 830 prescripta
1207 757 1387 830 proposicio
1400 771 1459 815 ‘ra-

185 860 275 919 cione
299 859 436 919 indebite
458 860 631 919 exaccionis
652 861 845 919 tributorum
868 862 1115 937 prescriptorum
1136 862 1262 921 nomine
1285 867 1317 920 et
1338 863 1370 920 in
1387 872 1460 937 per·

188 980 266 1024 sona
289 964 423 1040 predicti
445 964 564 1024 domini
587 966 685 1025 nostri
707 967 789 1040 regis
812 982 871 1042 pro
896 973 985 1042 parte
1007 967 1125 1027 civium
1146 973 1177 1026 et
1198 968 1373 1027 incolarum
1388 983 1459 1028 suo·

185 1087 259 1131 rum
283 1071 314 1130 in
338 1071 420 1130 dicta
444 1071 569 1131 civitate
591 1087 647 1130 sua
668 1073 768 1146 regali
790 1074 905 1132 montis
928 1073 1090 1132 Grecensis
1113 1075 1381 1133 commorancium
1404 1074 1458 1133 ad·

183 1194 295 1238 versus
325 1179 559 1252 prenominatos
588 1179 620 1237 in
657 1194 784 1237 causam
814 1184 961 1239 attractos
984 1180 1080 1239 modo
1102 1179 1255 1254 premisso
1279 1179 1361 1239 facta
1384 1181 1460 1240 exti·

184 1286 268 1357 tisse,
298 1283 396 1344 iidem
428 1285 527 1344 eciam
562 1285 594 1343 in
624 1301 750 1344 causam
780 1286 902 1371 attracti
925 1286 964 1344 ad
988 1285 1181 1345 reddendam
1204 1288 1363 1347 racionem
1383 1303 1455 1363 pre·

187 1391 358 1450 missorum
381 1391 434 1451 vel
457 1406 491 1449 se
513 1391 598 1466 ipsos
614 1391 646 1450 in
662 1391 822 1467 premissis
838 1390 1032 1450 emendaturi
1047 1397 1187 1450 nostram
1202 1393 1302 1451 veluti
1315 1391 1456 1451 iudicum
1532 1372 1536 1381 ⁵

184 1512 317 1556 suorum
340 1497 571 1556 ordinariorum
602 1497 634 1556 in
665 1496 857 1572 presenciam
890 1498 996 1558 venire
1019 1498 1071 1556 vel
1094 1499 1217 1557 mittere
1240 1513 1302 1557 non
1325 1513 1458 1572 curasse,

185 1603 242 1662 sed
266 1619 298 1661 se
324 1618 342 1661 a
365 1601 446 1661 facie
468 1603 544 1662 iuris
567 1607 598 1662 et
622 1603 742 1662 iusticie
765 1602 963 1673 absentando,
987 1601 1174 1679 judiciorum
1186 1604 1333 1664 oneribus
1349 1619 1459 1679 aggra-

185 1708 256 1767 vari
279 1709 474 1782 permisisse;
497 1709 581 1768 idem
612 1710 712 1768 eciam
743 1710 893 1782 magister
924 1711 1080 1794 Johannes
1113 1709 1252 1783 Posegay
1273 1715 1460 1784 procurator

183 1815 291 1887 regius
314 1815 531 1889 exempciones
554 1822 584 1873 et
606 1814 776 1886 libertates,
800 1816 1015 1889 prerogativas
1039 1832 1097 1889 per
1113 1816 1304 1889 prelibatum
1320 1815 1453 1875 condam

185 1919 350 1979 dominum
374 1920 482 1979 Belam
504 1935 611 1994 regem
633 1918 777 1979 antefatis
800 1921 923 1979 civibus
947 1927 976 1979 et
1008 1921 1118 1980 incolis
1151 1922 1286 1980 civitatis
1318 1921 1458 1996 predicte

188 2041 350 2085 concessas
380 2032 411 2085 et
441 2027 580 2099 collatas,
611 2027 807 2085 exhibicione
839 2028 1084 2101 prescriptarum
1115 2027 1291 2085 litterarum
1315 2027 1456 2086 eiusdem

188 2132 323 2192 condam
354 2132 474 2192 domini
504 2132 578 2192 Bele
609 2133 691 2205 regis
721 2133 830 2191 ordine
862 2133 968 2192 debito
988 2141 1019 2192 et
1041 2132 1207 2192 sufficienti
1230 2133 1404 2192 declarasse
1426 2138 1457 2192 et

186 2239 409 2314 comprobasse
442 2239 678 2313 reperiebantur
712 2237 893 2310 manifeste;
924 2245 955 2298 et
986 2239 1028 2297 ob
1050 2239 1110 2298 hoc
1133 2240 1341 2312 prenominati
1364 2240 1457 2312 cives,

186 2345 327 2420 hospites
350 2350 382 2404 et
403 2345 504 2404 incole
527 2342 639 2418 regalis
662 2345 796 2403 ciuitatis
827 2342 967 2403 eiusdem
998 2346 1111 2403 montis
1134 2344 1296 2404 Grecensis
1319 2345 1458 2420 predicte

186 2452 221 2510 iu
243 2451 393 2526 predictis
424 2466 534 2510 eorum
562 2439 818 2526 exemptionibus
849 2457 879 2509 et
911 2450 1118 2522 libertatibus,
1149 2452 1366 2526 prerogativis,
1398 2468 1455 2525 per

185 2558 251 2619 iam
274 2556 373 2616 fatum
396 2557 528 2618 condam
552 2557 714 2616 dominum
738 2557 846 2618 Belem
869 2572 976 2631 regem
998 2558 1121 2617 racione
1144 2574 1205 2616 non
1221 2558 1388 2617 solucionis
1404 2559 1457 2618 tri·

186 2663 336 2722 butorum
371 2663 467 2721 modo
501 2664 654 2737 premisso
689 2663 805 2721 eisdem
841 2663 962 2722 donatis
997 2669 1027 2723 et
1057 2665 1208 2722 concessis
1232 2670 1338 2723 contra
1361 2665 1457 2739 preli·

184 2771 276 2829 batos
299 2770 332 2828 in
353 2785 480 2828 causam
502 2775 649 2829 attractos
670 2770 805 2844 relinqui
828 2785 866 2828 ex
889 2785 987 2844 eoque
1011 2771 1052 2828 ab
1076 2770 1161 2829 omni
1185 2770 1348 2834 tributaria
1372 2772 1456 2830 solu·

186 2877 275 2935 cione
287 2892 341 2934 seu
354 2876 518 2935 exaccione
540 2877 649 2935 tributi
672 2876 704 2934 in
717 2877 793 2935 locis
817 2877 1007 2935 tributorum
1024 2877 1255 2951 prelibatorum
1270 2893 1396 2936 omnem
1419 2878 1452 2936 in

185 2998 312 3041 causam
334 2988 539 3040 attractorum
561 2983 898 3056 supranominatorum,
922 2982 1026 3041 ubivis
1056 2983 1138 3041 intra
1161 2986 1311 3042 terminos
1334 2984 1455 3055 regales

185 3089 269 3163 exigi
299 3089 466 3147 solitorum
496 3089 600 3161 eximi,
631 3089 792 3147 exonerari
822 3095 852 3147 et
882 3089 1009 3147 omnino
1041 3090 1221 3163 supportari
1251 3095 1281 3147 et
1313 3089 1455 3147 libertati

185 3194 300 3254 debere
322 3195 413 3253 nobis
443 3201 473 3253 et
504 3194 638 3253 dominis
669 3195 806 3269 prelatis,
840 3196 1018 3266 baronibus,
1050 3196 1198 3269 regnique
1231 3193 1391 3253 nobilibus
1415 3210 1451 3252 ac

184 3298 294 3377 juratis
330 3301 538 3360 assessoribus
573 3301 823 3374 congregacionis
858 3307 962 3359 nostre
996 3301 1142 3376 predicte,
1174 3301 1330 3373 magistris
1354 3301 1453 3358 eciam

186 3408 432 3484 prothonotariis
467 3408 580 3466 nostris
613 3409 777 3467 nobiscum
808 3408 1009 3466 existentibus
1041 3407 1233 3465 cernebatur.
1264 3405 1454 3465 Eorumdem

184 3515 289 3589 itaque
313 3513 512 3573 dominorum
535 3515 738 3588 prelatorum,
754 3514 916 3585 baronum,
934 3514 1021 3587 regni
1037 3514 1200 3584 nobilium,
1216 3511 1454 3589 juratorumque

184 3636 377 3680 assessorum
407 3620 488 3679 dicte
522 3627 626 3679 nostre
657 3620 908 3693 congregacionis
939 3625 970 3677 et
997 3620 1219 3692 magistrorum
1255 3619 1455 3694 prothonota-

185 3728 306 3786 riorum
329 3732 506 3785 nostrorum
531 3725 648 3785 inducti
671 3726 808 3797 consilio,
833 3732 1022 3783 memoratos
1044 3726 1136 3797 cives,
1166 3726 1312 3799 hospites,
1336 3725 1454 3783 incolas

184 3833 267 3892 dicte
298 3833 432 3892 civitatis
464 3834 578 3891 montis
608 3832 772 3891 Grecensis
804 3840 961 3906 presentes
993 3838 1023 3889 et
1053 3831 1174 3890 tuturos
1206 3832 1383 3890 racionibus
1416 3847 1454 3889 ex

185 3912 411 4015 premissis'ab
434 3940 519 3998 omni
538 3939 702 4000 tributaria
737 3939 894 3996 solucione
918 3953 971 3994 seu
1002 3939 1164 3996 exaccione
1187 3938 1297 3996 tributi
1319 3937 1351 3995 in
1374 3936 1451 3995 locis

186 4047 475 4122 prenominatorum
508 4045 707 4103 dominorum
738 4043 896 4119 Stephani,
920 4044 1076 4114 Bernardi,
1100 4044 1225 4117 Duymi,
1248 4044 1397 4127 Johannis
1421 4049 1451 4101 et

188 4153 309 4214 Nicolai
332 4153 492 4226 comitum,
516 4153 599 4210 Petri
622 4152 661 4210 de
691 4151 802 4221 ernio,
833 4150 959 4222 Georgii
991 4149 1200 4223 Mykolysyth,
1232 4151 1360 4207 alterius
1393 4148 1453 4207 Ge·

187 4261 268 4333 orgii
302 4259 492 4333 Herendyth,
527 4259 674 4344 Johannis
710 4258 856 4330 Krupay,
888 4255 1032 4329 Gregorii
1067 4257 1210 4326 Bradath,
1243 4255 1454 4328 Panlusyczki‚

184 4366 306 4424 Thome
329 4371 359 4424 et
390 4365 548 4424 Michaelis
582 4365 733 4437 Thompa,
763 4361 911 4446 Johannis
935 4362 1076 4433 llumzki,
1101 4361 1249 4420 Bernardi
1272 4360 1454 4433 Zthochyth,

185 4472 334 4556 Johannis
357 4471 573 4545 Fraylihouith
597 4477 628 4528 et
651 4469 771 4527 domini
793 4468 919 4541 Georgii
943 4468 1159 4540 gubernatoris
1183 4467 1313 4525 abbacie
1336 4465 1375 4524 de
1390 4466 1449 4523 To·

186 4577 299 4653 polzka
323 4578 427 4636 ubivis
450 4584 480 4636 et
503 4578 534 4636 in
559 4577 808 4650 quibuscumque
832 4575 945 4632 tenutis
968 4574 1150 4631 eorumdem
1186 4574 1455 4646 qualitercumque

186 4684 269 4757 exigi
302 4684 466 4742 solitorum
502 4685 680 4754 eximentes,
712 4687 913 4740 exonerantes
942 4687 972 4739 et
1004 4681 1195 4751 libertantes,
1227 4680 1455 4755 premissasque

186 4789 369 4849 corumdem
394 4791 611 4864 exempciones
635 4796 665 4847 et
688 4789 849 4847 libertates
871 4787 1089 4846 restaurandas
1112 4793 1142 4845 et
1165 4788 1197 4845 in
1212 4787 1275 4845 suis
1293 4786 1455 4859 vigoribus

186 4894 415 4970 relinquendas,
446 4896 563 4956 liberos
594 4895 720 4954 eosdem
751 4899 844 4968 atque
876 4902 1037 4968 exemptos
1070 4892 1138 4953 fore
1160 4892 1402 4969 pronunciamus
1425 4898 1456 4950 et
