3256 5346
295 434 357 504 528
703 425 845 486 Addenda
859 441 893 503 3.
919 458 960 469 -
984 427 1032 485 An
1064 423 1155 505 1467.

294 646 411 705 eisdem
447 660 504 719 pro
538 643 697 704 talismodi
730 643 925 713 differenciis,
961 642 1220 714 contencionibus,
1256 643 1503 704 dissensionibus
1535 653 1562 704 et

295 751 514 811 controversiis
536 764 745 820 moveremus,
767 749 989 819 ammittamus,
1014 747 1099 822 quod
1121 752 1152 807 et
1175 749 1236 823 ipsi
1257 749 1342 808 cives
1365 750 1469 811 lacere
1484 759 1563 811 tene·

296 859 421 916 buntur.
443 857 477 915 In
501 872 573 914 casu
596 856 703 927 eciam,
727 869 789 929 quo
812 853 888 913 dicti
910 853 1008 912 nostri
1025 854 1136 912 arbitri
1151 854 1334 914 concordari
1350 872 1414 915 non
1432 861 1562 931 possent,

297 963 547 1038 superarbitrum
581 961 785 1036 spectabilem
817 966 847 1018 et
878 959 1080 1033 magnificum
1114 960 1276 1020 dominum
1311 962 1380 1044 Jan,
1418 965 1561 1021 comitem

295 1069 424 1143 Zagorie
447 1074 477 1126 et
501 1069 587 1141 regni
611 1066 758 1126 Slauonie
780 1067 897 1125 banum
921 1066 1082 1140 elegimus,
1099 1068 1185 1125 cuius
1201 1066 1461 1127 determinacioni
1484 1075 1562 1127 stare

296 1180 327 1233 et
352 1189 462 1249 parere
485 1174 632 1231 volumus
655 1166 698 1251 (et
721 1173 933 1246 promittimus
955 1171 987 1229 in
1010 1164 1168 1250 omnibus)
1191 1171 1281 1231 factis
1296 1175 1561 1248 possessionanis;

299 1281 361 1355 qui,
392 1280 419 1338 si
450 1280 662 1354 superarbiter
693 1294 759 1337 esse
789 1278 932 1350 noluerit,
964 1277 1066 1336 adhuc
1088 1294 1185 1337 unum
1208 1279 1315 1350 alium,
1340 1281 1394 1352 qui
1418 1280 1510 1339 nobis
1534 1285 1563 1338 et

297 1386 373 1460 ipsis
396 1386 517 1444 civibus
535 1378 638 1463 (aptus
659 1390 692 1443 et
713 1376 855 1461 idoneus)
879 1400 945 1443 esse
969 1383 1126 1442 videbitur
1142 1384 1182 1442 ad
1198 1384 1472 1445 determinandum
1492 1403 1560 1461 pre

297 1492 391 1550 missa
413 1491 565 1564 eligemus
588 1497 618 1548 et
640 1490 755 1563 eligere
778 1490 962 1562 valebimus,
987 1496 1057 1564 post
1080 1490 1215 1548 reditum
1239 1537 1367 1550 .....
1392 1493 1516 1551 comitis
1531 1498 1560 1550 et

296 1598 369 1657 bani
391 1598 424 1655 in
446 1598 530 1655 curia
553 1611 682 1655 romana
705 1596 935 1671 quintodecimo
958 1596 1008 1655 die
1023 1597 1182 1654 bominem
1199 1603 1342 1656 nostrum
1358 1599 1477 1672 pariter
1492 1614 1561 1657 curn

296 1703 423 1761 homine
445 1703 544 1776 ipsius
567 1702 709 1774 civitatis,
731 1702 758 1761 si
781 1701 862 1761 lnter
883 1703 1038 1761 ambitum
1061 1703 1153 1761 huius
1176 1704 1264 1776 regni
1281 1702 1430 1763 Slauonie
1453 1705 1562 1764 consti·

296 1815 398 1867 tutum
420 1807 523 1882 fuerit,
546 1810 705 1868 mittemus
728 1814 758 1867 et
773 1810 863 1895 ‘mitti
878 1807 1036 1882 faciemus,
1053 1815 1088 1867 ut
1111 1851 1271 1867 ......
1294 1810 1390 1869 modo
1412 1813 1563 1886 premisso

297 1961 453 1974 ......
477 1915 516 1974 de
530 1916 666 1989 negociis
682 1916 852 1990 prenotatis
875 1960 881 1974 .
905 1960 912 1973 .
937 1962 943 1973 .
968 1961 973 1973 .
999 1962 1004 1972 .
1029 1963 1035 1974 .
1059 1963 1065 1974 .
1089 1963 1094 1973 .
1119 1964 1124 1972 .
1151 1959 1156 1970 .
1182 1963 1188 1975 .
1212 1916 1366 1975 audienda
1382 1916 1562 1987 decreverit,

296 2022 458 2096 prefigerit
491 2028 522 2080 et
548 2023 759 2095 assignaverit
791 2022 907 2081 Datum
939 2021 1016 2080 feria
1050 2028 1137 2081 sexta
1171 2025 1316 2096 proxima
1348 2031 1421 2097 post
1451 2023 1562 2083 festum

297 2127 483 2186 ascensionis
506 2128 642 2187 Domini.
665 2130 755 2187 Anno
780 2128 918 2187 eiusdem
942 2129 1113 2186 millesimo
1145 2130 1454 2203 quadringentesimo
1478 2145 1562 2188 sexa·

296 2235 415 2307 gesimo
438 2237 579 2309 septimo.

401 2422 535 2487 Originnle
552 2423 580 2473 in
597 2423 686 2472 charta
702 2421 779 2472 valde
805 2438 911 2472 exesum
936 2428 963 2475 et
989 2421 1109 2476 lacerum.
1138 2423 1168 2473 A
1194 2429 1267 2488 tergo
1294 2429 1405 2489 apparet
1432 2424 1563 2488 vestigium

296 2510 386 2576 sigilli.
405 2513 438 2562 In
456 2512 572 2562 archivio
588 2510 634 2562 lib.
653 2529 706 2578 reg.
725 2499 796 2564 civit.
814 2513 916 2577 zagrab.
