3256 5346
732 434 804 493 Doc.
823 444 895 511 375.
919 466 962 476 -
986 432 1156 510 An.1495.

896 642 988 712 3¹15.

393 780 465 823 Anno
487 781 562 835 1495,
584 781 607 833 3.
627 768 759 820 februarii.
778 767 928 831 Zegrabiae.

288 909 403 966 Domus
432 905 573 981 quaedam
603 922 666 962 cum
688 903 789 978 fiendo
811 905 842 960 in
870 903 956 961 Nova
980 921 1028 962 ves
1060 905 1115 960 sito
1137 904 1304 961 annectitur
1317 910 1379 976 per
1401 903 1555 976 capr'tulum

543 1029 616 1068 arae
637 1011 663 1070 l.
688 1010 786 1067 Pauli
806 1010 838 1066 in
863 1010 977 1067 ecclesia
999 1009 1161 1067 cathedrali
1172 1010 1331 1084 stendatac.

396 1169 488 1232 1495-
510 1156 599 1213 Feria
621 1155 716 1213 tercia
739 1155 771 1213 in
794 1153 872 1213 festo
895 1155 979 1212 beati
1002 1152 1097 1212 Blasii
1119 1154 1265 1225 martiris,
1290 1152 1415 1213 domini
1439 1157 1553 1229 capitu·

289 1264 397 1323 lariter
426 1261 614 1335 congregati,
643 1259 773 1318 domum
796 1275 868 1318 cum
899 1259 1006 1330 fundo,
1031 1274 1126 1334 quam
1149 1260 1227 1317 alias
1250 1259 1387 1318 condam
1412 1260 1555 1319 dominus

287 1370 422 1454 Jacobus
449 1366 683 1425 archidiaconus
713 1365 881 1440 goricensis
904 1365 936 1424 in
967 1365 1055 1423 Nova
1078 1364 1155 1422 villa
1178 1363 1365 1423 fundaverat
1398 1366 1440 1425 ad
1470 1383 1554 1425 aram

289 1475 386 1534 sancti
409 1471 565 1544 Bernardi,
589 1471 700 1530 deinde
723 1471 858 1530 condam
881 1471 1028 1544 magister
1051 1470 1202 1544 Georgius
1225 1470 1264 1528 de
1296 1471 1486 1543 Mylethincz
1508 1489 1554 1531 ca·

289 1582 417 1641 nonicus
439 1580 646 1652 zagrabiensis
669 1580 792 1654 penitus
818 1578 989 1637 desolatam
1013 1578 1125 1636 iterum
1149 1577 1187 1636 de
1210 1592 1293 1636 novo
1317 1587 1470 1652 erexerat,
1486 1582 1555 1654 quia

286 1688 350 1747 iam
372 1687 485 1744 iterum
508 1685 630 1744 ruinam
646 1685 831 1756 minabatur,
846 1699 946 1759 neque
968 1684 1081 1757 aliquis
1103 1684 1257 1757 presbiter
1279 1683 1408 1743 adeam
1444 1688 1554 1760 guber-

288 1791 423 1850 nandam
456 1792 566 1850 haberi
602 1791 711 1866 potuit,
745 1789 815 1849 ideo
849 1789 978 1848 eandem
1008 1789 1138 1847 domum
1173 1805 1244 1847 cum
1267 1788 1365 1849 fundo
1404 1792 1551 1850 adaram

288 1899 372 1956 beati
399 1897 488 1955 Pauli
518 1896 653 1971 apostoli
681 1898 715 1955 in
745 1895 874 1954 ecclesia
904 1895 1095 1969 zagrabiensi
1118 1894 1288 1968 fundatam,
1311 1896 1410 1956 iidem
1436 1898 1551 1957 domiui

286 2010 478 2062 annexerunt
501 2009 670 2077 perpetue,
695 2002 863 2061 lococuius
887 2001 1000 2060 domus
1023 2008 1053 2059 et
1075 2001 1164 2060 fundi
1188 2018 1204 2060 e
1228 2018 1379 2062 converso
1405 2004 1549 2064 dominus

287 2111 442 2194 Johannes
465 2110 699 2169 archidiaconus
723 2109 898 2182 goricensis,
921 2108 1061 2167 eiusdem
1084 2124 1136 2167 are
1161 2109 1352 2182 gubernator
1376 2111 1552 2177 modernus,

288 2216 353 2276 duo
375 2218 481 2276 civilia
503 2218 535 2276 in
557 2216 667 2275 eadem
684 2216 772 2273 Nova
788 2213 866 2273 villa
888 2215 1003 2287 habita,
1027 2214 1068 2273 ad
1091 2215 1206 2274 dictam
1230 2231 1319 2275 aram
1342 2219 1442 2277 sancti
1468 2218 1553 2276 Pauli

291 2325 487 2398 pertinencia,
504 2339 562 2399 per
582 2324 666 2396 ipsos
689 2321 832 2379 dominos
848 2320 947 2379 libere
970 2320 1131 2378 vendenda
1154 2322 1274 2380 remisit
1297 2326 1328 2380 et
1343 2338 1401 2396 per
1425 2323 1551 2382 modum

289 2431 464 2489 concambii
487 2429 573 2488 dedit
595 2430 645 2501 ita,
669 2437 704 2486 ut
727 2428 867 2502 precium
891 2427 1032 2501 ipsorum
1055 2427 1196 2485 civilium
1219 2426 1260 2485 ad
1283 2444 1377 2487 usum
1401 2430 1482 2489 dicte
1504 2445 1553 2488 are

290 2538 388 2596 sancti
422 2535 569 2594 Bernardi
603 2539 816 2604 convertatur;
850 2534 914 2592 eius
948 2533 1083 2607 vineam,
1117 2540 1215 2592 terras
1237 2534 1374 2593 arabiles
1398 2541 1429 2595 et
1452 2535 1553 2595 senilia

291 2659 363 2702 cum
393 2643 537 2702 omnibus
573 2641 642 2699 aliis
676 2641 770 2700 rebus
804 2645 835 2699 et
859 2640 947 2698 bonis
970 2639 1010 2697 ad
1033 2639 1164 2698 eandem
1187 2656 1276 2698 aram
1297 2642 1383 2700 beati
1408 2641 1552 2701 Bernardi

290 2749 522 2823 pertinentibus,
546 2748 607 2822 ipsi
630 2747 748 2805 domini
760 2745 800 2804 ad
816 2745 1007 2820 prebendam
1024 2745 1142 2805 domini
1161 2746 1292 2820 Andree,
1315 2748 1395 2806 alias
1419 2748 1552 2823 plebani,

292 2869 387 2930 quam
410 2854 494 2913 idem
518 2852 672 2912 adiutorio
699 2861 856 2911 certorum
879 2852 1035 2910 bonorum
1057 2853 1198 2911 virorum
1223 2853 1262 2911 de
1284 2867 1368 2912 novo
1391 2853 1554 2927 edificavit,

290 2960 504 3032 adiunxerunt,
528 2962 571 3018 ita
602 2967 714 3030 tamen,
739 2959 824 3034 quod
847 2960 915 3033 ipse
938 2957 1082 3017 dominus
1106 2958 1246 3017 Andreas
1269 2960 1498 3034 prebendarius
1527 2966 1554 3019 et

291 3083 481 3127 successores
516 3068 564 3125 sui
599 3068 629 3125 in
663 3067 805 3141 qualibet
840 3064 1017 3123 ebdomada
1051 3067 1082 3124 in
1115 3066 1245 3124 ecclesia
1267 3065 1446 3125 kathedrali
1468 3068 1553 3125 illam

292 3189 387 3231 unam
421 3174 546 3230 solitam
584 3173 712 3230 missam
746 3171 896 3245 perficere
930 3186 992 3229 non
1026 3173 1192 3245 negligant.
1216 3171 1445 3246 Cuiusquidem
1467 3174 1555 3231 misse

292 3295 369 3337 onus
393 3277 476 3336 idem
500 3277 645 3336 dominus
668 3276 809 3335 Andreas
832 3277 863 3335 in
886 3292 918 3335 se
949 3276 1101 3335 benevole
1124 3278 1301 3351 assumpsit
1328 3278 1554 3339 Nichilominus

296 3386 450 3456 volumus,
474 3391 507 3442 ut
537 3382 622 3441 idem
652 3383 796 3442 dominus
826 3383 966 3440 Andreas
990 3389 1088 3441 totum
1112 3384 1319 3444 inventarium
1344 3385 1485 3445 eiusdem
1506 3400 1555 3444 are

296 3491 380 3548 beati
403 3489 558 3562 Bernardi,
582 3491 633 3548 hic
657 3491 784 3564 propria
808 3505 902 3547 manu
926 3490 1109 3547 subscribat.

402 3636 476 3691 1502.
502 3627 568 3674 Item
593 3625 660 3674 illud
679 3641 758 3674 unum
776 3625 860 3682 civile,
880 3626 998 3689 superius
1018 3626 1183 3691 descriptum,
1203 3643 1292 3677 versus
1310 3628 1490 3681 molendinum
1508 3646 1555 3680 ma·

294 3715 370 3778 gistri
398 3715 516 3773 Fabiani,
536 3715 668 3763 venditum
696 3715 745 3763 suit
771 3730 817 3779 per
835 3716 943 3764 condam
968 3716 1101 3765 dominum
1117 3715 1266 3779 Johannem
1283 3719 1420 3769 custodem
1438 3721 1472 3770 sd
1491 3735 1555 3769 man-

295 3803 384 3852 datum
402 3804 565 3852 dominorum
583 3803 637 3855 flor.
657 3812 774 3866 quatuor,
800 3804 846 3866 qui
865 3804 968 3853 tandem
987 3812 1046 3868 post
1065 3812 1172 3853 mortem
1191 3805 1309 3855 eiusdem
1328 3822 1361 3856 ex
1380 3809 1557 3858 commissione

293 3891 454 3941 dominorum
473 3892 596 3955 assignati
616 3900 674 3940 sunt
693 3892 725 3941 ad
745 3907 834 3941 manus
852 3893 1053 3957 prelatidomini
1069 3892 1199 3956 Johannis
1218 3893 1396 3945 archidiaconi
1418 3897 1556 3961 goricensis

292 3986 320 4027 ut
349 3988 510 4044 exponantur
538 3981 571 4028 ad
599 3979 737 4029 utilitatem
767 3981 894 4044 prelibate
922 3998 964 4030 are
984 3982 1065 4030 sancti
1085 3981 1217 4032 Bernardi.
1238 3982 1338 4033 Actum
1358 3985 1385 4034 in
1405 3986 1474 4036 sesto
1490 3985 1555 4035 beati

297 4066 416 4117 Silvestri
436 4084 502 4132 pape
525 4081 598 4134 1502.

402 4192 480 4240 Liber
499 4192 601 4248 rubeus,
622 4200 649 4240 ut
668 4208 754 4256 supra.
