3278 5348
182 393 219 450 28
606 391 679 448 Dec.
705 404 751 473 31.
777 424 816 433 —
841 390 899 447 An.
924 402 1012 466 1422.

181 607 397 679 libertatisque
433 621 541 664 eorum
577 607 775 679 prerogative
810 607 998 680 derogamen
1031 601 1438 676 non,mooicum.Supp1i·

182 717 284 771 catum
309 715 413 787 itaque
437 714 537 771 extitit
560 720 663 770 nostre
686 714 840 772 maiestati
871 715 902 772 in
935 713 1075 788 personis
1105 709 1290 768 eorumdem
1322 709 1441 776 civium,

182 826 215 877 ut
239 820 315 893 ipsis
339 820 418 877 circa
442 820 594 892 premissa
618 825 794 893 opportune
817 819 1018 892 dignaremur
1040 815 1214 892 providere.
1237 816 1275 873 Et
1304 817 1378 889 quia
1393 830 1444 872 nos

184 925 310 982 eosdem
335 926 418 983 cives
442 929 471 983 et
495 926 633 997 hospites
649 930 770 982 nostros
787 925 985 983 libertatibus
1000 930 1030 982 et
1046 921 1324 981 consuetudinibus
1341 936 1445 979 eorum

183 1032 328 1105 antiquis,
351 1032 464 1104 quibus
487 1032 635 1088 hactenus
658 1031 706 1088 usi
729 1031 815 1089 suere
845 1038 875 1087 et
904 1031 1003 1103 gavisi
1038 1029 1160 1087 illibate
1194 1027 1257 1085 frui
1292 1027 1448 1095 volumus,

184 1139 279 1211 igitur
302 1137 447 1195 fidelitati
470 1144 571 1195 vestre
595 1136 774 1195 firmissime
798 1138 988 1211 precipimus
1011 1142 1041 1194 et
1072 1134 1266 1205 mandamus,
1298 1140 1450 1207 quatenus

184 1245 300 1302 habitis
324 1244 520 1317 presentibus
544 1242 659 1300 amodo
683 1259 807 1316 quoque
831 1244 973 1301 inantea
997 1247 1027 1299 et
1043 1241 1188 1315 deinceps
1204 1239 1345 1315 prefatos
1368 1240 1451 1297 cives

186 1355 217 1407 et
238 1350 376 1423 hospites
399 1355 536 1423 pretacte
560 1354 663 1406 nostre
687 1350 821 1407 civitatis
843 1348 1052 1422 zagrabiensis
1076 1353 1105 1405 et
1121 1347 1288 1421 presertim
1313 1339 1346 1403 in
1361 1343 1452 1403 terris

187 1457 266 1513 intra
289 1462 387 1512 metas
411 1456 550 1528 ipsorum
576 1455 718 1528 antiquas
741 1455 954 1513 adiacentibus
984 1455 1014 1512 in
1049 1453 1139 1511 nullo
1173 1459 1280 1510 contra
1309 1452 1453 1524 antiquas

187 1563 346 1620 libertates
381 1567 412 1618 et
446 1560 691 1631 consuetudines,
726 1562 840 1634 quibus
875 1561 934 1633 ipsi
966 1561 1122 1630 hactenus,
1158 1563 1192 1616 ut
1215 1557 1383 1632 prefertur,
1407 1556 1454 1615 usi

188 1667 273 1726 fuere
297 1673 326 1723 et
349 1667 457 1738 gavisi,
481 1666 634 1739 impedire
647 1682 698 1724 seu
723 1667 931 1740 quovismodo
955 1665 1179 1741 dampnificare
1194 1666 1383 1738 presumatis
1399 1680 1456 1723 nec

189 1775 255 1832 sitis
278 1774 343 1830 ausi
366 1772 460 1830 modo
484 1773 624 1845 aliquali,
647 1773 785 1846 alioquin
811 1774 902 1831 vobis
929 1773 960 1830 in
979 1773 1139 1848 premissis
1155 1787 1242 1829 secus
1259 1770 1456 1841 iacientibus,

190 1880 273 1953 quod
298 1894 357 1936 non
382 1878 545 1949 credimus,
571 1879 687 1936 eisdem
710 1881 832 1937 civibus
855 1887 884 1938 et
907 1880 1084 1952 hospitibus
1119 1880 1232 1936 nostris
1254 1876 1293 1934 de
1317 1877 1374 1935 tali
1409 1893 1457 1934 re·

192 1986 297 2045 medio
320 1985 500 2042 curabimus
521 1984 688 2058 provideri,
712 1985 795 2058 quod
817 1987 877 2059 ipsi
901 1987 931 2043 in
953 1986 1114 2058 premissis
1131 1983 1303 2057 dampnum
1321 1998 1383 2040 non
1402 1998 1456 2057 pa·

191 2096 310 2153 cientur
334 2093 479 2165 aliquale.
503 2090 596 2149 Secus
618 2093 713 2164 igitur
736 2092 835 2151 iacere
859 2108 919 2150 non
943 2093 1047 2151 ausuri
1071 2093 1102 2150 in
1126 2092 1294 2165 premissis.
1328 2090 1458 2149 Presen·

193 2211 237 2258 tes
261 2215 385 2272 quoque
410 2205 480 2272 post
503 2214 609 2256 earum
634 2199 785 2256 lecturam
815 2199 904 2257 reddi
935 2198 1079 2275 jubemus
1107 2199 1304 2272 presentanti.
1339 2198 1458 2256 Datum

194 2309 223 2365 in
248 2304 367 2362 Zolnok
391 2303 467 2361 feria
503 2311 613 2376 quarta
649 2306 792 2379 proxima
827 2311 898 2380 post
931 2305 1045 2363 festum
1080 2304 1280 2362 sacratissimi
1314 2304 1458 2376 corporis

194 2412 317 2469 Christi.
343 2413 432 2466 Anno
457 2411 593 2468 eiusdem
619 2411 787 2469 millesimo
811 2411 1117 2485 quadringentesimo
1140 2411 1293 2482 vigesimo
1310 2408 1457 2468 secundo.

194 2519 372 2589 Regnorum
397 2522 575 2573 nostrorum
599 2532 679 2574 anno
702 2519 861 2591 ilungarie
884 2523 940 2576 etc.
966 2518 1106 2576 XXXVI.
1139 2517 1353 2575 Romanorum
1384 2515 1462 2574 duo·

196 2623 316 2680 decimo
340 2627 370 2678 et
394 2621 539 2680 Bohemie
562 2623 704 2681 secundo.

303 2776 436 2839 originale
455 2778 482 2825 iu
501 2778 595 2828 charta.
616 2781 648 2827 In
666 2781 780 2843 margine
798 2781 918 2830 infcrioni
938 2781 1090 2844 impressum
1108 2785 1147 2828 est
1166 2777 1289 2842 sigillum.
1315 2780 1348 2827 In
1366 2778 1463 2830 archiv.

197 2865 242 2914 lib.
262 2882 313 2929 reg.
334 2865 403 2916 civit.
423 2866 523 2929 zagrab.

802 3045 855 3110 31.

304 3207 383 3253 Anno
406 3215 480 3265 1422,
501 3204 648 3253 mensibus:
669 3207 743 3270 majo,
761 3207 849 3270 Junio‚
868 3206 948 3270 Julio.
969 3205 1116 3268 Zagrabiae.

267 3368 442 3449 lusiniaco
466 3364 590 3436 capitulo
613 3359 729 3433 sagrab.
753 3355 863 3415 ciau'ltus
892 3350 1079 3411 Grecensibus
1102 3349 1203 3407 illatae
1225 3347 1403 3423 reseruntur.

306 3566 353 3622 De
377 3562 536 3637 premissis
560 3560 656 3616 eciam
680 3570 741 3614 non
765 3557 924 3611 contentus
948 3552 1014 3624 ipse
1045 3548 1198 3619 Georgius
1232 3561 1289 3619 per
1325 3545 1468 3602 homines

202 3680 231 3732 et
253 3672 423 3730 familiares
447 3683 518 3725 suos
542 3668 572 3724 in
597 3665 674 3722 festo
699 3659 955 3720 Annunciacionis
979 3656 1108 3728 virginis
1132 3652 1270 3727 gloriose
1292 3650 1412 3725 elapso,
1435 3651 1467 3708 in

203 3796 282 3838 anno
307 3779 425 3836 domini
448 3770 675 3833 MCCCCXXII
698 3769 838 3827 homines
862 3773 891 3822 et
922 3766 1005 3822 cives
1035 3763 1127 3819 huius
1159 3759 1293 3817 civitatis
1324 3756 1472 3815 similiter

205 3892 309 3944 contra
333 3884 512 3942 libertatem
544 3878 677 3937 civitatis
712 3877 779 3934 dire
813 3872 999 3940 vulneravit,
1035 3866 1224 3936 verberavit,
1254 3863 1408 3937 percussit
1439 3867 1470 3920 et

204 3992 353 4066 spoliavit
375 4005 474 4063 usque
497 3988 534 4045 ad
560 3985 800 4044 exsiccacionem
825 3980 1052 4048 membrorum,
1083 3977 1178 4049 prout
1207 3971 1306 4029 eciam
1338 3974 1471 4043 apparet

206 4099 243 4156 de
273 4098 417 4171 presenti,
452 4095 545 4168 culpa
577 4107 685 4151 eorum
720 4091 782 4147 sine
815 4087 909 4154 omni,
941 4082 1051 4140 eodem
1075 4079 1170 4138 modo
1194 4077 1374 4137 incivitate
1398 4091 1471 4149 pre·

206 4211 316 4263 notata.

294 4312 380 4382 item,
393 4310 470 4367 feria
483 4308 577 4365 tercia
591 4305 735 4378 proxima
748 4306 818 4358 ante
830 4297 1016 4356 dominicam
1030 4293 1243 4366 Rogacionum
1254 4286 1399 4348 nonnulli
1415 4301 1473 4361 po·

209 4421 307 4478 ciores
325 4417 441 4474 domini
459 4414 497 4470 de
514 4411 652 4485 capitulo
669 4408 797 4466 ecclesie
813 4403 1018 4478 zagrabiensis
1034 4400 1073 4457 ad
1090 4396 1283 4457 territorium
1302 4409 1355 4452 seu
1371 4398 1471 4452 terras

208 4525 342 4584 civitatis
357 4521 472 4594 regalis
488 4535 558 4576 cum
577 4533 686 4575 eorum
701 4513 881 4573 hominibus
905 4517 934 4567 et
958 4507 1166 4592 familiaribus
1182 4502 1327 4561 manibus
1343 4499 1473 4558 armatis

208 4632 409 4689 vehementer
442 4628 601 4696 irruentes,
636 4627 737 4680 aratra
772 4621 802 4677 in
838 4617 955 4676 eisdem
985 4614 1075 4672 terris
1098 4610 1274 4670 arrancium
1308 4607 1474 4666 hominum

208 4742 388 4796 nostrorum
419 4734 637 4804 desecuerunt,
671 4728 813 4786 homines
844 4725 1061 4802 percusserunt
1096 4724 1126 4777 et
1160 4715 1331 4776 crudeliter
1366 4712 1475 4801 vulne·

208 4849 364 4909 taverunt.
