3278 5348
550 384 624 441 Doc.
642 395 713 459 311·
732 395 804 458 312.
831 415 870 425 -
894 380 953 441 An.
977 376 1069 459 1478.

760 697 837 764 311.

288 851 360 895 Anno
383 843 457 906 1478,
480 854 518 905 17.
539 839 669 891 februarii.
689 837 837 902 Zagrabiae.

184 968 333 1027 Statutum
356 969 390 1025 de
412 967 539 1024 domibus
561 967 591 1023 iu
615 967 685 1035 vico,
716 984 797 1040 quem
828 965 986 1038 capitulum
1016 971 1112 1037 nuper
1140 965 1281 1022 concessit
1306 964 1349 1021 ad
1369 962 1440 1020 habi·

507 1073 635 1143 tamtum,
651 1079 710 1146 per
730 1067 905 1145 capitulares
928 1069 1124 1134 aedificandis.

288 1221 378 1276 Anno
403 1217 522 1276 domini
546 1213 769 1274 llCCCCLXX
791 1220 911 1286 octavo,
935 1214 1013 1273 feria
1036 1213 1132 1272 tercia
1155 1221 1229 1287 post
1261 1213 1440 1272 dominicam

182 1324 399 1393 Reminiscere‚
430 1322 470 1380 ad
502 1338 613 1381 sonum
645 1322 772 1380 maioris
803 1335 963 1395 campane,
996 1320 1114 1378 domini
1139 1319 1356 1394 capitulariter
1378 1334 1440 1376 con·

182 1430 310 1504 gregati,
348 1429 573 1499 concluserunt,
605 1428 689 1502 quod
722 1427 856 1501 quilibet
881 1426 1082 1484 dominorum
1104 1432 1158 1484 aut
1181 1441 1239 1498 per
1261 1442 1296 1484 se
1319 1432 1371 1483 aut
1393 1440 1442 1498 per
1516 1420 1518 1429 '

95 1603 100 1610 ¹
184 1536 310 1594 colonos
334 1533 435 1608 predii
458 1536 505 1592 sui
529 1533 673 1608 disponat
697 1533 809 1591 domus
833 1532 910 1590 duas
941 1542 971 1590 et
1001 1531 1175 1606 pretorium
1209 1538 1388 1606 competens
1407 1523 1450 1589 *in'

184 1643 254 1700 loco
273 1641 334 1699 sibi
358 1640 506 1714 deputato
530 1642 561 1699 in
584 1641 655 1698 vico
685 1640 808 1698 noviter
837 1654 894 1712 per
925 1637 1098 1712 capitulum
1129 1652 1190 1711 pro
1220 1637 1441 1697 habitatoribus

184 1747 343 1821 deputato,
368 1752 397 1803 et
420 1747 479 1804 hoc
502 1762 600 1819 usque
624 1745 662 1803 ad
688 1744 800 1803 festum
824 1745 908 1803 beati
939 1743 1064 1802 Martini
1094 1743 1239 1817 proxime
1268 1744 1441 1803 affuturum.

182 1853 265 1911 Pena
287 1868 349 1911 non
371 1852 528 1918 facientis:
553 1853 694 1926 privetur
717 1851 827 1925 predio
850 1866 906 1909 suo
937 1856 968 1909 et
998 1851 1204 1924 proventibus
1235 1850 1307 1909 festi
1337 1849 1441 1909 nativi·

183 1961 255 2017 tatis
278 1959 412 2017 Domini.
436 1959 562 2016 Robora
586 1964 688 2016 autem
712 1957 891 2017 huiusmodi
914 1956 1081 2015 domorum
1103 1955 1302 2015 succidantur
1317 1958 1348 2014 in
1362 1955 1442 2014 silvis

183 2064 402 2124 communibus
424 2064 622 2137 ubicumque.

290 2200 369 2249 Liber
387 2199 481 2248 rubeus
498 2214 555 2250 ven.
575 2198 651 2263 Capit
678 2197 778 2262 zagrab.
805 2198 837 2247 In
855 2197 951 2249 archiv.
970 2196 1030 2250 incl.
1049 2197 1135 2252 Aoad.
1154 2196 1253 2250 Scient.
1271 2196 1341 2248 Slav.
1360 2193 1443 2248 merid.

778 2428 870 2493 312.-

290 2571 371 2619 Anno
392 2570 466 2633 1478,
487 2581 529 2633 23.
548 2568 646 2635 aprilis.
664 2568 762 2619 Budne.

184 2700 329 2768 Matlu'as,
352 2698 529 2770 Huugariae
552 2703 598 2756 etc.
623 2715 686 2765 rex,
710 2696 851 2754 Ladislao
873 2696 908 2754 dc
934 2696 1103 2772 Egemuara
1132 2698 1263 2768 mandat,
1292 2707 1329 2756 ut
1353 2716 1442 2767 causa,

184 2808 342 2882 quaejam
371 2801 481 2862 dudum
513 2805 614 2878 agitur
643 2805 719 2860 iuter
747 2805 977 2863 communitatem
1007 2803 1134 2864 civitatis
1167 2811 1196 2862 et
1216 2807 1382 2880 capitulum,
1404 2798 1445 2863 ad

664 2912 756 2984 finem
772 2910 963 2985 perducatur.

290 3055 421 3113 Mathias
457 3053 506 3112 dei
541 3054 645 3126 gracia
676 3070 732 3112 rex
763 3054 931 3127 Hungarie‚
965 3053 1112 3114 Bohemie
1134 3061 1190 3115 etc.
1212 3055 1316 3116 Fideli
1344 3059 1444 3116 nostro

185 3161 350 3234 magnifico
382 3160 528 3217 Ladislao
559 3159 597 3218 de
631 3160 804 3232 Egerwara,
836 3175 1004 3233 regnorum
1034 3166 1213 3219 nostrorum
1235 3163 1398 3222 Dalmacie
1418 3165 1445 3219 et

185 3269 313 3328 Croacie
336 3283 371 3325 ac
395 3268 492 3325 tocius
517 3266 680 3325 Sclauonie
705 3267 794 3337 bano,
818 3267 950 3325 salutem
979 3272 1009 3325 et
1031 3267 1176 3340 graciam.
1207 3268 1320 3329 Plures
1348 3268 1445 3344 queri·

184 3377 288 3434 monle
310 3391 367 3449 per
390 3373 499 3431 fideles
529 3382 651 3431 nostros
682 3374 881 3432 honorabiles
913 3373 1055 3433 dominos
1085 3374 1124 3432 de
1154 3376 1293 3450 capitulo
1323 3375 1445 3435 ecclesie

183 3482 391 3554 zagrabiensis
414 3495 449 3536 ac
472 3481 713 3554 circumspectos
736 3478 871 3554 judicem
894 3484 924 3538 et
945 3478 1072 3556 juratos,
1095 3487 1276 3555 ceterosque
1295 3483 1382 3541 cives
1407 3480 1446 3540 ci·

190 3589 293 3646 vitatis
317 3592 420 3644 nostre
444 3587 557 3643 montis
582 3586 742 3644 Grecensis
766 3594 872 3645 contra
896 3602 962 3645 sese
984 3587 1017 3646 in
1039 3586 1171 3646 diversis
1188 3589 1328 3647 articulis
1345 3602 1447 3648 coram

184 3695 343 3752 maiestate
366 3695 471 3748 nostra
494 3693 654 3764 proposito
677 3697 757 3765 sunt,
778 3694 810 3751 in
834 3693 948 3766 quibus
971 3709 1026 3766 per
1049 3699 1216 3768 utramque
1238 3703 1362 3769 partem
1378 3711 1450 3770 sup·

175 3800 359 3874 plicabatur
385 3814 441 3871 per
472 3803 610 3852 nostram
645 3801 837 3857 maiestatem
870 3799 1018 3858 iudicium
1042 3806 1071 3857 et
1093 3800 1248 3858 iusticiam
1272 3803 1448 3862 ministrari.

183 3906 261 3962 Cum
284 3909 388 3960 autem
411 3917 467 3959 nos
491 3902 519 3957 in
545 3904 773 3974 presenciarum
798 3906 868 3963 aliis
892 3906 1003 3963 nostris
1025 3906 1162 3978 negociis
1185 3911 1216 3964 et
1238 3909 1329 3981 regni
1351 3909 1448 3969 nostri

183 4026 291 4068 sumus
327 4008 477 4081 occupati,
513 4007 688 4081 iudicioque
720 4011 898 4070 huiusmodi
932 4012 1199 4086 querimoniarum
1232 4020 1339 4089 partes
1372 4018 1450 4075 inter

182 4116 307 4174 easdem
332 4114 436 4172 debito
459 4113 553 4171 modo
578 4130 687 4173 vacare
710 4133 771 4176 non
796 4134 972 4193 possumus,
995 4120 1038 4177 ob
1061 4120 1120 4178 hoc
1137 4119 1253 4178 tactum
1270 4123 1450 4183 huiusmodi

182 4222 447 4299 querimoniarum
476 4222 617 4294 parcium
648 4224 829 4283 earumdem
861 4226 951 4284 vobis
974 4225 1121 4285 duximus
1144 4227 1392 4289 commitendum
1419 4237 1451 4292 et

182 4329 393 4386 commisimus
411 4345 466 4402 per
481 4336 646 4404 presentes.
660 4329 844 4390 Mandamus
860 4340 1026 4406 propterea
1042 4334 1186 4392 fidelitati
1210 4341 1312 4394 vestre
1335 4336 1450 4397 harum

181 4437 260 4494 serie
282 4434 426 4507 firmirer,
450 4443 599 4509 quatenus
626 4436 740 4493 habitis
764 4440 967 4512 presentibus,
991 4441 1103 4510 statim,
1128 4456 1222 4513 quam
1247 4441 1388 4516 primum
1410 4442 1454 4503 ad

182 4541 299 4600 dictum
324 4557 454 4613 regnum
482 4548 621 4600 nostrum
651 4542 814 4602 Sclauonie
838 4547 1034 4617 intraveritis,
1058 4553 1121 4604 tam
1154 4547 1284 4623 prefatis
1315 4548 1454 4612 dominis

182 4647 220 4706 de
255 4648 393 4722 capitulo
428 4666 523 4723 quam
555 4650 643 4708 dictis
674 4650 796 4708 civibus
831 4653 952 4723 nostris,
986 4653 1082 4711 vestri
1104 4655 1136 4711 in
1160 4656 1357 4728 presenciam
1381 4673 1456 4720 con·

179 4756 315 4827 vocatis,
348 4755 524 4829 auditisque
559 4757 739 4815 eorumdem
777 4758 1050 4832 proposicionibus
1085 4765 1192 4818 contra
1222 4776 1308 4833 sese,
1325 4770 1376 4823 *et
1405 4780 1486 4841 reg

72 4871 87 4879 ’·
180 4863 301 4937 sponsis
333 4863 411 4920 inter
434 4861 559 4921 eosdem
584 4862 616 4919 in
646 4862 727 4920 facto
751 4863 1017 4936 querimoniarum
1051 4870 1144 4939 atque
1167 4869 1460 4947 controversiarum,
