3278 5348
183 431 244 490 40²
595 408 670 471 Doc.
687 422 764 486 320.
789 439 831 451 -
851 408 907 467 An.
931 400 1025 484 1480.

287 625 365 684 Item
388 625 417 685 S.
440 626 478 686 V.
509 626 588 684 bene
618 621 705 682 videt
726 622 885 697 quomodo
915 622 947 680 in
976 622 1129 681 nichilum
1153 621 1275 705 redacti
1298 638 1401 682 sumus
1419 627 1447 680 et

182 731 343 806 quomodo
366 748 456 806 sepes
477 731 607 806 capituli
630 745 683 789 seu
707 729 844 787 municio
868 743 925 803 per
948 727 1169 787 descendentes
1193 729 1235 788 sit
1258 728 1444 788 anibllataet

184 838 358 910 combusta,
391 854 452 912 que
481 853 537 913 per
566 852 624 895 nos
654 836 792 910 amplius
821 849 884 892 non
915 841 1017 908 potest
1048 835 1226 893 restaurari.
1251 834 1287 893 ln
1310 835 1446 893 omnibus

184 944 275 1002 bonis
298 945 412 1003 nostris
443 960 522 1019 pene
544 957 675 1017 peccora
706 941 888 1001 interierunt
918 939 1044 1014 frigoris
1067 949 1097 999 et
1119 938 1214 999 famis
1237 941 1350 1000 inedia
1372 938 1448 1014 Quid

184 1064 259 1123 ergo
290 1048 439 1109 faciamus
469 1050 615 1121 deinceps
645 1053 676 1106 et
706 1047 761 1107 ubi
792 1062 953 1106 servemus
983 1062 1040 1105 nos
1071 1063 1144 1106 cum
1167 1048 1234 1106 vita
1259 1055 1290 1106 et
1313 1053 1449 1105 tueamur

185 1155 353 1214 adversum
377 1157 482 1214 hostes
505 1156 649 1228 dignetur
671 1152 703 1212 S.
727 1153 764 1215 V,
789 1153 964 1227 providere.

289 1262 366 1319 Item
390 1261 589 1321 Serenissime
621 1276 685 1329 rex,
717 1259 842 1317 domine
872 1265 977 1319 noster
1006 1259 1168 1333 naturalis,
1191 1260 1450 1333 graciosisissime,

184 1376 368 1442 procurator
392 1367 484 1426 Sacre
507 1366 674 1423 Maiestatis
697 1365 807 1422 Vestre
828 1366 970 1438 egregius
993 1366 1147 1446 Jobannes
1172 1365 1315 1439 Posegay
1331 1366 1448 1425 nomine

186 1472 215 1532 S.
239 1473 274 1531 V.
298 1475 424 1532 attraxit
447 1473 621 1546 capitulum
637 1473 667 1529 in
684 1487 811 1529 causam
829 1478 970 1546 pretextu
987 1470 1197 1544 quarumdam
1219 1473 1447 1546 possessionum

186 1580 347 1638 Kralowcz
379 1580 541 1648 dictarum,
573 1594 633 1652 que
664 1578 734 1636 date
765 1584 837 1636 sunt
866 1578 996 1636 ecclesie
1020 1586 1148 1652 propter
1179 1577 1260 1636 duas
1284 1587 1404 1636 eternas
1424 1583 1450 1634 et

185 1695 353 1760 perpetuas
374 1687 494 1755 missas,
510 1701 571 1743 una
593 1686 677 1743 omni
702 1685 752 1743 die
768 1684 904 1742 canenda
928 1690 958 1742 et
980 1684 1042 1743 alia
1065 1685 1151 1742 omni
1174 1684 1225 1743 die
1242 1684 1385 1759 legenda,
1400 1683 1448 1741 ubi

185 1807 244 1867 pro
261 1793 406 1850 omnibus
428 1792 554 1864 regibus
571 1793 652 1849 vivis
675 1799 705 1849 et
720 1791 852 1849 sublatis
875 1790 914 1849 de
931 1790 1035 1849 medio
1058 1791 1149 1848 beata
1170 1790 1277 1863 agitur
1300 1790 1445 1850 memoria

186 1914 258 1957 cum
282 1899 493 1969 oracionibus,
516 1906 546 1957 et
581 1914 653 1955 cum
676 1872 814 1972 capitulo
845 1913 907 1956 non
930 1899 1071 1970 congruit
1094 1913 1221 1955 causam
1244 1898 1365 1970 agitare
1385 1910 1448 1954 cum

186 2014 389 2077 procuratore
412 2003 441 2062 S.
473 2004 509 2063 V.
539 2005 696 2078 supplicat
727 2004 811 2063 idem
834 2005 1009 2078 capitulum
1031 2004 1221 2074 humillime,
1238 2004 1287 2064 uti
1309 2002 1338 2062 S.
1361 2003 1445 2062 V.in

186 2110 250 2169 illis
274 2112 521 2184 possessionibus
537 2109 695 2169 evidenter
708 2110 825 2169 dictum
854 2111 1026 2184 capitulum
1050 2116 1250 2169 manutenere
1267 2111 1449 2184 dignaretur,

186 2232 258 2274 curn
282 2218 446 2292 proprium
469 2219 508 2275 sit
534 2232 643 2290 regum
668 2215 812 2275 divinum
835 2217 956 2275 cultum
978 2223 1187 2290 augmentare,
1211 2221 1247 2275 ut
1271 2215 1311 2274 de
1332 2216 1377 2274 eis
1391 2217 1444 2273 rite

187 2323 323 2382 dicatur:
358 2323 427 2382 Non
449 2331 495 2381 est
516 2324 660 2381 inventus
683 2323 794 2381 similis
816 2323 874 2398 illi,
906 2324 960 2398 qui
983 2328 1180 2381 conservaret
1203 2322 1308 2395 legem
1335 2320 1449 2383 excelsi

293 2478 428 2542 Originale
453 2479 480 2527 in
506 2478 601 2528 charta.
636 2478 669 2525 In
698 2477 795 2529 archiv.
826 2493 884 2529 ven.
913 2478 989 2543 capit
1023 2475 1124 2541 zagrab.
1143 2475 1207 2527 Act.
1233 2491 1291 2542 cap.
1317 2482 1362 2525 ant
1393 2476 1448 2526 fasc.

189 2579 212 2619 2.
232 2582 270 2618 nr.
292 2578 332 2629 39.

775 2760 864 2827 320.

294 2922 375 2971 Anno
397 2922 471 2984 1480,
491 2922 514 2973 8.
534 2921 655 2974 octobris.
674 2920 822 2986 Zagrabiae.

187 3047 216 3106 A
238 3049 360 3106 Mathia
381 3050 560 3123 Hunganac
581 3056 630 3108 etc.
654 3067 720 3122 rege
737 3048 902 3123 pellificum,
925 3048 1113 3122 selliparium,
1136 3048 1283 3123 artrficunt
1297 3047 1447 3124 frenorum

187 3161 216 3212 ct
236 3155 456 3228 computorum
479 3157 509 3211 in
533 3153 650 3214 cc'vr'tatc
673 3155 775 3212 montis
811 3153 963 3213 Grecensis
991 3155 1135 3215 societates
1163 3161 1275 3212 statuta
1306 3151 1449 3214 canuam

707 3261 924 3336 canfimantur.

293 3405 356 3463 Nos
380 3406 511 3463 llathias
534 3404 584 3462 dei
607 3406 712 3477 gracia
736 3422 791 3463 rex
814 3406 982 3479 Hungarie,
998 3405 1147 3465 Bohemie
1163 3410 1218 3463 etc.
1234 3401 1450 3477 significamus

187 3513 301 3585 quibus
335 3511 461 3584 expedit
495 3511 656 3583 universis,
687 3511 772 3585 quod
802 3527 859 3570 nos
888 3520 954 3570 tum
985 3511 1024 3570 ad
1055 3510 1281 3570 nonnullomm
1310 3508 1450 3570 fidelium

186 3624 364 3674 nostrorum
396 3616 575 3674 humillime
609 3618 851 3691 supplicacionis
882 3618 1064 3676 instanciam
1094 3632 1152 3691 per
1182 3631 1235 3674 eos
1269 3631 1331 3690 pro
1366 3619 1451 3690 parte

186 3723 395 3780 universitatis
426 3722 608 3794 pellificum,
639 3724 835 3797 selliparium
866 3731 896 3782 et
926 3722 1083 3782 artificum
1113 3721 1275 3780 frenorum
1299 3737 1336 3780 ac
1361 3721 1451 3781 corri-

185 3828 341 3899 giatorum
365 3826 395 3883 in
419 3826 477 3884 hac
500 3829 626 3885 civitate
649 3837 754 3888 nostra
779 3830 892 3887 montis
908 3828 1070 3888 Grecensis
1086 3845 1168 3888 nunc
1183 3829 1451 3889 commorandum

186 3940 216 3989 et
245 3934 277 3989 in
309 3932 448 3989 futurum
472 3942 776 3993 commoraturorum
806 3942 911 3994 nostre
934 3943 1100 4010 propterea
1123 3943 1266 4011 porrecte
1291 3932 1451 4004 maiestati

186 4044 251 4094 tum
275 4053 360 4108 vero,
384 4044 418 4094 ut
442 4038 535 4096 iidem
559 4047 640 4097 artes
664 4043 805 4115 ipsorum
821 4058 858 4100 eo
880 4042 1011 4100 liberius
1027 4057 1170 4101 exercere
1188 4041 1321 4113 valeant,
1333 4039 1450 4100 eisdem

186 4142 385 4216 pellificibus,
409 4144 610 4217 selliparibus
634 4153 663 4205 et
687 4148 859 4207 artificibus
882 4148 914 4207 id
930 4149 1069 4221 graciose
1085 4146 1286 4206 annuendum
1302 4145 1449 4204 duximus

184 4257 214 4306 et
237 4248 478 4319 concedendum,
508 4251 605 4308 immo
636 4255 800 4312 annuimus
831 4261 860 4312 et
891 4253 1098 4324 concedimus,
1126 4260 1160 4311 ut
1190 4252 1251 4327 ipsi
1281 4257 1313 4310 et
1342 4264 1452 4309 eorum

183 4355 321 4413 universi
344 4371 534 4414 successores
558 4364 586 4414 et
610 4360 726 4431 posteri
750 4361 896 4417 omnibus
920 4359 984 4416 illis
1008 4359 1207 4417 libertatibus
1230 4361 1262 4416 et
1285 4363 1451 4417 consuetu·

183 4459 317 4531 dinibus,
353 4463 466 4534 quibus
497 4463 658 4536 pellifices,
694 4466 856 4540 sellipares
889 4473 919 4524 et
950 4465 1084 4524 artifices
1115 4464 1252 4527 aliarum
1274 4463 1449 4524 liberarum

182 4567 343 4624 civitatum
375 4576 551 4626 nostrarum
582 4577 711 4629 utuntur
745 4577 776 4629 et
804 4572 948 4644 gaudent,
984 4570 1097 4629 futuris
1120 4586 1245 4645 semper
1266 4569 1451 4630 successivis

182 4675 377 4747 temporibus
400 4676 445 4732 uti
469 4676 587 4749 possint
619 4685 648 4733 et
670 4676 813 4749 gaudere.
836 4679 913 4736 ltem
950 4678 1062 4750 primo,
1086 4675 1173 4750 quod
1194 4676 1257 4750 ipsi
1280 4690 1371 4739 more
1393 4677 1451 4736 ali·

180 4795 271 4838 orum
302 4780 495 4854 pellificum,
528 4783 762 4856 sellipariorum
794 4789 824 4842 et
855 4784 1009 4842 artificum
1040 4783 1219 4842 societatem
1243 4782 1344 4857 vulgo
1378 4782 1452 4842 czeh

181 4886 375 4959 habendum,
400 4903 459 4960 pro
482 4904 514 4945 se
540 4888 638 4946 libere
661 4891 840 4947 societatem
864 4889 966 4948 facere
989 4906 1025 4946 ac
1048 4889 1179 4962 singulis
1202 4887 1291 4953 annu
1314 4890 1397 4950 iuter
1418 4903 1453 4949 se
