3278 5348
770 745 857 815 2⁷7.

288 981 370 1029 Anno
392 990 467 1043 1472,
490 991 531 1032 11.
547 979 629 1044 Jnnii.
647 977 746 1030 Budae.

183 1163 301 1219 Actione
322 1181 342 1217 a
372 1161 499 1234 capitulo
530 1159 716 1233 zagrabr'ensi
735 1160 855 1229 intenta,
877 1160 1064 1216 communr'tas
1086 1159 1213 1216 civitatis
1235 1158 1445 1236 depossessrbnc

183 1286 339 1364 Kraljenec
361 1286 485 1359 capitulo
506 1290 603 1357 erepta
625 1284 656 1339 in
671 1282 817 1358 judicium
840 1289 962 1340 vocamr
982 1301 1002 1340 a
1025 1281 1157 1353 Mathia,
1179 1282 1281 1356 Hung.
1309 1290 1359 1339 etc.
1378 1298 1438 1354 rege

809 1459 850 1506 De
868 1455 973 1523 propria
990 1457 1171 1506 commissione
1190 1456 1290 1506 domini
1310 1456 1386 1520 regis.

290 1606 422 1664 linthias
445 1604 495 1663 dei
516 1605 620 1678 gracia
643 1620 698 1663 rex
721 1603 889 1677 Hungan'e,
912 1602 1059 1661 Bohemie
1082 1609 1137 1661 etc.
1160 1601 1327 1660 Fidelibus
1340 1601 1444 1660 nostris

184 1712 417 1785 circumspectis
440 1709 537 1787 judici
560 1718 591 1768 et
612 1709 731 1786 juratis,
754 1711 925 1784 ceterisque
948 1710 1123 1784 hospitibus
1146 1716 1177 1766 et
1199 1709 1258 1766 toti
1280 1706 1446 1766 communi·

184 1820 240 1877 tati
264 1818 399 1876 civitatis
423 1824 527 1874 nostre
551 1817 665 1874 montis
689 1815 850 1874 Grecensis
874 1816 1008 1872 salutem
1039 1822 1070 1872 et
1099 1814 1251 1887 graciam.
1281 1813 1449 1888 Exponitur

184 1926 274 1983 nobis
306 1925 338 1982 in
366 1923 506 1997 personis
538 1921 680 1980 fidelium
712 1927 891 1979 nostrorum
922 1920 1155 1979 honorabilium
1185 1918 1388 1978 dominorum
1416 1917 1451 1976 de

184 2031 321 2104 capitulo
347 2029 474 2086 ecclesie
495 2028 704 2101 zagrabiensis
728 2026 766 2084 ad
784 2025 914 2084 modum
931 2027 1036 2098 gravis
1059 2025 1193 2100 querele,
1215 2026 1380 2099 quomodo
1401 2040 1451 2083 vos

185 2138 245 2195 hiis
267 2137 377 2194 diebus
400 2136 579 2193 novissimis
603 2135 811 2208 possessiones
834 2148 944 2191 eorum
966 2133 1137 2204 Kralowcz‚
1161 2131 1325 2205 Zwyblye,
1350 2132 1451 2202 Narth,

185 2241 331 2314 Kobylak
355 2250 385 2299 et
408 2242 524 2315 Czerye
546 2248 672 2299 vocatas
695 2241 790 2298 simul
813 2256 885 2298 cum
909 2241 1026 2298 tributo
1049 2255 1104 2297 seu
1126 2240 1287 2297 theolonio
1301 2241 1333 2297 in
1348 2237 1452 2297 eadem

185 2347 300 2420 Czerye
312 2348 426 2419 habito,
443 2349 474 2405 in
491 2349 638 2405 comitatu
660 2348 852 2420 zagrabiensi
874 2347 1046 2417 existentes,
1069 2344 1109 2402 ad
1123 2346 1223 2403 altare
1239 2353 1344 2404 sancte
1359 2343 1454 2402 crucis

186 2456 215 2512 in
240 2455 307 2528 ipsa
331 2455 460 2511 ecclesia
483 2454 676 2526 zagrabiensi
699 2458 909 2511 constructum
932 2452 973 2510 ab
997 2452 1125 2526 antiquo
1147 2458 1178 2509 et
1200 2467 1218 2508 a
1242 2451 1352 2510 multis
1367 2452 1451 2510 annis

185 2562 345 2618 retroactis
369 2560 520 2631 legittime
544 2567 574 2617 et
598 2560 700 2617 omnis
722 2557 799 2634 juris
823 2560 914 2616 titulo
937 2564 1109 2634 spectantes
1132 2564 1162 2616 et
1178 2573 1337 2632 possessas
1354 2566 1456 2633 preter

186 2683 309 2723 omnem
355 2668 439 2723 viam
470 2664 590 2740 justicie
626 2674 655 2723 et
684 2663 761 2740 juris
793 2680 972 2740 processum
1005 2681 1041 2723 ac
1075 2663 1330 2723 consuetudinem
1369 2667 1457 2737 regni

186 2775 288 2830 minus
321 2771 400 2846 juste
436 2780 466 2830 et
500 2772 636 2830 indebite
670 2772 881 2846 occupassetls
915 2777 946 2829 et
980 2777 1145 2844 occupatas
1180 2771 1326 2828 teneretis
1360 2771 1455 2830 modo

186 2894 318 2951 quoque,
336 2881 476 2951 potencia
491 2886 594 2937 vestra
618 2878 781 2949 mediante,
797 2879 829 2936 in
846 2877 1052 2951 preludicium
1067 2885 1097 2935 et
1112 2876 1285 2952 dampnum
1300 2877 1458 2937 dictorum

185 2986 410 3057 exponencium
434 2993 464 3043 et
486 2987 606 3059 antiqui
628 2984 705 3061 juris
731 2985 813 3042 dicte
835 2985 962 3043 ecclesie
992 2984 1179 3057 derogamen
1203 2989 1233 3042 et
1256 2982 1459 3058 dispendium

185 3092 359 3147 animarum
398 3100 573 3149 vestrarum
608 3091 823 3160 manifestum;
859 3091 940 3149 unde
974 3092 1185 3166 supplicatum
1222 3096 1268 3149 est
1301 3091 1461 3153 maiestati

185 3204 288 3253 nostre
312 3199 343 3254 in
368 3198 507 3270 personis
531 3198 713 3255 eorumdem
737 3199 964 3271 exponencium
986 3198 1155 3270 humiliter,
1186 3204 1220 3254 ut
1242 3197 1320 3272 ipsis
1345 3213 1457 3273 super-

185 3302 255 3359 inde
286 3303 460 3359 remedium
492 3311 705 3376 opportunum
736 3304 963 3362 adhiberemus.
994 3305 1031 3362 Et
1062 3320 1134 3362 cum
1162 3318 1220 3362 nos
1253 3304 1346 3362 sicuti
1377 3305 1460 3365 alias

185 3408 341 3480 quaslibet
366 3408 510 3464 ecclesias
534 3410 621 3481 regni
636 3411 743 3482 nostri,
767 3412 809 3468 ita
833 3418 864 3468 et
885 3412 987 3484 ipsam
1011 3411 1265 3486 principaliorem
1287 3412 1460 3473 ecclesiam

185 3514 425 3583 zagrabiensem,
451 3516 537 3570 cuius
561 3523 677 3574 tutores
700 3518 861 3575 existimus
885 3518 1043 3593 speciales,
1068 3517 1227 3593 potissime
1257 3532 1316 3593 pro
1346 3533 1395 3589 eo,
1419 3537 1461 3579 ne

185 3618 298 3675 divinis
325 3618 444 3689 officiis,
470 3636 529 3691 que
552 3637 611 3692 pro
635 3622 752 3680 eisdem
775 3623 1021 3698 possessionibus
1045 3640 1101 3698 per
1124 3638 1181 3681 vos
1197 3624 1357 3698 occupatis
1374 3626 1459 3684 cele·

185 3724 270 3780 brari
294 3725 431 3780 instituta
455 3726 579 3782 suntin
603 3727 711 3785 eadem
735 3729 865 3787 ecclesia
896 3729 1088 3802 zagrabiensi
1114 3730 1233 3804 privari
1256 3729 1307 3786 vel
1331 3745 1460 3790 cessare

184 3831 349 3901 contingat,
374 3830 503 3887 eandem
535 3833 598 3889 suis
629 3832 719 3908 justis
747 3833 868 3911 juribus
900 3844 930 3894 et
960 3837 1050 3893 bonis
1075 3835 1201 3894 destitui
1223 3849 1283 3893 non
1306 3835 1461 3911 velimus,

184 3936 253 3993 ideo
286 3934 429 3993 fidelitati
462 3945 564 3994 vestre
595 3938 728 3999 firmiter
759 3944 965 4017 precipientes
996 3942 1080 4000 aliud
1113 3943 1238 4000 omnino
1259 3941 1378 4001 habere
1400 3959 1461 4003 no-

184 4043 281 4099 lentes
304 4043 496 4115 mandamus‚
522 4052 673 4118 quatenus
696 4051 829 4122 receptis
852 4050 1048 4123 presentibus
1080 4050 1198 4122 absque
1228 4049 1314 4107 omni
1344 4065 1462 4111 recusa

184 4154 213 4205 et
236 4148 420 4206 difficultate
437 4151 624 4224 prescriptos
641 4154 850 4224 possessiones
867 4155 1021 4212 dictorum
1038 4154 1260 4228 exponencium
1278 4160 1308 4213 et
1322 4156 1462 4218 ecclesie

184 4271 291 4312 eorum
318 4264 454 4328 pretacte
477 4273 534 4329 per
557 4272 613 4314 vos
637 4258 731 4315 modo
755 4263 908 4333 premisso
931 4252 1096 4335 occupatas
1112 4262 1229 4320 eisdem
1244 4260 1461 4336 indempniter

182 4363 348 4434 remittere,
373 4378 545 4437 manusque
568 4371 687 4421 vestras
711 4372 741 4422 et
764 4374 941 4424 vestrorum
965 4369 1180 4441 quorumlibet
1204 4368 1243 4426 de
1258 4367 1379 4428 eisdem
1401 4386 1459 4446 pe-

182 4470 264 4526 nitus
288 4472 431 4544 excipere
457 4478 488 4528 et
511 4471 611 4544 excipi
635 4470 735 4528 facere
759 4472 907 4545 debeatis
931 4474 1082 4532 ulteriora
1104 4481 1210 4533 nostra
1232 4474 1382 4535 mandata
1404 4493 1458 4536 su·

183 4576 312 4650 perinde
335 4577 375 4635 ad
398 4593 455 4634 vos
478 4579 584 4635 venire
614 4578 742 4635 minime
774 4585 978 4652 expectantes.
1002 4581 1039 4638 Et
1062 4580 1197 4653 tandem,
1220 4582 1247 4640 si
1278 4580 1356 4655 quid
1378 4584 1462 4644 acci·

183 4683 249 4740 onis
273 4692 326 4740 aut
349 4682 425 4759 juris
449 4683 559 4741 exinde
583 4700 640 4741 vos
675 4685 789 4742 habere
812 4685 994 4759 pretenditis
1017 4687 1126 4745 ordine
1148 4685 1281 4763 juridico
1303 4691 1458 4765 prosequi

186 4791 364 4865 teneamini,
388 4807 476 4849 secus
499 4791 602 4867 gracie
624 4797 728 4850 nostre
751 4793 810 4850 sub
834 4794 963 4851 obtentu
985 4795 1165 4852 nullatenus
1186 4793 1288 4853 facere
1311 4811 1461 4871 presum-
