3278 5348
184 436 246 510 3⁶⁶
620 427 696 485 Doc.
721 435 791 500 297.
815 457 858 467 -
881 423 937 481 An.
962 432 1050 501 1475.

181 650 356 724 capitulum
387 646 562 722 predictum
591 644 667 702 illac
698 639 855 711 vocandis,
885 641 918 698 in
940 654 1002 698 uno
1025 643 1110 698 certo
1133 643 1165 696 et
1197 637 1294 696 brevi
1327 638 1459 694 termino

183 771 319 832 perros
350 754 492 829 partibus
529 751 604 826 ipsis
626 747 818 824 prefigendo,
841 751 926 805 recto
948 745 1058 804 ordine
1080 743 1306 819 conspiciendo
1328 747 1361 801 et
1392 757 1458 801 oon·

184 860 349 921 siderando
380 857 564 928 rectificetis,
587 861 616 914 et
640 856 720 913 inter
743 860 847 928 partes
870 851 1026 927 predictas
1049 851 1145 909 talem
1176 849 1302 908 faciatis
1326 849 1455 923 disposi-

185 970 313 1038 cionem,
346 964 429 1040 quod
458 979 521 1022 non
555 963 595 1021 sit
626 976 705 1035 opus
735 960 929 1035 peramplius
961 958 1079 1017 dehac
1110 974 1144 1017 re
1167 964 1275 1021 nostre
1298 955 1453 1030 querulari

186 1073 346 1132 maiestati.
369 1071 464 1129 Secus
486 1085 548 1128 non
571 1069 690 1127 facturi.
706 1066 905 1125 presentibus
928 1065 1082 1140 perlectis,
1106 1064 1268 1122 exhibenti
1300 1061 1452 1121 restitutis.

185 1180 301 1237 Datum
324 1178 409 1236 Bude
444 1177 521 1234 feria
553 1176 659 1249 quinta
691 1174 836 1249 proxima
860 1180 929 1230 ante
963 1171 1076 1230 festum
1107 1171 1192 1229 beati
1216 1171 1362 1229 Barnabe
1385 1182 1452 1241 apo·

187 1287 269 1344 stoli.
294 1288 384 1343 Anno
408 1284 528 1341 domini
551 1282 721 1340 millesimo
757 1279 1061 1354 quadringentesimo
1084 1278 1318 1352 septuagesimo
1343 1275 1450 1350 quinto.

187 1393 368 1464 Regnorum
403 1396 582 1448 nostrorum
617 1403 696 1446 anno
733 1387 890 1460 Hungarie
922 1391 977 1443 etc
1010 1384 1132 1442 decimo
1155 1389 1278 1455 octavo,
1313 1380 1451 1440 Bohemie

192 1511 268 1555 vero
291 1498 432 1570 septimo.

294 1683 427 1748 Originale
441 1684 468 1732 in
487 1683 575 1732 charta
611 1685 643 1731 In
662 1683 777 1746 margine
792 1681 908 1731 inferiori
923 1681 1076 1746 impressum
1101 1688 1141 1729 est
1167 1679 1293 1745 sigillum.
1313 1681 1346 1730 In
1365 1677 1451 1729 archiv.

187 1774 234 1825 lib.
253 1790 306 1838 reg.
326 1775 374 1826 civ.
393 1773 575 1837 zagrabiensis.

782 2056 868 2123 297.

297 2197 377 2244 Anno
399 2208 473 2261 1475.
497 2209 536 2247 11.
554 2198 637 2262 Junii.
657 2197 754 2248 Budae.

190 2321 335 2391 Matlrr'as,
358 2322 538 2395 Hungariae
561 2336 608 2381 etc.
632 2343 694 2393 rex,
725 2322 866 2392 Otvuldo,
888 2325 1014 2397 episcopo
1036 2322 1164 2397 κωμικὰ,
1181 2323 1453 2397 proximumin-

349 2429 488 2486 nrurritati
507 2430 632 2487 cr'w'tatis
654 2430 756 2487 rnonlis
786 2428 936 2488 Grccensis
958 2438 1067 2505 ereptos
1090 2448 1180 2504 agros
1200 2429 1313 2488 reddat.

936 2571 977 2618 De
994 2569 1175 2623 commissione
1193 2568 1295 2618 domini
1313 2565 1389 2632 regis.

296 2682 428 2739 llathias
460 2682 509 2740 dei
541 2683 644 2755 gracia
674 2698 730 2741 rex
760 2683 926 2756 Hungarie,
958 2681 1104 2740 Bohemie
1135 2687 1191 2740 etc.
1222 2680 1324 2740 Fideli
1345 2684 1446 2738 nostro

194 2786 365 2845 reverendo
387 2788 419 2844 in
443 2787 566 2845 Christo
590 2789 679 2862 patri,
703 2787 830 2846 domino
852 2788 989 2846 Osualdo
1012 2789 1160 2862 episcopo
1190 2786 1322 2846 ecclesie
1352 2799 1451 2859 zagra·

194 2893 316 2963 biensis,
340 2893 474 2951 salutem
498 2903 527 2951 et
550 2896 693 2967 graciam.
717 2895 931 2953 Intelleximus
953 2911 1014 2954 non
1037 2896 1103 2954 sine
1118 2909 1232 2968 magna
1246 2893 1344 2952 animi
1359 2889 1450 2951 nostri

195 2997 403 3071 displicencia,
436 3000 594 3072 quomodo
619 3017 674 3059 vos
698 3003 853 3075 preteritis
884 3003 1079 3076 temporibus
1104 2999 1257 3075 quasdam
1280 3006 1380 3058 terras
1401 3011 1449 3056 seu

195 3105 302 3177 predia
326 3106 405 3162 intra
428 3114 526 3164 metas
557 3108 691 3164 civitatis
722 3114 826 3165 nostre
858 3109 971 3166 montis
1002 3107 1164 3167 Grecensis
1187 3107 1311 3165 habitas
1335 3111 1366 3165 et
1400 3103 1456 3164 exi·

194 3216 307 3267 stentes
331 3213 370 3268 ab
387 3212 496 3269 eadem
513 3215 637 3271 civitate
661 3221 765 3271 nostra
789 3215 997 3288 occupassetis
1018 3220 1048 3272 et
1071 3218 1238 3287 occupatas
1262 3212 1405 3272 teneretis
1428 3210 1454 3269 iu

161 3402 164 3407 ι
194 3331 342 3389 magnum
366 3318 585 3377 detrimentum
610 3326 639 3377 et
664 3319 891 3379 desolacionem
914 3321 1011 3395 ipsius
1035 3321 1169 3379 civitatis
1190 3326 1305 3379 nostre.
1333 3319 1454 3378 Etcum

194 3437 249 3478 nos
273 3437 290 3478 a
313 3426 435 3482 nemine
459 3428 593 3484 velimus
620 3428 685 3500 pati
711 3428 791 3485 bona
821 3435 926 3486 nostra
955 3429 1073 3501 regalia
1094 3427 1240 3502 usurpari
1263 3428 1449 3501 permittere,

198 3527 341 3585 fidelitati
373 3532 467 3601 igitur
491 3540 591 3590 vestre
622 3534 732 3590 harum
765 3534 843 3592 serie
873 3534 1007 3592 firmiter
1037 3535 1242 3609 precipientes
1265 3532 1453 3602 mandamus,

104 3712 106 3717 J
198 3639 356 3705 quatenus,
381 3638 512 3709 receptis
537 3641 740 3711 presentibus,
765 3640 901 3713 prefatas
925 3647 1024 3699 terras
1047 3647 1077 3699 et
1099 3640 1208 3715 predia
1230 3640 1272 3698 ab
1295 3639 1366 3714 ipsa
1388 3638 1456 3698 ciri·

199 3745 261 3796 tate
283 3746 388 3797 nostra
413 3757 468 3814 per
492 3758 547 3800 vos
571 3752 737 3817 occupatas
756 3753 786 3803 et
809 3752 974 3821 usurpatas
996 3748 1154 3806 remittere
1177 3752 1207 3805 et
1228 3746 1386 3819 resignare
1409 3744 1454 3803 de·

201 3845 299 3902 beatis
322 3853 351 3903 et
383 3849 510 3906 teneatis
534 3855 563 3906 et
587 3866 673 3908 secus
697 3854 800 3924 gracie
823 3859 927 3912 nostre
950 3854 1010 3911 sub
1033 3855 1161 3912 obtentu
1185 3851 1286 3910 facere
1310 3867 1372 3911 uon
1395 3867 1458 3926 pre

199 3953 335 4010 sumatis.
358 3953 555 4013 Presentibus
572 3959 727 4030 perlectis,
744 3961 901 4017 exhibenti
918 3961 1075 4019 restitutis.
1092 3961 1208 4017 Datum
1232 3957 1318 4017 Bude
1342 3959 1374 4017 in
1389 3957 1461 4017 festo

199 4057 279 4116 beati
303 4059 444 4117 Barnabe
468 4065 611 4135 apostoli.
635 4058 726 4122 Anno
744 4066 862 4124 domini
887 4068 1058 4125 millesimo
1075 4065 1382 4141 quadringentesimo
1399 4081 1462 4140 sep

195 4166 368 4237 tuagesimo
399 4169 515 4239 quinto.
551 4170 729 4242 Regnorum
760 4179 939 4231 nostrorum
971 4189 1051 4233 anno
1082 4173 1241 4246 Hungarie
1263 4176 1319 4230 etc.
1344 4171 1461 4231 decimo

196 4276 316 4344 octavo,
341 4272 485 4330 Bohemie
509 4290 584 4333 vero
608 4277 749 4350 septime.

301 4460 435 4524 Originale
453 4462 480 4510 in
499 4461 595 4513 charta.
623 4465 656 4512 In
675 4466 790 4528 margine
809 4467 924 4516 inferiori
952 4469 1106 4534 impressum
1123 4475 1164 4518 est
1184 4469 1302 4534 sigillum
1328 4474 1362 4522 In
1380 4471 1467 4524 archiv

196 4544 242 4596 lib.
263 4564 315 4612 reg.
335 4551 405 4601 civit.
425 4552 525 4615 zagrab.
