3278 5348
609 364 683 423 Dec.
706 359 777 440 276.
805 397 842 427 -τ
867 363 1036 442 An.1472.
1391 380 1453 442 343

189 580 339 637 comitatu
361 579 553 652 zagrabiensi
576 579 739 638 existentes
762 577 802 636 ad
832 579 931 638 altare
956 585 1060 638 sancte
1087 579 1187 638 crucis
1215 579 1247 637 in
1276 579 1385 639 eadem
1408 597 1452 641 eo

185 685 280 744 clesia
311 685 507 758 zagrabiensi
540 684 643 755 situm,
679 684 718 743 de
752 683 820 760 jure
853 691 1026 758 spectantes
1059 691 1090 744 et
1121 687 1315 760 pertinentes,
1350 694 1455 762 preter

183 806 313 850 omnem
336 790 414 867 juris
438 791 580 849 ordinem
603 806 622 848 a
645 790 805 849 maiestate
828 791 913 864 regia
936 806 996 865 pro
1026 805 1058 850 se
1081 792 1158 864 ipsis
1186 791 1412 866 impetrassent·
1425 799 1456 852 et

184 914 238 957 eas
263 913 319 973 pro
344 913 377 955 se
399 897 482 955 clarn
506 904 535 955 et
558 897 679 955 occulte
702 912 738 954 ac
760 902 865 971 preter
887 896 1141 955 consuetudinem
1157 897 1249 956 huius
1264 898 1351 971 regni
1366 913 1455 957 occu·

186 1009 320 1079 passent.
339 1019 433 1077 seque
448 1005 532 1077 ipsos
549 1004 581 1062 in
595 1002 775 1061 earumdem
792 1002 966 1060 dominium
981 1002 1137 1061 introduci
1150 1002 1291 1062 fecissent
1314 1005 1455 1078 potencia

186 1110 353 1186 mediante,
377 1110 408 1167 in
431 1109 614 1168 corumdem
637 1110 880 1183 protestancium
903 1113 933 1167 et
956 1107 1031 1166 dicti
1053 1109 1182 1183 capituli
1211 1107 1297 1185 juris,
1319 1108 1455 1184 preludi-

187 1216 271 1274 cium
296 1222 325 1274 et
348 1215 520 1290 dampnum
551 1215 759 1274 manifestum.
790 1214 881 1274 Unde
912 1214 992 1273 facta
1011 1214 1188 1273 huiusmodi
1220 1216 1454 1289 protestacione,

185 1322 351 1380 memorati
376 1322 493 1380 domini
517 1321 754 1381 Bartholomeus
777 1326 884 1379 cantor
907 1326 937 1379 et
960 1322 1123 1379 canonicus
1146 1337 1182 1379 ac
1197 1321 1331 1380 vicarius
1347 1323 1378 1381 in
1392 1323 1454 1397 spi·

185 1428 353 1486 ritualibus
376 1428 529 1501 generalis
545 1434 574 1486 et
586 1428 774 1504 Demetrius,
797 1427 1032 1486 archidiaconus
1054 1426 1256 1496 kathedralis.
1280 1428 1311 1485 in
1326 1429 1454 1487 ecclesia

186 1535 380 1607 zagrabiensi
404 1534 543 1608 predicta
566 1535 629 1592 suis
652 1541 682 1592 et
705 1534 818 1609 prefati
840 1534 970 1607 capituli
1000 1534 1127 1592 ecclesie
1161 1535 1367 1606 zagrabiensis
1397 1551 1454 1592 no-

193 1641 332 1698 minibus
361 1649 391 1697 et
425 1641 457 1698 in
486 1640 627 1714 personis
658 1640 889 1698 serenissimum
913 1641 1086 1714 principem
1110 1640 1272 1698 dominum
1295 1640 1454 1714 Mathiam,

185 1747 237 1805 dei
260 1748 363 1820 gracia
387 1762 491 1821 regem
516 1748 682 1819 ilungarie,
706 1747 851 1805 Bohemie
882 1751 936 1805 etc.
968 1747 1130 1805 dominum
1161 1752 1303 1804 nostrum
1333 1748 1454 1819 gracio-

188 1854 346 1911 sissimum
371 1870 387 1912 a
412 1853 580 1911 donacione
603 1860 634 1911 et
654 1853 833 1924 collacione,
850 1852 987 1927 prefatos
1002 1867 1078 1910 vero
1095 1853 1293 1911 Valentinum
1308 1850 1453 1928 judicem,

184 1960 358 2043 Johannem
388 1960 563 2034 Perowycz‚
587 1960 720 2017 alterum
751 1960 925 2041 Johannem
958 1959 1079 2029 Pazaar‚
1104 1958 1294 2017 Anthonium
1318 1958 1357 2016 de
1379 1960 1454 2017 Klo-

185 2065 275 2137 koch,
306 2067 515 2136 Dominicum‚
549 2065 652 2124 filium
683 2065 856 2138 Perowycz,
886 2066 1060 2149 Johannem
1083 2063 1303 2138 Saldymaricz,
1331 2065 1453 2122 univer·

185 2187 300 2245 sosque
325 2173 406 2229 cives
438 2187 492 2229 seu
523 2172 660 2244 hospites
685 2177 821 2245 pretacte
845 2172 978 2230 civitatis
1001 2171 1115 2228 montis
1138 2170 1300 2228 Grecensis
1323 2176 1353 2228 et
1376 2171 1454 2228 alios

186 2278 343 2352 quoslibet
366 2278 501 2335 cuiusvis
525 2283 622 2334 status
648 2284 677 2334 et
701 2277 889 2336 condicionis
912 2277 1052 2334 homines
1076 2278 1116 2333 ab
1145 2276 1325 2335 huiusmodi
1355 2277 1453 2352 impe·

184 2385 331 2455 tracione,
366 2384 632 2458 occupacioneque
664 2390 693 2441 et
724 2384 929 2458 usurpacione
953 2384 1199 2457 prescriptamm
1222 2382 1454 2456 possessionum

185 2498 215 2549 et
239 2491 422 2565 porcionum
447 2491 760 2564 possessionariarum
793 2490 959 2561 Cralewcz‚
991 2489 1136 2562 Zwybye,
1169 2488 1277 2560 Narth,
1308 2487 1453 2562 Kobylak

185 2604 216 2657 et
240 2596 355 2668 Czerye
378 2611 497 2654 necnon
522 2597 632 2654 tributi
647 2611 683 2653 ac
699 2596 961 2669 pertinenciarum
978 2594 1169 2666 earumdem,
1185 2595 1295 2668 suique
1310 2596 1452 2669 ipsorum

185 2706 218 2763 in
240 2703 420 2762 earumdem
445 2701 620 2760 dominium
645 2703 874 2760 intromissione
898 2707 928 2760 et
950 2703 1011 2760 sibi
1034 2703 1109 2776 ipsis
1141 2701 1400 2775 appropriacione
1424 2708 1453 2761 et

184 2809 423 2877 statuisaccione‚
447 2809 488 2866 ab
504 2809 644 2883 ipsisque
661 2809 904 2882 protestantibus
923 2809 1033 2882 quavis
1050 2808 1247 2879 alienacione,
1264 2823 1454 2882 usuumquo·

186 2934 246 2991 que
270 2923 300 2973 et
323 2916 481 2973 fructuum
505 2932 541 2973 ac
564 2915 777 2989 quarumlibet
800 2915 970 2973 utilitatum
994 2914 1174 2972 earumdem
1200 2914 1400 2988 percepcione
1424 2921 1453 2972 et

185 3022 443 3100 percipifaccione
462 3029 492 3080 et
508 3024 634 3095 insuper
649 3023 794 3080 universa
810 3022 1019 3096 capitulorum
1035 3037 1070 3078 ae
1093 3025 1302 3079 conventuum
1326 3021 1449 3094 aliaque

185 3130 347 3189 credibilia
377 3129 455 3203 loca,
479 3129 643 3187 auttentica
668 3128 772 3201 sigilla
795 3128 955 3202 habencia,
986 3129 1027 3185 ab
1058 3127 1144 3185 omni
1175 3133 1204 3185 et
1237 3127 1449 3200 quarumlibet

186 3238 361 3295 litterarum
393 3233 686 3292 introductoriamm
714 3241 744 3292 et
774 3233 1008 3291 statutoriarum
1039 3232 1204 3306 superinde
1235 3241 1341 3291 contra
1367 3233 1453 3307 ipsos

184 3346 390 3416 protestantes
422 3342 618 3399 emanacione
647 3348 677 3397 et
707 3341 902 3398 concessione
931 3355 986 3397 seu
1017 3339 1211 3397 confeccione
1250 3345 1279 3397 et
1312 3338 1452 3397 extrada-

184 3449 273 3506 cione
304 3446 392 3504 factis
423 3447 661 3520 quomodolibet
692 3447 744 3504 vel
763 3435 887 3504 'fiendis
922 3447 1121 3504 inhibuerunt
1152 3445 1390 3504 contradicendo
1423 3451 1452 3503 et

184 3552 440 3611 contradixerunt
463 3553 632 3611 inhibendo
655 3553 782 3627 publice
805 3560 834 3611 et
859 3552 1021 3610 manifeste
1045 3568 1151 3610 coram
1167 3552 1257 3610 nobis
1271 3552 1446 3610 testimonio

184 3660 381 3734 presencium
413 3658 575 3717 mediante.
606 3660 722 3716 Datum
755 3660 887 3716 sabbato
919 3659 1063 3732 proximo
1099 3664 1168 3716 ante
1199 3659 1313 3717 sestum
1341 3659 1451 3716 nativi·

184 3766 257 3824 tatis
280 3766 363 3823 beati
385 3766 534 3849 Johannis
559 3767 699 3840 baptiste.
725 3768 813 3823 Anno
830 3765 947 3822 domini
964 3765 1132 3824 millesimo
1149 3765 1452 3839 quadringentesimo

183 3872 415 3945 septuagesimo
439 3872 580 3930 secundo,

291 4060 424 4124 Originale
442 4059 468 4111 in
488 4061 584 4112 charta.
604 4062 631 4109 A
652 4069 723 4124 tergo
741 4061 878 4124 vestigium
897 4061 1016 4125 impressi
1035 4060 1123 4124 sigilli.
1143 4061 1174 4108 In
1187 4059 1282 4110 archiv.
1296 4075 1352 4110 ven.
1367 4059 1450 4123 Capit.

182 4148 285 4211 zagrab.
306 4149 368 4196 Act.
387 4165 442 4214 cap.
461 4156 513 4198 ant.
532 4150 594 4200 fasc.
616 4161 638 4200 2.
658 4166 694 4200 nr.
717 4148 757 4212 36.
