3256 5346
715 424 788 481 Doc.
805 434 880 499 350.
906 456 946 465 -
970 424 1027 482 An.
1051 418 1147 501 1488.

305 646 377 715 suis,
399 642 439 701 ad
461 657 557 699 unum
581 646 701 698 certum
723 644 753 696 et
776 638 907 697 brevem
930 639 1099 697 terminum
1121 639 1225 697 eidem
1237 641 1418 713 exponenti
1442 656 1481 699 ex
1496 645 1577 714 parte

306 748 488 809 eorumdem
511 745 761 805 adversariorum
784 758 912 801 suorum
935 743 974 801 de
996 754 1027 802 et
1050 759 1146 818 super
1168 745 1320 803 omnibus
1339 743 1467 821 injuriis
1480 743 1575 803 eidem

307 851 529 930 quoquomodo
552 852 648 909 illatis
670 848 821 925 judicium
843 855 873 907 et
895 847 1052 924 justiciam
1073 847 1184 921 facere,
1200 865 1237 907 ac
1253 850 1389 909 tandem
1406 851 1573 925 plenariam

306 969 337 1020 et
359 958 573 1018 omnimodam
594 955 834 1015 satisfactionem
857 955 1037 1030 impendere
1059 954 1199 1014 debeatis
1221 962 1252 1014 et
1277 958 1460 1028 teneamini,
1476 957 1515 1015 de
1530 972 1572 1015 ce·

307 1076 434 1139 teroque
456 1064 589 1122 eundem
612 1063 729 1121 nemini
752 1063 930 1136 perturbari
952 1069 983 1120 et
1006 1062 1230 1135 quoquomodo
1254 1062 1420 1121 diffamari
1453 1064 1573 1137 permit·

306 1175 385 1243 tatis,
409 1171 556 1245 quoniam
581 1170 720 1242 alioquin
743 1169 958 1227 commisimus
980 1175 1010 1226 et
1034 1168 1160 1241 plenam
1183 1175 1325 1227 nostram
1341 1168 1525 1228 facultatem
1545 1180 1572 1227 et

306 1280 521 1335 auctoritatem
554 1274 705 1335 dedimus.
737 1274 911 1347 damusque
941 1284 972 1331 et
1002 1274 1193 1332 comittimus
1225 1290 1282 1348 per
1305 1284 1470 1348 presentes
1492 1275 1570 1333 tideli

306 1392 410 1442 nostro
435 1382 600 1454 magnifico
624 1381 737 1438 llathie
758 1380 863 1439 Gereb
885 1382 971 1453 regni
996 1381 1093 1439 nostri
1114 1378 1279 1439 Sclauonie
1304 1381 1401 1449 bano,
1436 1389 1471 1441 ut
1493 1381 1571 1440 idem

306 1504 413 1549 omnes
436 1490 522 1559 tales,
546 1488 571 1545 si
596 1489 649 1560 qui
673 1486 753 1545 forte
775 1487 883 1561 previa
913 1486 1073 1545 occasione
1105 1487 1209 1560 ipsum
1242 1494 1458 1561 exponentem
1488 1486 1570 1545 ditia-

308 1611 402 1663 mare,
426 1595 484 1651 hoc
507 1603 537 1650 et
561 1600 711 1651 tortorem
735 1593 897 1667 appellare
921 1593 1166 1666 presumpserint
1187 1594 1219 1650 in
1250 1608 1387 1667 persona
1419 1595 1571 1669 captivare

306 1708 336 1759 et
360 1702 441 1759 bona
464 1699 646 1758 eorumdem
671 1714 822 1773 occupare
845 1705 875 1756 et
899 1706 962 1756 tam
986 1699 1089 1772 capita
1112 1713 1206 1772 quam
1230 1699 1331 1757 eciam
1355 1700 1441 1759 bona
1455 1715 1570 1759 eorum·

306 1807 377 1865 dem
401 1816 505 1863 nostre
528 1805 727 1879 disposicioni
751 1812 854 1862 tenere
877 1812 906 1862 et
930 1819 1113 1863 conservare
1133 1804 1244 1862 debeat
1259 1809 1290 1861 et
1307 1810 1462 1866 teneatur.
1482 1805 1570 1865 Secus

307 1914 401 1986 igitur
424 1913 513 1969 nullo
530 1910 632 1987 modo
655 1911 756 1969 iacere
787 1912 1039 1985 presumpmatis.
1070 1911 1268 1969 Presentibus
1299 1912 1460 1985 perlectis,
1490 1912 1569 1970 exhi·

307 2021 390 2077 benti
415 2019 570 2076 restitutis.
596 2018 710 2074 Datum
734 2016 864 2075 ll'ienne
888 2016 1020 2075 infesto
1044 2016 1242 2075 sacratissimi
1273 2019 1419 2092 eorporis
1451 2018 1569 2077 Christi.

309 2126 398 2181 Anno
422 2123 560 2181 eiusdem
586 2124 755 2181 millesimo
779 2121 1083 2196 quadringentesimo
1107 2124 1319 2196 octuagesimo
1344 2132 1471 2185 octavo.

412 2295 577 2346 Protocolum
597 2297 666 2346 civit.
685 2297 718 2345 In
736 2295 832 2346 archiv.
850 2294 910 2346 incl.
931 2295 1015 2344 Acad.
1035 2295 1130 2346 Scient.
1149 2294 1249 2361 Slrivor.
1269 2297 1363 2349 merid.
1381 2298 1420 2349 11.
1440 2298 1458 2346 d
1480 2308 1536 2362 233.

900 2524 990 2590 350.

412 2670 492 2718 Anno
518 2668 592 2730 1488,
612 2680 635 2731 7.
655 2667 805 2718 decembris.
825 2666 975 2731 Zagramm

313 2795 477 2871 Capitulum
490 2796 674 2869 aagmrbr'cuse
692 2797 916 2853 communitatem
938 2796 1064 2853 civitatis
1086 2796 1188 2853 montis
1219 2794 1378 2855 Grecensis
1400 2798 1433 2853 in
1459 2796 1571 2854 Hruic'a

545 2921 613 2976 boui
624 2920 834 2994 possessionem
863 2938 883 2975 a
904 2938 934 2976 se
956 2918 1100 2977 inductam
1122 2936 1180 2976 esse
1201 2922 1326 2977 nunciat.

414 3083 682 3141 Reverendissimo
717 3083 843 3142 domino
880 3083 1005 3141 Vrbano
1039 3083 1137 3141 electo
1167 3088 1197 3140 et
1228 3081 1416 3141 confirmato
1449 3084 1571 3142 ecclesie

307 3191 464 3261 agriensis,
498 3191 689 3247 thezaurario
713 3191 856 3261 reginae
880 3189 911 3247 in
934 3190 1035 3247 causis
1058 3190 1090 3247 in
1122 3188 1280 3262 presencia
1310 3188 1478 3262 palatinali
1508 3204 1570 3246 ver·

308 3296 442 3353 tentibus
475 3312 530 3368 per
561 3296 791 3353 serenissimum
823 3296 996 3369 principem
1027 3295 1189 3352 dominum
1222 3295 1374 3352 Mathiam
1398 3294 1451 3355 dei
1472 3296 1571 3369 gracia

308 3402 474 3474 ilungarie,
499 3402 644 3459 Bohcmie
666 3412 720 3459 etc.
744 3418 858 3474 regem,
882 3402 1055 3475 ducemque
1080 3402 1212 3472 Austrie,
1237 3400 1404 3459 dominum
1434 3410 1569 3460 nostmm

306 3509 488 3578 naturalem,
502 3509 776 3579 graciosissimum,
799 3504 893 3581 judici
918 3506 1077 3580 deputat0,
1101 3506 1228 3565 domino
1250 3511 1280 3564 et
1302 3507 1406 3565 amico
1435 3508 1571 3582 ipsorum

306 3613 497 3682 honorando,
522 3613 694 3685 capitulum
718 3613 846 3669 ecclesie
870 3614 1086 3684 zagrabiensis,
1117 3613 1292 3670 amiciciam
1326 3620 1472 3687 paratam
1503 3629 1569 3671 cum

306 3719 431 3776 honore.
457 3720 567 3775 Vestra
590 3721 711 3776 noverit
735 3719 917 3789 dominacio,
941 3717 1024 3791 quod
1048 3733 1105 3776 nos
1137 3718 1242 3775 debito
1273 3734 1345 3776 cum
1378 3720 1498 3779 honore
1527 3734 1570 3776 re·

306 3826 403 3897 ceptis
438 3825 548 3881 litteris
584 3825 721 3881 eiusdem
758 3824 989 3882 adiudicatoriis
1024 3823 1154 3881 modum
1186 3831 1216 3881 et
1250 3823 1387 3882 formam
1411 3825 1569 3884 cuiusdam

307 3930 465 3987 iudiciarie
499 3931 725 3987 commissionis
749 3946 801 3987 seu
834 3930 1072 3988 deliberacionis
1100 3931 1132 3988 in
1161 3946 1193 3987 se
1221 3930 1449 4003 exprimentes,
1483 3930 1570 3999 Bude,

304 4037 496 4108 sexagesimo
521 4036 570 4093 die
594 4042 774 4093 octavarum
801 4036 869 4093 t'esti
901 4037 982 4094 beati
1020 4029 1184 4095 Michaelis
1215 4037 1405 4109 archangeli,
1430 4037 1568 4110 proxime

305 4142 451 4214 preteriti,
469 4158 525 4215 pro
544 4150 630 4215 parte
646 4143 942 4215 circumspectorum
958 4141 1069 4216 judicis
1085 4157 1120 4199 ac
1134 4140 1318 4217 juratorum,
1335 4149 1568 4216 ceterorumque

304 4248 419 4305 civium
443 4254 472 4305 et
495 4249 668 4305 incolarum
692 4248 826 4305 civitatis
851 4249 965 4305 montis
988 4247 1151 4306 Grecensis
1174 4264 1268 4321 super
1290 4247 1431 4321 quadam
1455 4262 1568 4323 posses·

302 4354 434 4410 sionaria
457 4355 625 4411 statucione
649 4354 794 4410 consectis
819 4362 848 4411 et
871 4358 1028 4417 emanatis.
1050 4355 1202 4427 nobisque
1218 4354 1427 4413 amicabiliter
1447 4355 1570 4429 loquen-

302 4459 384 4516 tibus
408 4465 438 4515 et
462 4459 593 4525 directis,
616 4462 705 4516 iuxta
728 4461 909 4517 earumdem
932 4461 1155 4518 continenciam
1188 4475 1322 4518 unacum
1345 4460 1498 4534 magistro
1520 4458 1568 4519 Se

303 4564 444 4621 bastiano
470 4564 508 4621 de
532 4566 701 4633 Korothna,
726 4567 810 4622 curie
834 4567 917 4637 regie
933 4567 1061 4636 notario,
1079 4566 1204 4623 homine
1221 4571 1323 4624 vestre
1340 4565 1570 4635 dominacionis,

302 4670 332 4725 in
367 4669 485 4727 eisdem
523 4671 636 4726 litteris
671 4670 904 4729 adiudicatoriis
938 4674 1018 4730 inter
1052 4672 1131 4730 alios
1163 4672 1348 4730 nominatim
1379 4674 1570 4747 conscriptos

301 4790 456 4847 expresso,
481 4791 575 4832 unum
599 4792 637 4832 ex
661 4776 759 4846 nobis,
786 4777 930 4834 videlicet
944 4777 1161 4835 honorabilem
1179 4777 1365 4850 magistrum
1381 4776 1572 4854 Stephanum

301 4880 339 4937 de
362 4881 470 4952 Crisio,
495 4884 612 4938 socium
646 4893 675 4937 et
698 4884 940 4940 concanonicum
971 4890 1120 4951 nostrum,
1153 4883 1191 4940 ad
1223 4891 1369 4943 contenta
1392 4884 1573 4944 earumdem
