3278 5348
592 403 682 460 'Doe
707 395 778 476 258.
805 433 841 442 —
868 398 925 457 Ara
949 392 1042 475 1468.

790 715 873 782 258.

298 917 378 966 Anno
402 915 476 979 1468,
495 927 520 976 9.
539 914 633 965 martii.
653 913 761 978 Agriae.

188 1097 335 1165 Mathias,
359 1096 538 1170 Hungan'as
567 1105 614 1156 etc.
638 1117 701 1167 rex,
730 1095 807 1154 cives
829 1100 858 1150 et
870 1092 1041 1167 jobagiones
1063 1092 1138 1149 civil.
1161 1092 1265 1151 montis
1294 1089 1456 1166 Grecensis,

188 1240 287 1279 eorum
310 1229 514 1295 paupertatem
544 1223 694 1297 miserans,
724 1220 759 1276 dc
788 1217 1028 1277 extraorditmria
1058 1223 1134 1273 taxa
1164 1216 1251 1273 medii
1262 1215 1300 1290 st.
1322 1215 1458 1273 solvenda

771 1327 881 1399 liberal.

295 1542 359 1601 Nos
383 1543 513 1600 Mathias
536 1541 586 1599 dei
608 1541 712 1614 gracia
735 1557 790 1598 rex
814 1539 981 1612 Hungarie,
997 1538 1165 1610 Dalmacie,
1182 1536 1310 1595 Croacie
1325 1541 1380 1594 etc.
1395 1536 1457 1594 Me·

187 1650 286 1713 morie
302 1648 558 1707 commendamus
575 1663 630 1721 per
653 1653 819 1720 presentes,
844 1645 927 1718 quod
952 1660 1017 1716 nos,
1040 1652 1108 1701 tum
1131 1642 1170 1700 ad
1192 1643 1457 1716 supplicaciouem

185 1757 397 1814 nonnulorum
423 1754 565 1812 fidelium
587 1759 766 1811 nostrorum
781 1766 838 1825 per
852 1766 904 1810 eos
921 1766 978 1824 pro
999 1758 1088 1825 parte
1110 1749 1253 1808 fidelium
1276 1727 1456 1807 nostrorum

185 1863 408 1921 universorum
439 1861 564 1928 civium,
594 1859 787 1933 populorum
817 1864 847 1915 et
877 1858 1036 1930 hospitum
1065 1857 1199 1916 civitatis
1222 1859 1328 1913 nostre
1343 1855 1457 1913 montis

186 1967 351 2027 Grecensis
382 1967 421 2024 de
450 1964 537 2041 juxta
560 1964 755 2037 Zagrabiam,
778 1969 884 2019 nostre
907 1971 1073 2036 propterea
1096 1971 1272 2037 porrectam
1295 1940 1465 2032 maiestati,¹

190 2078 257 2133 tum
281 2073 379 2131 eciam
403 2071 630 2145 compacientes
646 2069 831 2143 paupertati,
848 2067 1036 2127 desolacioni
1059 2076 1089 2127 et
1112 2071 1200 2129 ruine
1223 2070 1362 2130 eiusdem
1378 2071 1453 2129 civi·

188 2180 261 2238 tatis
291 2179 324 2236 in
353 2190 432 2251 quas
463 2178 531 2251 ipsa
561 2176 670 2234 civitas
694 2182 724 2232 et
747 2174 846 2232 incole
870 2174 1009 2232 eiusdem
1034 2177 1194 2249 potissime
1216 2178 1276 2236 hiis
1300 2178 1456 2251 preteritis

189 2285 386 2358 temporibus
419 2289 549 2357 propter
581 2281 710 2355 plagam
740 2280 920 2354 pestiferam
952 2283 983 2339 in
1014 2283 1130 2341 incolas
1161 2285 1323 2357 utriusque
1361 2299 1453 2342 sexus

189 2397 329 2448 secutam
361 2389 494 2460 devenit,
526 2387 657 2446 eandem
686 2387 842 2445 civitatem
875 2386 929 2444 sed
953 2393 982 2445 et
1005 2388 1097 2460 cives,
1122 2391 1257 2464 populos
1284 2396 1315 2447 et
1338 2390 1455 2448 incolas

188 2495 329 2555 eiusdem
352 2511 371 2553 a
393 2495 553 2554 solucione
576 2499 646 2552 taxe
662 2509 716 2551 seu
741 2493 982 2551 contribucionis
1006 2495 1102 2553 medii
1124 2495 1240 2567 floreni,
1258 2511 1318 2568 que
1332 2495 1456 2553 racione

187 2601 423 2676 prorogacionis
445 2599 553 2677 judicii
573 2600 726 2673 generalis
742 2600 774 2657 in
796 2615 892 2674 regno
914 2607 1021 2658 nostro
1044 2600 1207 2660 Sclauonie
1230 2609 1261 2683 et
1283 2601 1363 2659 inter
1378 2601 1457 2658 alias

187 2708 330 2766 civitates
362 2708 460 2766 eciam
483 2705 522 2763 ad
547 2705 663 2763 dictam
687 2706 847 2765 civitatem
868 2713 1006 2764 nostram
1029 2708 1145 2765 montis
1168 2707 1329 2766 Grecensis
1351 2712 1382 2765 et
1411 2707 1455 2765 in·

186 2814 272 2872 colas
303 2813 442 2872 eiusdem
471 2813 619 2886 imposita
649 2811 750 2884 tuerit,
779 2814 919 2887 graciose
948 2814 1130 2887 exemimus,
1161 2815 1399 2873 exoneravimus
1421 2820 1451 2871 et

187 2921 454 2993 supportavimus,
476 2919 576 2977 immo
598 2919 774 2991 eximimus,
796 2934 1000 2999 exoneramus
1024 2926 1054 2978 et
1076 2924 1300 2994 supportamus
1331 2935 1454 2994 presen-

187 3027 272 3084 cium
303 3041 359 3099 per
390 3025 539 3097 vigorem.
571 3024 752 3083 Mandantes
785 3026 875 3083 vobis
905 3025 1052 3083 fidelibus
1075 3028 1188 3085 nostris
1211 3027 1402 3085 dicatoribus
1425 3033 1455 3084 et

186 3131 406 3190 executoribus
437 3129 617 3189 huiusmodi
648 3131 743 3189 medii
764 3129 873 3213 ssoreni
896 3132 927 3190 in
952 3134 1100 3191 comitatu
1124 3133 1316 3207 zagrabiensi
1343 3133 1455 3192 consti·

186 3237 271 3301 tutis.
294 3238 406 3294 harum
428 3236 507 3294 serie
523 3235 713 3312 firmissime,
730 3243 882 3310 quatenus
898 3238 1012 3295 amodo
1035 3238 1182 3314 deinceps
1209 3238 1346 3312 prefatos
1362 3240 1454 3308 cives,

186 3343 325 3418 populos
355 3349 383 3400 et
415 3342 534 3401 incolas
564 3343 645 3401 dicte
668 3344 802 3401 civitatis
825 3343 863 3400 ad
887 3344 1070 3402 solvendam
1093 3344 1208 3402 dictam
1231 3351 1336 3402 taxam
1359 3344 1454 3402 medii

187 3449 297 3508 ssoreni
313 3456 415 3508 artare
431 3458 461 3507 et
476 3449 668 3523 compellere
683 3449 736 3507 vel
758 3449 884 3507 eosdem
907 3452 1029 3509 racione
1052 3466 1114 3509 non
1130 3451 1297 3509 solucionis
1313 3450 1453 3508 euisdem

187 3557 220 3615 in
244 3555 393 3630 personis,
424 3556 679 3629 possessionibus,
702 3570 819 3614 necnon
843 3556 937 3614 rebus
960 3563 989 3614 et
1013 3557 1102 3615 bonis
1126 3558 1267 3631 ipsorum
1292 3556 1453 3631 impedire,

186 3663 355 3721 molestare
383 3677 437 3721 seu
469 3661 693 3736 dampnificare
721 3678 875 3736 nusquam
906 3669 936 3720 et
964 3679 1162 3737 nequaquam
1186 3664 1372 3738 presumatis
1395 3680 1451 3722 nec

187 3770 256 3828 sitis
286 3769 353 3827 ausi
385 3768 480 3827 modo
510 3768 641 3841 aliquali
663 3769 767 3841 gracie
789 3776 894 3828 nostre
917 3771 975 3827 sub
999 3771 1137 3828 obtentu.
1160 3770 1357 3827 Presentibus
1386 3785 1454 3842 per-

187 3876 286 3948 lectis,
316 3876 475 3934 exhibenti
505 3875 662 3934 restitutis.
694 3877 808 3934 Datum
840 3878 942 3949 Agrie,
974 3877 1049 3935 feria
1081 3879 1174 3935 tercia
1206 3877 1350 3951 proxima
1384 3882 1454 3949 post

185 3981 375 4041 dominicam
406 3981 573 4039 Invocavit.
606 3983 694 4039 Anno
726 3981 844 4040 domini
868 3984 1037 4041 millesimo
1061 3982 1366 4055 quadringentesimo
1391 3981 1453 4038 LX.

185 4094 308 4146 octavo
332 4086 430 4159 Regni
451 4087 549 4144 nostri
572 4102 651 4145 anno
675 4087 847 4159 undecimo,
871 4089 1082 4146 coronacionis
1107 4103 1181 4145 vero
1205 4094 1325 4161 quarto,

727 4241 768 4290 Ad
788 4241 944 4292 relacionem
963 4242 1061 4290 domini
1080 4242 1197 4306 episcopi
1215 4243 1398 4306 zagrabiensis.

293 4433 428 4498 Originale
443 4435 471 4484 in
490 4434 586 4484 charta.
614 4437 646 4484 ln
665 4436 779 4499 margine
806 4436 921 4485 interiori
948 4437 1102 4500 impressum
1120 4442 1159 4484 est
1178 4434 1293 4499 sigillum
1311 4437 1401 4488 maius.
1419 4437 1452 4486 In

182 4523 302 4575 archivio
316 4521 363 4574 lib.
382 4538 435 4588 reg.
454 4523 502 4575 civ.
521 4523 621 4587 zagrab.
