3278 5348
258 432 316 476 ira
681 416 754 475 Doc.
779 412 835 477 86.
860 449 900 459 -
926 423 1097 495 An.1435.

255 631 342 689 cuius
362 631 552 690 contrarium
568 633 719 691 memoria
735 633 897 690 hominum
912 646 974 690 non
990 630 1259 706 comprehenderit
1275 629 1473 705 perstitisset,
1488 630 1527 687 ab

255 735 367 794 eodem
389 736 526 811 capitulo
549 752 630 796 anno
652 739 683 796 in
708 739 843 813 presenti
859 737 1004 811 indebite,
1026 738 1126 797 immo
1142 736 1366 812 potencialiter,
1381 751 1528 811 occupas·

254 846 321 900 sent
344 848 374 900 et
396 843 555 917 occupatis
588 849 746 902 uterentur
768 845 862 903 etiam
886 843 924 902 de
947 844 1092 919 presenti,
1114 843 1257 918 potencia
1287 856 1400 901 eorum
1431 840 1528 900 medi·

255 954 335 1019 ante,
357 948 388 1004 in
411 948 619 1022 preludicium
642 955 672 1007 et
695 948 876 1024 dampnum,
898 948 1038 1026 jurisque
1061 950 1250 1023 derogamen
1273 950 1374 1024 ipsius
1397 948 1526 1023 capituli

253 1053 347 1112 valde
370 1070 528 1127 magnum.
551 1054 589 1113 Et
612 1056 685 1128 quia
706 1071 762 1114 nos
785 1056 889 1130 ipsum
925 1056 1099 1130 capitulum
1130 1055 1310 1114 huiusmodi
1340 1056 1407 1112 suis
1438 1052 1526 1129 justis

254 1157 375 1236 juribus
408 1161 511 1218 minus
540 1158 619 1235 juste
649 1167 679 1218 et
702 1160 838 1220 indebite
869 1179 926 1236 per
956 1163 1137 1236 quempiam
1167 1161 1293 1219 destitui
1323 1161 1474 1218 nolumus
1496 1166 1525 1215 et

254 1267 383 1340 privari,
416 1265 486 1324 ideo
524 1265 667 1324 fidelitati
702 1273 804 1325 vestre
838 1268 1017 1327 firmissime
1052 1269 1243 1343 precipimus
1266 1274 1296 1325 et
1331 1265 1526 1337 mandamus,

256 1380 409 1447 quatenus
432 1372 537 1430 statim
561 1373 693 1446 receptis
716 1375 915 1446 presentibus
939 1376 1105 1448 premissas
1128 1379 1226 1432 terras
1256 1377 1286 1431 et
1309 1371 1418 1431 senilia
1440 1373 1527 1444 Krog

254 1479 439 1554 appellatas,
463 1478 501 1536 de
528 1494 666 1552 quarum
689 1479 808 1538 scilieet
831 1480 969 1539 dominio
985 1482 1089 1555 ipsum
1105 1480 1278 1554 capitulum
1300 1494 1359 1553 per
1374 1468 1526 1537 antefatos

253 1583 390 1660 judicem
414 1592 444 1642 et
467 1587 551 1643 cives
573 1591 694 1644 nostros
725 1585 763 1643 de
786 1602 877 1645 mone
901 1586 1045 1646 Grecensi
1069 1586 1164 1645 modo
1196 1586 1349 1661 premisso
1383 1585 1526 1644 exclusos

256 1689 323 1749 iore
344 1693 550 1766 comperietis,
573 1708 681 1750 rursus
704 1698 734 1750 et
757 1694 870 1751 iterum
893 1693 994 1751 eidem
1017 1694 1155 1767 capitulo
1183 1697 1351 1750 restatuere
1375 1691 1528 1765 debeatis,

254 1797 393 1871 prelatos
414 1796 548 1872 judicem
572 1806 601 1855 et
625 1801 708 1856 cives
732 1797 771 1856 de
797 1798 935 1857 dominio
967 1798 1147 1857 earumdem
1179 1796 1373 1856 excludendo
1382 1817 1390 1868 ;
1422 1800 1527 1872 ipsum

255 1904 352 1962 eciam
375 1905 547 1979 capitulum
572 1907 602 1962 in
638 1906 754 1964 eisdem
778 1914 889 1965 contra
914 1906 1041 1979 quosvis
1064 1905 1245 1978 illegitimos
1267 1905 1465 1978 impetitores
1499 1910 1528 1961 et

254 2010 409 2082 signanter
431 2011 580 2070 adversus
612 2011 756 2070 iamfatos
790 2011 924 2087 judicem
954 2018 985 2069 et
1008 2012 1091 2070 cives
1120 2018 1242 2069 nostros
1276 2011 1308 2067 in
1339 2024 1475 2084 persona
1498 2017 1527 2067 et

254 2119 435 2175 auctoritate
458 2126 561 2176 nostre
586 2120 754 2177 maiestatis
778 2119 974 2192 presentibus
997 2119 1088 2176 vobis
1111 2120 1142 2177 in
1173 2119 1231 2176 hac
1253 2126 1342 2191 parate
1374 2118 1526 2175 attributa

254 2222 409 2281 mediante
433 2239 624 2297 conservare,
648 2231 810 2298 protegere
844 2231 875 2282 et
905 2224 1114 2298 indempniter
1145 2229 1345 2282 manutenere
1376 2222 1526 2294 debeatis,

253 2330 479 2388 committentes
492 2329 620 2404 pretatis
643 2329 737 2406 judici
754 2338 784 2388 et
800 2331 920 2389 civibus
935 2331 1056 2402 nostris,
1072 2335 1107 2388 ut
1121 2331 1149 2387 si
1163 2328 1258 2387 iidem
1273 2330 1306 2387 in
1321 2327 1405 2387 tacto
1421 2328 1525 2386 huius·

253 2434 338 2493 modi
368 2441 522 2493 terrarum
556 2442 586 2493 et
617 2435 759 2494 senilium
795 2437 883 2510 Krog
923 2442 1172 2511 nuncupatarum
1204 2436 1367 2508 quitquam
1386 2431 1466 2509 juris
1493 2450 1525 2491 se

252 2541 368 2600 habere
391 2542 585 2616 pretendunt,
606 2543 638 2599 id
662 2558 767 2601 coram
791 2548 895 2600 nostra
919 2543 1079 2600 maiestate
1108 2547 1161 2599 aut
1188 2541 1252 2599 alio
1282 2537 1384 2615 judice
1415 2554 1524 2599 eorum

252 2649 409 2707 ordinario
431 2646 561 2725 juridice
585 2655 615 2705 et
637 2649 805 2706 secundum
829 2650 932 2722 legem
954 2663 991 2707 ac
1025 2646 1278 2707 consuetudinem
1307 2647 1397 2719 regni
1427 2648 1525 2705 nostri

253 2755 404 2828 legittime
427 2761 654 2828 prosequantur
676 2771 771 2831 super
797 2754 970 2829 capitulum
993 2759 1199 2828 prenotatum,
1222 2758 1365 2826 exparte
1389 2768 1525 2826 quorum

251 2876 308 2919 nos
333 2870 385 2919 aut
413 2861 492 2918 alter
514 2859 609 2936 judex
640 2876 747 2918 eorum
782 2861 956 2919 ordinarius
990 2862 1116 2919 omnino
1139 2866 1245 2918 contra
1276 2873 1329 2917 eos
1353 2859 1524 2932 querelam,

252 2963 400 3041 judicium
425 2974 455 3025 et
478 2965 629 3041 justiciam
654 2966 871 3041 impendemus
893 2974 946 3024 aut
962 2966 1121 3040 impendet
1143 2971 1238 3040 prout
1258 2965 1423 3024 dictaverit
1445 2966 1524 3025 ordo

252 3070 338 3147 juris.
361 3073 455 3131 Secus
478 3089 552 3147 ergo
575 3089 636 3131 non
668 3073 777 3131 tacturi
800 3076 902 3146 gracie
932 3079 1035 3131 nostre
1068 3073 1127 3131 sub
1158 3072 1294 3131 obtentu.
1323 3071 1524 3131 Presentibus

252 3178 405 3251 perlectis
429 3181 587 3237 exhibenti
611 3181 766 3237 restitutis.
791 3181 906 3238 Datum
931 3179 1052 3237 Brunne
1068 3178 1209 3253 parcium
1232 3178 1371 3236 Morauie
1395 3177 1522 3237 infesto

251 3283 334 3341 beati
351 3285 510 3344 Laurencii
523 3287 667 3344 martiris.
685 3287 774 3343 Anno
787 3285 905 3344 domini
921 3286 1091 3344 millesimo
1107 3285 1414 3359 quadringentesimo
1430 3287 1523 3343 trice·

251 3389 332 3446 simo
355 3392 472 3464 quinto.
496 3392 675 3464 Regnorum
699 3398 878 3450 nostrorum
904 3406 984 3449 anno
1007 3392 1165 3464 llungarie
1189 3397 1235 3449 etc
1267 3390 1372 3447 XLIX.
1405 3390 1520 3449 Roma·

169 3517 176 3529 ·
251 3510 363 3554 norum
387 3497 482 3556 XXV.
507 3498 652 3555 Bohemie
676 3499 755 3556 XVI.
780 3499 907 3573 Imperii
931 3513 1006 3556 vero
1029 3499 1131 3556 tercio.

357 3650 490 3711 Originale
509 3651 535 3699 in
554 3652 649 3703 charta.
669 3654 701 3701 In
720 3653 833 3716 margine
852 3653 925 3703 infer.
945 3653 1098 3717 impressum
1116 3658 1155 3701 est
1173 3649 1295 3715 sigillum.
1321 3651 1353 3700 In
1372 3649 1443 3700 arch.
1465 3666 1522 3703 ven.

252 3739 335 3803 Capit.
355 3739 416 3790 ecel.
437 3741 536 3802 zagrab.
557 3742 618 3791 Act.
640 3742 694 3806 Cap
724 3750 774 3792 ant.
795 3743 855 3794 fasc.
877 3742 902 3791 6.
921 3758 951 3790 nr
980 3753 1021 3803 24,

356 3918 387 3964 In
406 3917 512 3980 regestis
527 3917 633 3979 Georgii
648 3918 804 3967 Mareelovid
829 3926 887 3982 post
906 3918 1063 3966 mentionem
1080 3915 1158 3966 huius
1176 3916 1242 3980 regii
1259 3915 1383 3972 mandati,
1403 3914 1521 3964 additur:

250 4006 362 4055 Litteras
376 4006 560 4070 suprascriptas
577 4007 735 4069 Sigismundi
749 4007 945 4064 remissionales,
960 4008 1092 4055 Hermano
1104 4005 1172 4055 bano
1185 4003 1357 4070 praesentavit
1370 4010 1523 4068 procurator

251 4093 357 4159 capituli
370 4094 500 4143 Fabianus
514 4096 545 4143 de
558 4096 645 4144 Streza
658 4097 794 4145 eanonicus
807 4096 987 4160 zagrabiensis,
1002 4094 1130 4158 simulque
1147 4093 1211 4143 alias
1226 4093 1342 4143 Mathiae
1357 4092 1391 4142 de
1410 4091 1523 4150 Paloch,

248 4182 343 4247 judicis
361 4183 452 4241 euriae,
467 4183 635 4247 proclamatas
654 4200 721 4233 anno
738 4198 767 4247 14
772 4197 785 4248 3
790 4198 812 4247 3.
827 4186 853 4233 in
871 4185 968 4234 octavis
987 4200 1006 4234 s.
1022 4183 1124 4248 Jacobi,
1135 4181 1297 4231 informando
1316 4196 1383 4237 eum,
1400 4180 1440 4230 uti
1459 4180 1523 4230 olim

250 4270 348 4319 Paloch
367 4288 381 4318 a
401 4272 514 4334 Georgio
530 4273 652 4321 canonico
671 4274 831 4335 zagrabiensi
847 4272 1032 4321 informabatur
1051 4272 1082 4320 de
1101 4271 1252 4320 crudelitate
1271 4269 1366 4320 civium
1378 4284 1420 4320 an.
1444 4281 1523 4332 1422.

249 4359 368 4417 exercita,
388 4360 465 4422 idque
485 4362 602 4424 probavit
621 4362 790 4424 inquisicione
804 4362 969 4415 chasmensis,
983 4361 1106 4426 posegani
1118 4367 1143 4409 et
1160 4360 1277 4424 judicum
1296 4356 1425 4408 nobilium
1439 4358 1520 4407 comi·

251 4454 319 4497 tatus
338 4449 523 4512 zagrabiensis;
543 4450 648 4515 insuper
672 4451 704 4498 nd
729 4466 889 4499 communem
914 4451 1112 4513 inquisicionem
1136 4464 1190 4498 rem
1217 4448 1336 4505 offerens,
1361 4447 1432 4495 cives
1451 4462 1521 4496 corn·

248 4552 352 4587 munem
371 4538 564 4599 inquisitionem
583 4554 635 4590 non
654 4546 824 4603 acceptantes,
845 4548 980 4604 reponunt,
1001 4540 1182 4602 inquisitorum
1198 4538 1336 4603 productas
1356 4552 1410 4587 nou
1435 4536 1523 4586 valere

249 4632 441 4690 praesentantes
459 4626 558 4675 litteras
578 4628 736 4690 sigismundi
749 4645 789 4679 an.
804 4640 877 4694 1405.
892 4631 954 4680 VII.
968 4628 1093 4678 kalendas
1106 4628 1174 4687 maii,
1188 4627 1323 4692 inquibus
1342 4633 1413 4675 erat:
1433 4626 1522 4676 decre·

248 4715 340 4773 vimus,
359 4716 428 4779 quod
447 4715 533 4764 nullus
558 4716 677 4781 publicus
701 4718 815 4766 notarius
834 4718 861 4766 in
885 4720 977 4777 causis,
996 4734 1062 4781 quae
1087 4719 1154 4768 inter
1177 4717 1243 4767 duos
1267 4715 1348 4767 laicos
1371 4722 1519 4775 vertuntur,

248 4804 303 4854 sive
322 4821 405 4855 coram
421 4806 508 4870 jndice
526 4806 702 4855 ecclesiastico
721 4805 775 4855 sive
788 4806 910 4857 saeculari
923 4823 1058 4873 procurare
1077 4807 1170 4856 audeat
1182 4806 1225 4856 vel
1236 4804 1369 4856 ullatenus
1387 4803 1519 4863 advocari,

248 4895 294 4945 sed
313 4911 359 4944 nec
383 4904 532 4945 extraneum
556 4896 732 4946 testimonium
759 4897 827 4945 inter
854 4897 922 4945 cives
948 4896 1034 4947 locum
1060 4895 1163 4955 habeat,
1191 4911 1238 4945 nec
1266 4893 1368 4945 nobiles
1395 4908 1443 4943 seu
1471 4910 1523 4945 vm
