3278 5348
492 441 566 498 Doc.
584 450 659 515 370.
686 470 723 480 -
750 438 806 496 An.
831 450 921 515 1493.
1264 457 1325 517 491

55 675 178 733 firmius
213 675 408 746 mandamus,
440 679 474 732 ut
504 674 564 748 ipsi
595 672 712 731 tributa
742 672 798 731 illa
821 677 852 730 et
883 672 1023 730 thelonia
1046 673 1078 730 in
1101 672 1216 746 quibus
1238 673 1329 731 huius

55 783 256 840 contrarium.
294 781 378 840 fierit
412 795 472 854 pro
506 780 668 838 maiestate
697 783 802 838 nostra
833 793 985 852 occupare
1008 784 1038 837 et
1069 778 1188 838 tamdiu
1223 783 1326 837 tenere

54 887 196 958 debeant,
225 886 323 945 donec
346 903 364 945 a
387 887 477 945 nobis
500 884 586 943 aliud
610 884 784 958 acceperint
800 885 832 942 in
855 885 1017 943 mandatis.
1034 884 1072 942 Et
1094 885 1154 943 hoc
1176 885 1325 943 volumus

56 995 155 1053 eciam
172 1009 227 1067 per
258 992 378 1051 futuros
413 993 520 1063 banos,
554 992 730 1063 vicebanos,
761 991 952 1064 comitesque
983 992 1035 1048 vel
1066 990 1262 1049 vicecomites
1291 1005 1327 1048 ac

55 1099 174 1176 judices
196 1099 353 1159 nobilium
376 1096 558 1156 eorumdem
582 1112 749 1170 regnorum
772 1102 951 1155 nostrorum
966 1103 995 1156 et
1020 1097 1223 1156 comitatuum
1248 1111 1328 1154 sern-

57 1223 114 1281 per
146 1206 315 1265 observari.
350 1203 443 1263 Secus
474 1204 570 1277 igitur
592 1219 654 1261 non
676 1201 796 1262 facturi.
830 1203 1027 1262 Presentibus
1059 1204 1216 1278 perlectis,
1240 1203 1329 1260 exhi·

56 1314 145 1372 benti
174 1312 335 1370 restitutis.
366 1311 482 1368 Datum
513 1309 599 1367 Bude
622 1310 653 1369 in
676 1307 755 1367 festo
777 1310 867 1367 beate
891 1310 1048 1368 Dorothee
1072 1310 1214 1383 virginis.
1238 1311 1328 1367 Anno

58 1419 178 1478 domini
194 1419 364 1477 milles'emo
388 1416 693 1490 quadringentesimo
716 1416 917 1490 nonagesimo
941 1417 1043 1475 tercio.
1066 1417 1245 1490 Regnorum
1271 1430 1328 1474 no-

56 1534 196 1585 strorum
218 1524 377 1598 Hungarie
400 1529 454 1582 etc.
485 1537 566 1581 anno
596 1523 697 1591 tercio.
725 1523 872 1581 Bohemie
895 1539 971 1582 vero
994 1524 1145 1597 vigesimo
1176 1521 1292 1581 secund
1300 1537 1326 1581 o.

167 1660 301 1724 Originule
328 1661 357 1709 in
379 1660 527 1708 membrana
551 1660 583 1707 Iu
612 1660 728 1708 inferiori
746 1660 861 1722 margine
879 1660 1020 1724 impresum
1038 1667 1077 1708 est
1097 1659 1211 1724 sigillum
1231 1659 1324 1712 maius.

56 1752 91 1799 Iu
109 1749 205 1802 archiv.
224 1749 270 1799 lib.
290 1766 344 1813 reg.
363 1751 432 1802 civit.
451 1749 551 1813 zagrab.

642 1927 732 1996 370.

163 2052 246 2101 Auno
271 2064 347 2115 1493,
368 2064 411 2116 27.
431 2053 524 2102 martii.
544 2053 656 2101 Romae.

163 2162 333 2220 Alexander
380 2163 428 2224 VI.
446 2172 528 2238 papa
550 2163 650 2221 abbati
676 2163 787 2223 Ct'sterc.
808 2164 929 2235 zagrab.
947 2165 1103 2240 praecipit,
1126 2171 1160 2219 ut
1173 2161 1327 2235 pecuniam

56 2268 197 2343 hospitali
216 2269 240 2326 b.
274 2286 300 2326 v.
331 2269 453 2327 Mariae
486 2275 516 2325 m
546 2277 639 2326 monte
668 2267 809 2326 Greccnsi
829 2269 960 2339 debitam,
985 2288 1003 2326 a
1027 2269 1196 2343 quibusdam
1220 2267 1329 2326 civibus

521 2356 754 2431 zagrubr'ensibus
776 2365 868 2435 cogat.

165 2491 341 2549 Alexander
370 2493 535 2565 episcopus
565 2507 673 2549 servus
696 2506 859 2549 servorum
884 2491 941 2551 dei.
966 2492 1095 2550 Dilectis
1121 2491 1195 2551 filiis
1217 2491 1327 2549 abbati

57 2597 237 2656 monasterii
259 2598 349 2655 beate
372 2598 468 2656 Marie
484 2598 614 2670 virginis
649 2598 856 2669 zagrabiensis
872 2605 902 2656 et
926 2598 1046 2656 custodi
1070 2599 1198 2657 ecclesie
1220 2612 1325 2670 ragra-

58 2705 184 2774 biensis,
213 2703 347 2761 salutern
384 2709 414 2761 et
440 2704 647 2777 apostolicam
672 2703 927 2762 benedictionem.
944 2704 1138 2778 Conquestus
1167 2708 1212 2762 est
1234 2703 1326 2761 nobis

58 2810 233 2884 Stephanus
258 2810 411 2883 presbiter
441 2815 611 2883 perpetuus
641 2810 830 2883 capellanus,
855 2812 1001 2882 magister
1043 2826 1096 2868 are
1117 2815 1323 2883 nuncupatus,

56 2917 97 2976 ad
127 2916 283 2988 capellam
316 2916 481 2989 hospitalis
512 2916 601 2974 beate
624 2915 720 2974 Marie
749 2916 781 2973 in
805 2924 909 2974 monte
940 2916 1096 2988 Grecensi,
1119 2915 1326 2988 zagrabiensis

57 3023 198 3094 diocesis,
223 3021 306 3095 quod
330 3021 476 3078 Nicolaus
489 3021 672 3079 Veznethicz
695 3020 733 3079 de
756 3021 899 3080 Dombro
915 3028 945 3080 et
968 3022 1120 3096 Georgius
1143 3023 1208 3080 eius
1233 3020 1325 3091 filius,

57 3129 209 3187 Martinus
231 3126 378 3200 carnifex,
411 3128 533 3210 Johann
563 3129 685 3186 italicus
717 3128 755 3186 de
780 3136 883 3187 moute
907 3129 1053 3188 Greceusi
1075 3136 1106 3187 et
1129 3127 1257 3202 quidam
1273 3127 1328 3185 alii

57 3234 163 3292 clerici
194 3241 224 3292 et
254 3233 325 3291 laici
355 3232 436 3291 dicte
471 3233 612 3304 diocesis,
636 3249 730 3308 super
754 3235 946 3308 quibusdam
968 3236 1171 3309 pecuniarum
1195 3233 1327 3291 summis

56 3340 148 3399 bonis
182 3346 213 3397 et
243 3340 338 3398 rebus
371 3338 440 3397 aliis
474 3339 658 3398 iniuriantur
686 3340 797 3410 eidem;
828 3339 898 3398 ideo
934 3341 1111 3400 discretioni
1142 3346 1245 3398 vestre
1271 3353 1328 3413 per

56 3431 230 3521 apostolica
263 3445 378 3519 scripta
412 3443 606 3517 mandamus,
637 3447 782 3519 quatinus
805 3448 930 3512 vocatis,
955 3447 1009 3519 qui
1040 3445 1154 3505 fuerint
1177 3443 1327 3503 evocandi

59 3557 91 3612 et
112 3551 227 3611 auditis
249 3550 407 3610 hincinde
424 3551 601 3625 propositis,
618 3552 702 3624 quod
718 3550 834 3626 justum
848 3552 949 3621 tuerit,
966 3553 1178 3627 appellatione
1195 3557 1323 3621 remota,

59 3659 163 3718 usuris
186 3657 384 3729 cessantibus,
397 3656 577 3728 decernatis,
594 3657 739 3716 facientes
755 3657 839 3731 quod
864 3657 1062 3718 decreveritis
1087 3675 1142 3733 per
1165 3672 1327 3715 censuram

60 3764 301 3825 ecclesiasticam
336 3762 469 3821 firmiter
499 3763 669 3822 observari.
693 3763 799 3821 Testes
822 3772 925 3821 autem
950 3767 1004 3839 qui
1028 3765 1144 3823 fuerint
1167 3764 1326 3833 nominati,

58 3873 85 3931 si
108 3886 142 3929 se
164 3870 272 3944 gratia,
287 3869 360 3927 odio
383 3869 435 3927 vel
452 3870 563 3928 timore
586 3871 804 3940 subtraxerint,
829 3885 957 3928 censura
980 3872 1085 3941 simili,
1109 3871 1326 3946 appellacione

57 3983 205 4047 cessante,
240 3975 437 4050 compellatis
473 3976 597 4034 veritati
631 3977 842 4034 testimonium
873 3978 1047 4049 perhibere.
1084 3978 1177 4051 Quod
1211 3978 1236 4035 si
1265 3990 1327 4034 non

56 4084 154 4143 ambo
184 4082 244 4141 hiis
275 4082 462 4155 exequendis
487 4083 657 4155 potueratis
688 4083 842 4155 interesse,
866 4084 946 4140 alter
970 4091 1110 4143 vestrum
1133 4098 1169 4141 ea
1192 4083 1323 4142 nichilo·

56 4191 160 4248 minus
183 4194 361 4263 exequatur.
383 4187 498 4246 Datum
522 4188 620 4246 Rome
642 4188 727 4262 apud
750 4195 890 4247 sanctum
914 4189 1049 4248 Petrum.
1074 4192 1163 4248 Anno
1188 4190 1327 4247 incarna-

56 4296 154 4355 cionis
177 4294 331 4354 dominice
358 4294 527 4353 millesimo
560 4294 864 4369 quadringentesimo
887 4297 1088 4368 nonagesimo
1110 4297 1214 4368 tercio,
1240 4302 1327 4354 sexto

56 4402 205 4463 kalendas
228 4402 347 4476 aprilis.
371 4401 570 4461 Pontificatus
593 4401 691 4460 nostri
714 4416 793 4460 auno
818 4402 931 4473 primo.

163 4590 297 4653 Originale
316 4591 342 4639 iu
357 4591 512 4641 membrana.
527 4592 558 4638 Iu
572 4589 670 4640 archiv.
687 4605 742 4640 ven.
763 4590 840 4654 capit.
855 4591 955 4653 zagrab.
978 4592 1038 4645 Act,
1067 4591 1144 4657 capit.
1176 4598 1227 4641 ant.
1264 4591 1317 4641 fase

57 4683 99 4733 88.
113 4698 151 4732 nr.
166 4695 191 4743 4.
