3256 5346
508 350 583 411 Doc.
600 362 656 426 39.
679 363 731 425 40.
754 382 797 392 -
821 348 877 407 An.
900 360 1128 427 rma-1425.

783 560 844 627 39.

264 708 266 712 .
289 738 370 787 Anuo
392 750 466 802 1424,
489 751 528 802 14.
546 739 663 803 januarii.
684 722 833 802 Zagrabiae.

189 860 352 939 Capitulum
374 865 491 937 zagrub.
515 866 576 925 cccl.
600 866 711 922 litteras
732 866 887 934 Hermam,
909 866 1017 921 comitis
1066 865 1160 923 Ci'lcac
1182 872 1211 922 ct
1241 865 1317 935 barri,
1346 866 1449 939 qrtr'bus

182 967 216 1026 de
239 987 338 1039 causa,
365 989 453 1045 quum
480 978 665 1029 communitos
695 973 726 1028 in
749 972 929 1040 liticlruelcm,
959 971 1043 1028 Petri
1055 972 1192 1045 pellifices
1211 972 1314 1043 filiiuu,
1339 973 1450 1044 agebat,

509 1097 602 1149 regem
624 1079 792 1138 certiti'orcm
814 1078 916 1149 reddit,
937 1080 1128 1138 trunsummit.

287 1239 351 1297 Nos
373 1239 547 1314 capitulum
570 1240 697 1299 ecclesie
713 1241 929 1314 zagrabiensis.
954 1242 1102 1300 Memorie
1120 1241 1375 1300 commendamus
1392 1258 1447 1315 per

182 1351 347 1418 presentes,
372 1345 454 1418 quod
477 1345 539 1404 viri
563 1346 687 1419 providi
711 1352 742 1404 et
765 1347 896 1417 honesti,
918 1347 1058 1417 Michael,
1082 1347 1166 1405 filius
1183 1345 1336 1419 Symonis,
1353 1347 1446 1404 iudex

181 1455 210 1508 et
233 1451 326 1509 iurati
350 1451 434 1509 cives
457 1452 592 1510 civitatis
616 1453 729 1512 montis
754 1452 918 1511 Greceusis
941 1452 980 1510 ad
1004 1460 1141 1511 nostram
1166 1454 1372 1527 personaliter
1395 1471 1447 1512 ve·

182 1555 294 1617 rtiendo
317 1558 519 1631 presenciam,
542 1559 750 1617 exhibuerunt
773 1559 865 1616 nobis
889 1558 1040 1632 quasdam
1064 1559 1184 1617 litteras
1215 1560 1394 1634 spectabilis
1418 1567 1447 1617 et

184 1662 341 1735 magnifici
365 1662 484 1721 domini
506 1664 685 1735 Hermanni,
709 1664 808 1737 Cylle,
832 1664 1022 1738 Zagorieque
1045 1666 1166 1724 comitis
1189 1681 1225 1723 ac
1248 1668 1335 1739 regni
1358 1665 1442 1724 Scla-

180 1769 270 1827 uonie
294 1769 368 1826 bani
390 1770 587 1828 serenissimo
610 1771 744 1844 principi
773 1776 802 1827 et
826 1770 961 1840 dominu,
998 1770 1125 1828 domino
1161 1770 1361 1844 Sigismundo
1392 1772 1443 1829 dei

180 1875 282 1947 gracia
303 1874 515 1933 Romanorum
537 1876 612 1947 regi,
636 1891 760 1950 semper
783 1882 922 1949 augusto,
945 1891 981 1933 ac
997 1877 1164 1949 ilungarie,
1183 1877 1351 1949 Dalmacie,
1368 1876 1446 1935 Cro·

179 1960 247 2038 'acie
270 1987 326 2038 etc.
351 1980 424 2055 regi,
449 1980 576 2039 domino
599 1987 703 2040 nostro
728 1982 861 2040 naturali
885 1996 943 2056 pro
968 1987 1055 2056 parte
1078 1982 1232 2053 siquidem
1249 1983 1442 2057 prefatorum

180 2085 289 2145 iudicis
305 2092 335 2144 et
350 2087 522 2149 iuratorum
539 2086 664 2158 civium,
682 2095 788 2146 contra
804 2089 988 2146 Michaelem
1005 2088 1106 2145 filium
1124 2088 1214 2159 Petri,
1237 2082 1441 2166 pelli(tl)cem‚

183 2192 283 2250 civem
308 2192 388 2251 dicte
407 2193 541 2253 civitatis
565 2194 677 2253 montis
701 2194 864 2253 Grecensis
886 2195 1049 2267 loquentes
1070 2199 1100 2251 et
1123 2193 1255 2272 directas
1277 2237 1442 2262 ......

181 2313 237 2357 suo
261 2299 475 2373 manuscripto
496 2299 588 2357 solito
622 2301 824 2373 consignatas,
860 2306 998 2374 petentes
1032 2315 1088 2357 nos
1122 2315 1194 2357 cum
1229 2301 1376 2359 instancia
1411 2310 1445 2360 ut

180 2404 303 2463 easdem
327 2396 372 2463 de'
388 2405 489 2463 verbo
509 2405 549 2465 ad
572 2406 705 2463 verbum
729 2400 906 2484 (transcribi
928 2407 1099 2464 faceremus
1112 2412 1141 2463 et
1157 2399 1308 2483 tenorem)
1325 2423 1444 2465 earum·

180 2510 250 2569 dem
266 2512 462 2585 presentibus
478 2512 571 2575 inseri
587 2517 617 2569 et
632 2512 736 2585 sigillo
753 2520 857 2570 nostro
874 2513 1047 2584 consignari
1064 2512 1213 2583 iaciendo
1230 2513 1347 2571 eisdem
1371 2514 1445 2572 dare

180 2615 387 2689 dignaremur.
418 2612 571 2695 (Quarum
594 2623 682 2677 tenor
705 2634 761 2691 per
784 2619 888 2676 omnia
911 2618 982 2676 talis
1007 2612 1080 2694 est):
1120 2612 1205 2696 (vide
1228 2619 1304 2677 Doc.
1330 2620 1381 2691 36.
1407 2620 1445 2676 de

180 2737 258 2781 anno
277 2737 369 2797 1423,
388 2737 436 2796 23.
448 2717 649 2800 novembris).
672 2723 735 2781 Nos
759 2725 852 2797 igitur
869 2725 1073 2796 peticionibus
1089 2723 1270 2782 eorumdem
1287 2724 1396 2782 iudicis
1415 2734 1445 2782 et

180 2829 359 2900 iuratorum,
371 2827 460 2904 justis
483 2836 595 2903 utputa
618 2837 647 2887 et
670 2828 751 2905 juris
772 2831 913 2887 consonis
936 2836 1111 2902 annuentes,
1131 2837 1305 2902 pertaxatas
1321 2831 1440 2888 litteras

180 2935 278 3010 ipsius
301 2934 420 2994 domini
444 2935 615 2994 Hermanni
639 2937 711 2993 bani
734 2935 773 2993 de
796 2937 895 2994 verbo
918 2935 957 2993 ad
981 2937 1113 2993 verbum
1131 2937 1294 2993 transcribi
1310 2940 1340 2992 et
1356 2943 1438 2994 tran·

180 3042 302 3110 summi,
326 3042 548 3116 transcriptum
572 3047 601 3098 et
626 3048 871 3116 transsumptum
895 3042 1075 3101 earumdem
1109 3043 1303 3115 presentibus
1327 3042 1439 3100 litteris

180 3148 291 3206 nostris
314 3148 407 3205 inseri
431 3157 460 3204 et
482 3147 587 3219 sigillo
611 3156 716 3205 nostro
750 3149 923 3221 consignari
955 3147 1102 3218 faciendo,
1139 3148 1256 3207 eisdem
1286 3148 1379 3205 ludici
1414 3158 1444 3205 et

180 3253 285 3312 iuratis
315 3254 493 3311 uberiorem
524 3253 561 3310 ad
595 3255 748 3311 cautelam
785 3253 930 3311 duximus
963 3253 1179 3310 concedendas.
1226 3254 1342 3311 Datum
1366 3253 1443 3311 feria

180 3366 264 3417 sexta
293 3360 439 3434 proxima
471 3366 542 3434 post
576 3365 719 3417 octavam
754 3360 999 3433 Epiphaniarum
1025 3358 1150 3417 domini.
1187 3362 1276 3416 Anno
1299 3358 1437 3416 eiusdem

181 3466 347 3525 millesimo
371 3465 675 3540 quadringentesimo
699 3467 852 3537 vigesimo
876 3470 995 3538 quartu.

283 3638 416 3702 Originale
434 3640 461 3687 in
480 3638 575 3695 charta,
596 3654 685 3703 parum
703 3638 827 3695 attritum,
847 3655 861 3686 a
881 3646 953 3701 tergo
972 3638 1108 3698 vestigium
1128 3637 1277 3702 capitularis
1296 3638 1385 3702 sigilli.
1411 3642 1442 3688 In

181 3727 272 3778 archiv,
291 3727 337 3781 lib.
355 3743 408 3790 reg.
428 3727 497 3778 civit.
516 3727 689 3791 zagrabieusis

777 3974 844 4038 40.

284 4065 364 4112 Auno
387 4075 451 4128 1425

186 4190 376 4248 Cormrrunr'tus
398 4189 525 4249 claritatis
547 4191 649 4246 inentis
679 4187 848 4246 Greclrcusr's
882 4186 915 4242 dc
942 4193 1075 4253 niercatir,
1106 4187 1250 4242 imlustriu
1284 4205 1318 4242 uc
1339 4187 1442 4240 sccrrri·

598 4321 656 4370 tute
678 4330 777 4369 severa
801 4311 890 4368 citi'ctu
913 4311 1019 4367 emittit.

283 4472 385 4555 (Anno
411 4491 503 4551 1425.
527 4477 682 4549 Tempore
705 4472 857 4549 judicatus
880 4473 1011 4543 Andree,
1035 4472 1093 4530 filii
1126 4463 1228 4547 Petri).
1264 4466 1441 4527 Notandum

179 4590 231 4655 est,
255 4584 338 4658 quod
362 4591 426 4642 tota
450 4583 657 4640 communitas
680 4580 711 4638 id
736 4580 921 4638 unanimiter
938 4579 1084 4647 decrevit,
1100 4584 1134 4634 ut
1151 4591 1275 4650 presens
1292 4578 1440 4630 statutum

180 4706 233 4763 per
257 4697 357 4748 totum
380 4690 452 4747 anni
474 4689 627 4747 circulum
651 4686 784 4744 firmiter
807 4701 843 4743 ac
866 4685 1091 4743 inviolabiliter
1115 4682 1241 4738 deberet
1259 4692 1441 4752 permanere

177 4795 417 4854 observandum.
