3256 5346
292 441 356 517 464
701 436 774 496 Dec.
792 443 867 513 347.
894 466 931 478 -
956 430 1135 512 As.1488.

291 652 461 727 quemdam
474 651 613 711 iwanum
630 648 814 724 Drempych
829 647 956 720 dictum¹
977 646 1177 723 jobagionem
1195 666 1298 721 suum,
1315 651 1348 711 in
1373 653 1563 727 possessione

291 758 431 819 eiusdem
462 758 562 819 Obres
591 764 711 831 vocata,
737 755 778 815 ad
808 755 928 815 dictum
950 756 1141 816 tricesimum
1166 757 1341 819 secandum
1365 758 1453 819 diem
1474 775 1494 819 a
1514 758 1561 819 die

291 864 503 938 inquisicionis
532 865 682 939 premisse
712 861 932 937 computando,
954 867 1062 921 contra
1092 868 1254 923 annotatos
1277 870 1404 925 actores
1426 870 1560 927 nostrum

292 978 449 1028 evocasset
478 971 510 1027 in
541 969 737 1043 presenciam
767 968 799 1027 in
822 967 928 1025 sedem
959 967 1131 1041 crisienem,
1153 970 1313 1029 racionem
1336 969 1380 1029 de
1403 970 1561 1045 premissis

291 1074 486 1134 redditurum
516 1074 687 1147 efficacem,
718 1073 782 1133 litis
816 1073 978 1148 pendente,
1009 1073 1035 1132 si
1065 1088 1128 1147 qua
1159 1072 1240 1133 ioret
1269 1074 1352 1135 iuter
1384 1076 1480 1151 ipsos,
1501 1091 1559 1135 nou

292 1182 443 1254 obstante,
466 1181 711 1255 insinuassetque
734 1178 854 1239 ibidem
876 1179 988 1251 eidem,
1011 1186 1046 1238 ut
1068 1181 1135 1239 sive
1167 1179 1236 1254 ipse
1259 1181 1292 1239 in
1315 1181 1403 1241 dicto
1433 1184 1562 1243 termino

292 1301 396 1345 coram
422 1287 513 1346 nobis
536 1292 731 1360 compareret
761 1285 827 1345 sive
849 1300 919 1357 non,
949 1298 1006 1343 nos
1028 1284 1068 1344 ad
1092 1285 1190 1359 partis
1212 1287 1429 1360 comparentis
1451 1288 1561 1347 instan-

292 1392 371 1452 ciam
395 1391 426 1451 id
452 1391 624 1451 faceremus
646 1391 678 1451 in
701 1390 870 1465 premissis,
893 1389 978 1464 quod
996 1387 1059 1465 juri
1081 1389 1240 1450 videbitur
1261 1392 1415 1467 expedire
1438 1396 1467 1453 A
1489 1407 1561 1469 quo·

295 1497 425 1572 quidem
447 1499 581 1557 termino
613 1497 778 1572 prescripti
800 1497 946 1556 tricesimi
977 1497 1106 1556 secundi
1126 1497 1189 1557 diei
1210 1514 1305 1557 causa
1327 1501 1474 1573 parcium
1496 1515 1560 1575 pre·

292 1605 407 1678 scripta
431 1612 535 1677 partes
565 1606 646 1663 inter
668 1604 793 1663 easdem
818 1604 957 1663 seriebus
979 1604 1154 1663 litterarum
1176 1612 1358 1663 nostrarum
1383 1613 1560 1680 prorogato·

290 1711 408 1769 riarum
430 1711 588 1782 ventilata,
612 1715 769 1785 presentes
792 1716 917 1768 octavas
934 1708 1004 1768 festi
1022 1709 1270 1784 Epiphaniarum
1285 1710 1409 1770 domini
1432 1711 1558 1771 dilatire

291 1817 458 1889 attigisset,
482 1815 520 1874 ad
545 1831 622 1889 quas
657 1815 782 1877 tandem
815 1822 942 1873 octavas
974 1821 1139 1874 annotatus
1170 1816 1305 1899 Joannes
1336 1817 1493 1877 Horwatb
1525 1816 1555 1877 in

290 1937 415 1984 causam
430 1928 579 1982 attractus
595 1938 651 1997 per
666 1921 823 1996 prefatum
841 1920 1040 1981 Valentinum
1057 1920 1150 1981 Palffi
1166 1921 1204 1981 de
1221 1922 1450 1996 Zenthmichai,
1471 1924 1559 1997 legit·

290 2029 402 2087 timum
420 2036 653 2102 procuratorem
668 2028 824 2088 dictorum
839 2033 990 2101 actorum,
1005 2029 1036 2087 in
1052 2029 1192 2103 personis
1203 2029 1391 2088 eorumdem
1414 2030 1557 2104 congruis

292 2133 403 2193 diebus
426 2136 565 2209 ipsarum
599 2143 781 2193 octavarum
810 2148 917 2193 coram
947 2135 1038 2193 nobis
1072 2141 1251 2209 expectatus
1271 2145 1415 2195 nostram
1438 2139 1471 2198 iu
1493 2152 1558 2212 pre·

291 2240 426 2299 senctam
460 2255 521 2302 nou
556 2242 640 2301 venit
673 2256 774 2313 neque
808 2233 914 2318 (misit,
948 2240 1003 2301 sed
1038 2234 1083 2317 se)
1117 2241 1328 2301 mediantibus
1351 2244 1425 2303 aliis
1447 2243 1557 2302 litteris

290 2347 404 2404 nostris
415 2343 614 2422 judicialibus
626 2346 716 2406 exide
727 2346 875 2407 consectis
886 2348 918 2405 iu
928 2344 1045 2421 judicio
1057 2348 1222 2421 aggravari
1235 2350 1389 2423 permisit,
1399 2350 1557 2425 postulans

293 2450 431 2527 prefatus
447 2461 631 2527 procurator
647 2452 802 2512 dictorum
814 2459 955 2511 actorum
970 2454 1003 2512 io
1018 2455 1158 2526 personis
1173 2455 1357 2513 eorumdem
1381 2456 1501 2515 eisdem
1522 2498 1529 2512 .
1549 2497 1556 2512 .

292 2601 484 2617 .......
515 2559 547 2616 in
569 2572 693 2617 causam
717 2559 848 2630 attracti,
872 2573 928 2632 per
957 2574 1014 2619 nos
1043 2560 1076 2618 in
1098 2560 1259 2635 premissis
1282 2558 1361 2636 juris
1383 2563 1559 2638 eruitatem,

292 2662 475 2741 justicieque
498 2667 635 2738 rigorem
666 2666 829 2739 impertiri.
861 2665 980 2725 Verum
1014 2669 1087 2740 quia
1119 2675 1260 2741 tempore
1295 2670 1328 2727 in
1351 2668 1495 2742 predicto
1526 2668 1556 2727 in

292 2771 432 2845 personis
454 2770 609 2828 dictorum
632 2770 764 2829 fratrum
781 2780 811 2831 et
835 2773 932 2831 tocius
962 2779 1131 2831 conventus
1162 2770 1250 2850 (dicti
1273 2773 1404 2845 ordinis,
1426 2766 1556 2850 racione)

292 2882 322 2935 et
346 2886 487 2949 pretextu
511 2877 701 2949 recepeionis
723 2884 753 2934 et
776 2878 989 2952 usurpacionis
1005 2881 1222 2937 universorum
1239 2881 1449 2952 terragiorum
1474 2879 1557 2938 bladi

292 2990 321 3041 et
345 2982 491 3041 frumenti
514 2975 646 3059 (eisdem
670 2983 827 3041 actoribus
851 2983 889 3041 de
912 2977 1006 3060 terra)
1018 2984 1112 3043 tercie
1128 2986 1226 3059 partis
1249 2983 1330 3045 dicte
1354 2984 1554 3060 possessionis

292 3081 459 3163 Zrhupnyk
492 3087 586 3146 modo
617 3089 769 3162 premisso
801 3082 1065 3167 pro(veniencium
1088 3136 1095 3149 .
1119 3136 1126 3149 .
1150 3136 1157 3149 .
1181 3136 1188 3150 .
1210 3084 1278 3167 per)
1312 3091 1484 3153 iamiatum'
1508 3092 1556 3175 Jo-

291 3196 425 3254 hannem
448 3195 599 3252 Horwath
622 3194 758 3253 indebite
788 3203 817 3252 et
842 3196 942 3254 minus
973 3197 1057 3256 licite
1088 3205 1319 3271 perceptorum,
1343 3199 1555 3271 promissoque

292 3301 479 3376 potenciarie
502 3301 715 3374 occupacionis
738 3299 777 3358 de
800 3307 881 3359 terra
905 3303 997 3361 tercie
1014 3304 1110 3377 partis
1133 3303 1214 3361 dicte
1239 3306 1446 3376 possessionis
1469 3304 1552 3362 Zthu·

294 3406 378 3480 pnyk
402 3423 457 3480 per
482 3407 612 3464 eundem
637 3406 732 3464 modo
761 3409 913 3480 premisso
936 3407 1024 3480 facte,
1047 3424 1194 3484 processu
1217 3404 1261 3487 (in
1285 3405 1433 3488 persona)
1455 3420 1555 3470 nostra

293 3523 399 3570 contra
421 3519 450 3570 et
473 3513 622 3570 adversus
645 3514 749 3586 ipsum
764 3514 939 3597 Johannem
955 3515 1106 3573 Horwath
1129 3515 1179 3573 die
1203 3522 1234 3573 et
1257 3516 1329 3574 loco
1353 3517 1385 3575 iu
1412 3517 1554 3591 predictis

293 3620 384 3676 nobis
409 3626 551 3692 porrecto
575 3620 735 3691 extittisse,
759 3620 904 3693 idemque
925 3621 1081 3703 Johannes
1110 3622 1262 3680 Horwath
1288 3637 1346 3696 per
1370 3630 1556 3682 memoratos

292 3732 433 3782 nostrum
450 3734 479 3782 et
496 3731 634 3783 vestrum
651 3726 792 3784 homines
806 3728 956 3800 premissa
972 3727 1194 3787 informacione
1206 3728 1372 3786 subsecuta
1391 3730 1554 3789 terminum

294 3829 332 3887 ad
351 3830 507 3905 prefatum
531 3847 588 3903 pro
602 3831 737 3888 redenda
746 3833 868 3890 racione
881 3834 1105 3905 premissorum
1119 3839 1226 3891 contra
1237 3842 1268 3892 et
1281 3834 1435 3893 adversus
1451 3834 1557 3893 fratres

293 3937 448 4009 predictos
472 3944 609 3993 nostram
633 3937 663 3994 in
687 3938 879 4009 presenciam
906 3939 1056 4012 legittime
1072 3946 1217 3999 evocatus
1232 3946 1263 3999 et
1282 3956 1376 3999 causa
1401 3942 1469 4017 ipsa
1491 3956 1559 4016 pre·

295 4041 419 4113 scripta,
443 4042 667 4114 prorogacione
690 4044 919 4114 interveniente,
951 4044 1111 4102 addictas
1145 4054 1305 4119 presentes
1339 4055 1468 4106 octavas
1490 4047 1556 4107 festi

294 4147 537 4218 Epiphaniarum
570 4145 688 4204 domini
719 4147 851 4205 deventa
882 4150 1027 4220 extitisse,
1050 4159 1176 4208 octavas
1207 4151 1246 4207 ad
1271 4151 1398 4211 easdem
1421 4164 1555 4212 nostram

292 4251 378 4308 velut
400 4248 511 4325 judicis
544 4252 592 4307 sui
626 4253 774 4311 ordinarii
799 4254 828 4311 in
861 4256 1054 4328 presenciam
1078 4255 1183 4315 venire
1206 4257 1259 4315 vel
1281 4258 1407 4318 mittere
1431 4259 1554 4318 minime

293 4366 435 4426 curasset,
461 4357 513 4413 sed
536 4373 567 4413 se
591 4358 623 4414 in
641 4373 694 4415 sue
712 4360 937 4432 culpabilitatis
953 4361 1101 4419 evindens
1116 4362 1266 4421 indicium
1290 4379 1308 4420 a
1332 4364 1411 4423 facie
1434 4364 1511 4441 juris
1524 4371 1553 4425 et

291 4459 410 4536 justicie
434 4464 554 4536 penitus
577 4465 777 4538 absentand0,
794 4467 939 4525 oneribus
955 4474 1167 4540 pretactorum
1181 4465 1370 4543 judiciorum
1393 4469 1556 4545 aggravari

293 4568 470 4641 permisisse
493 4585 531 4627 ex
564 4571 723 4644 premissis
753 4546 977 4630 adveniebatur
1001 4574 1192 4643 luculenter;
1209 4580 1338 4649 propter
1369 4576 1457 4653 quod
1489 4591 1555 4653 pre·

292 4673 408 4746 scripta
432 4678 525 4733 tercia
549 4692 620 4751 pars
655 4678 788 4736 antefate
818 4680 1021 4752 possessionis
1051 4679 1220 4754 Zthupnyk
1248 4681 1281 4739 in
1303 4679 1388 4741 dicto
1410 4683 1555 4743 comitutu

291 4781 482 4852 zagrabiensi
498 4783 630 4840 existens
647 4794 676 4841 et
700 4785 804 4841 habita
821 4784 915 4841 simul
933 4801 1003 4843 cum
1019 4785 1165 4861 pretactis
1189 4787 1397 4861 proventibus
1419 4788 1555 4847 eiusdem

291 4886 421 4960 prefatis
444 4887 592 4946 iratribus
604 4892 761 4949 actoribus
776 4890 963 4949 rediudicari
975 4901 1005 4949 et
1022 4893 1150 4966 restitui,
1167 4891 1206 4951 de
1228 4894 1414 4969 prescriptis
1437 4908 1556 4971 quoquc
