3278 5348
617 371 692 429 Dor.
715 372 782 430 116.
807 404 851 416 -
873 370 930 429 An.
955 366 1045 448 1438.
1395 389 1453 449 149

189 587 265 660 giuti
287 586 413 646 florenis
436 587 503 645 auri
526 585 665 660 prelatus
687 585 865 644 vilhelmus
887 586 949 645 sibi
971 587 1139 645 terminum
1168 585 1353 660 deputasset
1385 585 1456 659 Quo

189 699 346 768 percepto,
369 693 429 767 ipsi
452 692 527 751 bani
548 692 646 750 nostri
667 689 782 768 judicio
805 697 835 750 et
857 692 994 750 examini
1017 691 1170 750 dictorum
1200 696 1378 750 nostrorum
1401 690 1456 748 ho·

191 800 322 872 minum,
346 797 494 872 predictis
515 798 772 874 procuratoribus
794 798 937 872 parcium
958 797 1149 870 prefatorum
1184 796 1456 868 consencientibus,

187 904 334 964 similiter
356 902 444 979 juxta
467 905 672 979 probaciones
696 908 726 962 et
748 903 933 963 documenta
965 904 1062 977 ipsius
1092 903 1304 962 Bartholomei
1326 908 1357 961 et
1379 902 1456 961 alio·

186 1026 256 1069 rum
292 1011 408 1069 civium
443 1011 578 1068 civitatis
612 1009 750 1085 predicte
772 1010 843 1069 fieri
865 1010 1100 1069 commisissent.
1124 1009 1246 1084 Quibus
1270 1026 1365 1083 super
1387 1009 1455 1068 uni·

187 1118 285 1176 versis
320 1124 351 1176 et
384 1117 516 1190 singulis
547 1117 708 1191 premissis
740 1115 892 1194 judIcium
916 1124 945 1174 et
969 1117 1133 1175 arbitrium
1158 1126 1188 1174 et
1212 1116 1453 1190 disposicionem

186 1223 264 1283 inter
300 1225 384 1298 ipsas
420 1229 525 1297 partes
559 1222 692 1282 faciendi
715 1228 745 1281 et
767 1222 955 1282 terminandi
978 1223 1104 1296 plenam
1127 1223 1236 1295 vigore
1260 1223 1455 1297 presencium

184 1328 295 1388 darnus
332 1336 362 1388 et
397 1330 597 1389 attribuimus
631 1329 818 1389 facultatem.
852 1330 939 1401 Item,
963 1328 1038 1388 dum
1060 1328 1189 1403 quidam
1213 1330 1297 1387 cives
1320 1329 1455 1388 civitatis

183 1435 323 1511 predicte
358 1435 397 1494 de
432 1436 569 1509 Petouya
599 1435 638 1495 de
659 1435 727 1495 foro
750 1436 876 1495 annuali
899 1452 972 1494 curn
994 1437 1089 1494 rebus
1112 1436 1400 1495 mercimonialibus
1422 1437 1454 1494 in

187 1549 291 1615 estate,
327 1543 470 1617 proxime
495 1544 653 1617 preterita,
676 1559 785 1602 versus
822 1544 951 1618 propria
975 1559 1032 1618 per
1054 1543 1187 1601 liberam
1212 1544 1298 1601 viam
1320 1541 1454 1617 profecti

186 1648 326 1720 fuissent,
350 1654 423 1707 tunc
444 1651 587 1709 homines
616 1651 757 1725 ipsorum
788 1651 940 1708 comitum
960 1651 992 1708 in
1015 1649 1098 1709 dicto
1121 1656 1223 1708 castro
1246 1649 1367 1708 Medwe
1391 1649 1454 1708 exi·

182 1760 305 1827 stentes‚
327 1761 403 1829 puta
417 1756 596 1839 jeronimus
613 1761 643 1814 et
665 1754 857 1827 wulfardus,
872 1756 959 1814 filius
973 1757 1083 1840 Jacobi
1098 1755 1240 1831 walpoth
1256 1755 1295 1814 de
1310 1755 1455 1830 Crapina,

183 1878 253 1921 cum
278 1863 349 1920 aliis
372 1864 404 1920 in
427 1863 536 1921 eodem
559 1870 662 1921 castro
685 1863 807 1921 Medwe
829 1864 944 1921 habitis
966 1864 997 1921 in
1021 1863 1122 1921 libera
1145 1864 1195 1920 via
1219 1869 1248 1920 et
1272 1862 1399 1936 publica
1422 1863 1453 1921 in

183 1969 269 2042 ipsos
302 1969 464 2040 irruentes,
500 1975 561 2028 tres
597 1985 707 2028 currus
737 1971 879 2043 ipsorum
901 1970 1018 2027 civium
1042 1970 1152 2042 pannis
1175 1973 1205 2027 et
1227 1969 1321 2027 rebus
1344 1970 1454 2027 merci·

183 2075 376 2134 monialibus
407 2076 543 2150 repletos
577 2081 608 2134 et
641 2081 784 2134 oneratos
815 2076 1008 2151 spoliassent,
1032 2081 1063 2133 et
1085 2091 1193 2134 omnes
1216 2091 1265 2133 res
1288 2076 1453 2133 mercimo-

188 2181 287 2240 niales
317 2181 349 2240 in
381 2181 499 2240 eisdem
531 2182 674 2239 curribus
698 2182 871 2253 existentes,
905 2182 944 2240 ad
975 2182 1115 2240 valorem
1144 2180 1278 2239 duorum
1313 2182 1450 2239 millium

183 2287 374 2347 florenorum
404 2289 472 2346 auri
506 2303 538 2345 se
573 2288 778 2361 extendentes,
813 2289 1010 2361 recepissent;
1037 2287 1165 2362 prelatis
1199 2288 1453 2362 procuratoribus

183 2392 325 2469 jamdicti
349 2394 447 2452 Vlrici
471 2394 594 2452 comitis
618 2395 771 2468 premissa
793 2410 850 2469 per
872 2395 1013 2453 homines
1036 2394 1134 2468 ipsius
1158 2399 1187 2451 et
1203 2410 1303 2476 neque
1319 2394 1357 2452 de
1372 2395 1451 2452 scitu

184 2507 213 2558 et
237 2500 398 2559 voluntate
430 2515 485 2558 sua
520 2500 589 2573 ipsa
611 2501 712 2575 spolia
735 2502 901 2558 commissa
926 2500 1020 2558 fuisse
1043 2499 1313 2574 respondentibus,
1337 2499 1451 2574 prefati

184 2607 255 2665 bani
289 2607 387 2665 nostri
421 2606 525 2665 taliter
557 2605 744 2681 judicassent
778 2611 809 2664 et
841 2607 984 2665 arbitrati
1007 2606 1157 2665 fuissent:
1191 2607 1276 2680 quod
1309 2606 1448 2681 prefatus

184 2712 308 2771 Vlricus
328 2727 432 2771 comes
455 2713 523 2771 sola
546 2728 601 2770 sua
624 2713 656 2770 in
679 2727 811 2786 persona
833 2712 984 2785 Zagrabie
1007 2727 1113 2770 coram
1129 2713 1305 2771 testimonio
1322 2713 1452 2787 capituli

184 2821 311 2878 ecclesie
334 2821 531 2890 chasmeusis,
556 2819 639 2894 quod
662 2819 824 2894 peridem
848 2821 1021 2895 capitulum
1045 2820 1083 2878 ad
1114 2821 1146 2878 id
1177 2821 1252 2878 illac
1283 2820 1450 2878 transmitti

183 2925 336 3002 jubemus,
353 2927 444 2996 inec,
463 2927 546 3001 quod
572 2928 712 2985 homines
734 2927 791 2999 illi,
815 2927 869 2999 qui
894 2927 1002 2984 eadem
1019 2929 1121 3001 spolia
1144 2926 1377 2997 commisissent,
1401 2928 1449 2985 sui

184 3033 324 3091 homines
347 3047 408 3090 non
432 3032 567 3104 luissent,
591 3049 691 3106 neque
714 3032 753 3090 de
776 3033 854 3091 scitu
878 3040 908 3091 et
930 3033 1089 3091 voluntate
1111 3035 1174 3092 suis
1205 3033 1314 3091 eadem
1345 3033 1448 3107 spolia

184 3140 349 3197 commissa
383 3137 512 3197 fuissent
546 3146 575 3197 et
603 3143 742 3214 patrata,
769 3154 860 3196 suum
888 3137 1097 3213 juramentum
1129 3140 1283 3213 deponere
1314 3138 1449 3197 debebit.

184 3243 270 3315 Item,
299 3245 383 3319 quod
418 3247 499 3303 circa
534 3244 647 3303 festum
682 3245 851 3302 nativitatis
884 3246 974 3304 beate
1007 3247 1104 3305 Marie
1134 3247 1273 3319 virginis,
1306 3246 1450 3320 proxime

184 3353 386 3426 preteritum,
423 3352 498 3410 dum
531 3351 659 3425 quidam
694 3353 778 3409 cives
812 3352 945 3409 civitatis
981 3354 1118 3426 predicte
1153 3353 1191 3410 de
1225 3352 1294 3410 foro
1324 3353 1449 3410 annuali

185 3459 216 3516 in
241 3458 361 3533 oppido
385 3458 510 3531 Royche
544 3459 710 3528 celebrato,
745 3474 816 3515 cum
839 3460 1004 3532 pecoribus
1027 3461 1168 3533 ipsorum
1192 3460 1223 3516 in
1247 3459 1356 3516 eodem
1380 3458 1449 3517 foro

185 3566 298 3640 emptis
321 3581 429 3623 versus
460 3564 587 3639 propria
611 3564 812 3637 procedentes
834 3565 872 3622 ad
897 3565 1056 3637 Rakonok,
1080 3568 1307 3640 possessionem
1330 3566 1449 3624 scilicet

188 3671 285 3744 ipsius
322 3671 420 3729 Vlrici
454 3671 586 3742 comitis,
620 3672 839 3744 pervenissent,
870 3678 942 3729 tunc
965 3674 1105 3731 homines
1128 3678 1158 3730 et
1181 3671 1351 3730 familiares
1375 3672 1449 3730 dicti

184 3775 282 3835 Vlrici
312 3778 443 3848 comitis,
467 3777 535 3851 ipso
559 3777 680 3834 erico
704 3777 816 3834 comite
840 3778 871 3834 In
895 3778 1003 3835 eadem
1026 3778 1176 3836 Rakonolr
1200 3794 1257 3852 pro
1281 3784 1354 3836 tunc
1377 3795 1447 3852 per·

183 3885 330 3943 sonaliter
353 3885 509 3954 existente,
534 3883 572 3940 de
602 3884 681 3940 scitu
706 3891 736 3941 et
761 3885 920 3942 voluntate
955 3887 1061 3960 ipsius,
1096 3886 1204 3945 eadem
1241 3901 1360 3958 pecora,
1384 3887 1448 3943 sine

183 3992 276 4064 culpa
312 3991 453 4064 ipsorum
489 3991 683 4064 recepissent,
715 3998 745 4047 et
769 3991 888 4048 tamdiu
909 3993 977 4064 ipsa
1001 4008 1114 4065 pecora
1137 3992 1253 4050 eisdem
1277 4007 1338 4049 non
1361 3993 1448 4050 resti·

184 4097 320 4167 tuissent,
343 4095 441 4154 donec
463 4097 573 4169 viginti
596 4096 728 4154 florenos
751 4098 819 4154 auri
843 4097 903 4170 ipsi
926 4099 1009 4155 cives
1033 4098 1150 4156 ibidem
1176 4099 1250 4170 ipsis
1282 4097 1448 4170 persolvis·

183 4210 257 4273 seut,
281 4218 342 4275 que
367 4201 512 4276 predictis
536 4203 787 4277 procaratoribus
811 4205 947 4262 annotati
977 4204 1077 4262 Vlrici
1108 4205 1238 4274 comitis,
1270 4204 1362 4276 plane
1397 4219 1448 4260 nc·

183 4308 337 4382 gantibus,
361 4310 421 4383 ipsi
445 4310 518 4367 bani
541 4310 639 4367 nostri
662 4308 780 4367 eisdem
804 4312 1059 4383 procuratoribus
1092 4311 1165 4367 dicti
1197 4309 1318 4366 comitis
1351 4309 1448 4367 Vlrici

183 4415 242 4474 hoc
277 4415 421 4473 benivole
455 4415 643 4488 acceptando
674 4414 844 4491 judicantes
872 4417 1086 4486 decrevissent,
1111 4420 1144 4472 ut
1167 4414 1305 4489 prefatus
1328 4414 1448 4473 Blasius

183 4523 260 4581 civis
289 4522 370 4581 dicte
392 4523 526 4581 civitatis
549 4524 615 4582 sola
639 4539 694 4580 sua
717 4525 749 4581 in
775 4539 906 4599 persona
926 4523 1136 4598 juramentum
1165 4538 1259 4594 super
1291 4522 1448 4596 premissis

184 4636 323 4703 prestare
347 4629 483 4701 deberet,
507 4636 537 4687 et
560 4630 666 4687 habita
690 4631 758 4703 ipsa
780 4628 979 4705 juramentali
1003 4630 1200 4703 deposicione
1232 4630 1330 4703 ipsius
1354 4628 1449 4687 Blasii

182 4736 283 4794 dictus
305 4736 431 4794 Vlricus
454 4751 558 4794 comes
582 4742 736 4811 pretactos
759 4737 884 4809 viginti
904 4737 1035 4795 ilorenos
1069 4737 1137 4794 auri
1171 4736 1293 4794 solvere
1328 4740 1448 4793 tenetur

181 4843 304 4903 civibus
324 4844 503 4918 prenotatis.
524 4843 611 4914 Item,
635 4843 718 4917 quod
735 4844 817 4902 circa
832 4842 946 4903 festum
962 4842 1139 4903 Natiuitatis
1157 4843 1285 4914 domiui,
1302 4843 1445 4918 proxime
