3278 5348
629 433 701 490 Doc.
724 428 795 506 265.
821 463 857 473 -
884 431 939 489 An.
963 427 1056 508 1469.

200 664 299 722 usque
315 658 459 722 quartam
475 649 708 720 generacionem
725 646 764 703 ad
784 646 889 703 nullos
905 646 1020 719 gradus
1043 662 1078 703 ac
1102 645 1235 716 ordines,
1257 637 1481 719 beneficiaque

201 763 231 813 et
254 754 345 812 leuda
369 755 400 812 in
434 755 537 812 medio
561 755 656 813 nostri
688 754 868 828 promoveri
890 761 921 810 et
944 754 1084 827 optinere
1107 754 1285 826 potuissent
1308 760 1366 809 aut
1392 752 1480 808 valu-

200 861 401 931 issent-litis,
432 861 631 918 dissensionis
659 868 689 917 et
719 859 978 917 controversionis
1002 860 1140 929 materia,
1163 857 1349 930 invidieque
1376 856 1479 915 fornes

205 974 235 1024 et
263 968 401 1024 rancoris
433 967 555 1023 malicie
586 975 691 1023 exorte
722 965 858 1035 fuissent,
882 980 918 1021 ac
942 964 1060 1022 diucius
1084 965 1232 1021 ventilate
1257 970 1290 1020 et
1316 970 1478 1037 protracte

203 1072 383 1130 extitissent.
407 1073 523 1130 Tamen
547 1087 603 1130 nos
625 1087 696 1128 cum
720 1071 835 1128 eisdem
860 1072 983 1128 civibus
999 1079 1029 1126 et
1053 1077 1114 1127 tota
1139 1070 1369 1127 communitate
1395 1069 1478 1126 dicte

200 1178 333 1236 civitatis
365 1181 477 1237 montis
509 1179 670 1237 Grecensis
701 1178 814 1235 amodo
838 1177 983 1251 deinceps
1013 1178 1098 1234 etin
1121 1188 1210 1234 antea
1234 1177 1404 1250 perpetuis
1429 1175 1478 1233 fu·

199 1283 278 1341 turis
301 1286 496 1356 temporibus
520 1286 668 1354 volentes,
698 1285 856 1357 cupientes
877 1294 907 1340 et
930 1284 1058 1341 omnino
1082 1281 1295 1340 desiderantes
1320 1288 1478 1354 tanquam

200 1404 272 1447 cum
304 1390 413 1447 vicinis
444 1392 557 1449 nostris
588 1392 674 1465 pacis
706 1401 735 1447 et
765 1390 939 1447 amenitatis
971 1387 1201 1463 pulchritudine
1225 1387 1298 1457 frui,
1324 1389 1426 1461 potiri
1449 1397 1480 1444 et

200 1494 336 1568 gaudere
370 1511 406 1552 ac
441 1497 472 1552 in
507 1497 587 1553 bona
623 1495 787 1553 concordia
825 1510 1013 1568 permanere,
1048 1510 1156 1552 omnes
1190 1494 1330 1563 iniurias,
1368 1494 1478 1549 omnia

201 1600 345 1675 dampna,
368 1602 512 1658 omniave
535 1607 719 1660 nocumenta
743 1610 807 1659 tarn
831 1603 861 1658 in
885 1601 965 1658 dicta
990 1602 1150 1666 sentencia,
1164 1615 1259 1673 quam
1284 1601 1388 1657 eciam
1407 1600 1478 1655 aliis

201 1707 365 1779 quibusvis
396 1708 506 1765 litteris
528 1715 558 1765 et
583 1710 756 1766 literalibus
787 1708 999 1765 instrumentis
1029 1706 1222 1780 specificatus
1245 1715 1276 1764 et
1301 1706 1478 1771 nominata,

203 1813 355 1886 nobisque
378 1824 407 1871 et
431 1813 702 1887 predecessoribus
724 1815 837 1872 nostris
854 1829 910 1886 per
932 1814 1017 1886 ipsos
1040 1813 1123 1870 cives
1145 1813 1297 1882 irrogatas
1321 1824 1352 1869 et
1378 1813 1477 1878 illata,

200 1917 316 1976 eisdem
341 1921 462 1977 civibus
485 1929 515 1976 et
539 1921 595 1977 toti
619 1920 833 1977 communitati
859 1917 978 1991 prolate
1000 1919 1134 1976 civitatis
1159 1918 1272 1974 montis
1297 1917 1477 1989 Grecensis,
1534 1991 1538 1997 ἣ

200 2023 335 2097 demptis
366 2024 487 2100 juribus
509 2027 620 2083 nostris
653 2026 910 2100 possessionariis‚
942 2025 1120 2083 remisimus
1143 2034 1174 2082 et
1196 2025 1418 2082 relaxavimus
1442 2041 1477 2082 ac

200 2130 238 2188 de
269 2140 299 2189 et
331 2148 425 2204 super
455 2133 601 2189 omnibus
636 2133 795 2206 premissis
829 2131 955 2189 eosdem
980 2133 1100 2204 quietos
1124 2138 1153 2188 et
1176 2130 1341 2203 expeditos
1367 2131 1476 2189 reddi·

199 2235 303 2295 dimus
326 2246 355 2295 et
378 2240 600 2301 commisimus,
627 2240 850 2311 promittentes,
882 2237 966 2310 quod
989 2253 1089 2311 neque
1112 2253 1168 2294 nos
1191 2247 1222 2293 et
1245 2251 1348 2309 neque
1374 2238 1476 2295 nostri

199 2360 389 2402 successores
421 2351 598 2402 annotatam
622 2345 809 2402 sentenciam
833 2350 939 2401 contra
962 2343 1087 2400 eosdem
1113 2345 1204 2414 cireS,
1229 2344 1348 2400 incolas
1374 2352 1408 2400 et
1430 2345 1477 2401 in·

199 2450 387 2508 habitatores
418 2467 452 2508 ac
483 2457 580 2509 totam
610 2451 865 2507 communitatem
895 2449 976 2506 dicte
999 2449 1133 2507 civitatis
1158 2449 1272 2507 montis
1297 2448 1475 2518 Cretensis,

198 2554 342 2629 filiosque
366 2565 396 2615 et
418 2563 557 2630 posteros
580 2556 764 2614 eorumdem
787 2556 881 2613 modo
898 2571 960 2628 quo
983 2571 1079 2628 supra
1102 2556 1208 2625 latam,
1230 2556 1301 2613 ullo
1324 2572 1471 2630 unquam

198 2666 339 2734 tempore
362 2678 496 2730 movere,
522 2664 667 2736 prosequi
689 2672 718 2720 et
735 2662 902 2735 procedere
918 2676 990 2718 cum
1006 2661 1124 2720 eisdem
1147 2663 1295 2720 volumus
1319 2669 1350 2720 et
1366 2678 1473 2736 neque

196 2767 347 2825 valebunt
370 2770 462 2827 modo
485 2770 623 2842 aliquali.
649 2771 778 2842 Insuper
800 2778 904 2826 autem
929 2767 967 2826 de
996 2769 1136 2826 articulis
1159 2767 1241 2825 inira
1263 2769 1471 2827 nominandis

198 2879 228 2930 et
252 2873 446 2932 declarandis
470 2891 542 2932 cum
566 2874 681 2932 eisdem
696 2876 818 2932 civibus
840 2882 870 2932 et
894 2881 958 2933 tota
981 2875 1203 2932 communitate
1227 2874 1310 2933 dicte
1332 2877 1474 2934 civitatis

198 2981 312 3037 montis
342 2980 504 3038 Grecensis
537 2982 639 3038 taliter
666 2980 936 3039 concordavimus:
969 2981 1046 3038 item
1078 2982 1190 3054 primo,
1213 2995 1278 3052 nos,
1303 2983 1473 3056 nostrique

197 3086 353 3143 tributarii
378 3103 436 3159 pro
461 3096 601 3160 tempore
626 3104 681 3160 per
704 3102 760 3143 nos
776 3087 935 3145 constituti
959 3093 989 3144 et
1012 3093 1133 3161 nostros
1156 3102 1350 3144 successores
1375 3089 1410 3146 in
1428 3087 1442 3146 l
1462 3118 1475 3130 ·

198 3199 301 3250 turum
336 3193 549 3263 constituendi,
581 3194 733 3250 tributum
764 3193 795 3250 in
824 3191 893 3249 foro
923 3192 1048 3250 annuali
1078 3209 1132 3250 seu
1154 3192 1301 3250 nundinis
1331 3193 1365 3250 in
1391 3193 1474 3253 lesto

199 3301 296 3357 sancti
320 3301 415 3357 Marci
440 3301 637 3372 ewangeliste
661 3315 696 3357 ac
720 3300 790 3357 aliis
815 3298 924 3356 diebus
947 3307 1018 3357 ante
1041 3306 1071 3356 et
1091 3309 1162 3373 post
1185 3301 1401 3372 sequentibus,
1419 3320 1473 3361 ex·

196 3415 284 3478 cepta
309 3406 471 3462 dumtaxat
488 3415 632 3463 consveta
650 3407 795 3479 porcione
807 3405 945 3463 eiusdem
963 3407 1070 3463 tributi
1094 3407 1326 3480 phylarschyna
1344 3418 1473 3480 vocata,

196 3512 277 3569 dicte
299 3513 416 3569 civitati
440 3514 641 3584 proveniente
665 3519 694 3570 et
718 3519 875 3585 spectante
907 3513 996 3570 salva
1026 3519 1213 3583 remanente,
1237 3513 1389 3586 recipere,
1415 3532 1473 3574 ex·

195 3625 340 3690 torquere
363 3627 392 3673 et
416 3617 538 3688 exigere
563 3620 733 3691 poterimus
757 3624 787 3675 et
808 3619 994 3676 valebimus.
1017 3619 1105 3690 item,
1122 3618 1207 3693 quod
1222 3634 1287 3688 nos,
1304 3623 1474 3696 nostrique

196 3722 350 3780 tributarii
382 3722 419 3778 de
449 3724 591 3779 curribus
622 3733 651 3781 et
684 3726 771 3797 equis
795 3742 851 3799 per
874 3726 956 3782 cives
980 3731 1010 3783 et
1033 3725 1257 3783 inhabitatores
1281 3725 1367 3785 dicte
1393 3730 1475 3787 civi·

196 3828 265 3886 tatis
297 3828 337 3884 ab
368 3829 480 3884 exteris
515 3831 655 3901 partibus
687 3832 873 3904 appreciatis
905 3839 934 3889 et
966 3831 1006 3888 ad
1038 3833 1141 3906 ipsam
1171 3832 1332 3890 civitatem
1356 3848 1476 3893 eorum

196 3935 308 3992 montis
332 3932 493 3991 Grecensis
516 3951 564 3992 res
588 3945 617 3992 et
643 3937 721 3994 hona
748 3954 801 4011 per
825 3938 950 3995 eosdem
974 3938 1026 3995 vel
1049 3954 1157 3996 eorum
1181 3938 1317 3996 alterum
1340 3954 1474 4014 compa·

194 4046 260 4097 rata
277 4045 307 4097 et
321 4039 509 4112 adducenda,
528 4043 651 4098 nullum
669 4044 830 4113 tributum,
855 4045 1017 4102 nullamve
1041 4046 1242 4103 tributariam
1265 4047 1475 4107 exaccionem

194 4145 317 4215 habere,
349 4147 471 4217 exigere
504 4155 534 4203 et
565 4149 702 4219 recipere
734 4152 906 4222 poterimus
930 4162 961 4207 et
985 4151 1161 4209 valebimus
1182 4158 1213 4208 et
1234 4167 1291 4209 nec
1316 4152 1474 4213 valebunt

194 4250 288 4309 modo
319 4252 457 4323 aliquali.
489 4253 555 4309 IIoc
588 4262 689 4310 tamen
722 4256 804 4312 clare
835 4256 1022 4330 specificato,
1048 4257 1133 4329 quod
1156 4258 1182 4315 si
1206 4271 1264 4315 nos
1286 4258 1341 4315 vel
1364 4262 1474 4320 nostri

193 4358 349 4415 tributarii
380 4374 473 4432 super
504 4348 662 4431 aliquibus
695 4362 788 4419 rebus
821 4371 850 4420 et
875 4364 964 4421 bonis
989 4380 1046 4438 per
1068 4363 1195 4422 eosdem
1217 4364 1302 4421 cives
1326 4371 1357 4422 et
1382 4365 1474 4425 inha-

194 4463 340 4522 bitatores
364 4465 444 4523 dicte
468 4467 600 4523 civitatis
626 4468 676 4523 vel
701 4483 809 4525 eorum
833 4469 969 4527 alterum
992 4470 1033 4526 ab
1057 4470 1180 4540 exteris,
1204 4476 1238 4527 ut
1262 4470 1475 4547 premittitur,

192 4571 335 4644 partibus
366 4575 553 4646 appreciatis
588 4581 618 4630 et
649 4575 687 4631 ad
720 4577 821 4648 ipsam
845 4576 1005 4634 civitatem
1028 4576 1228 4648 adducendis,
1252 4578 1472 4651 suspicionem

191 4692 286 4752 super
320 4693 357 4735 eo
389 4680 592 4739 habuerimus
625 4681 676 4737 vel
711 4682 865 4752 habuerit,
900 4682 984 4755 quod
1015 4683 1156 4756 aliquem
1190 4683 1244 4741 vei
1276 4684 1405 4759 aliquos
1440 4688 1475 4747 in

191 4783 333 4843 fraudem
364 4787 544 4846 huiusmodi
576 4790 674 4846 nostri
706 4789 826 4859 tributi,
851 4804 906 4845 sua
931 4789 1013 4846 bona
1035 4789 1212 4861 asserendo,
1236 4790 1392 4851 libertate
1418 4809 1475 4852 vo·

191 4892 306 4951 luerint
338 4893 390 4949 vel
421 4895 566 4963 voluerit,
598 4900 710 4951 extunc
741 4894 812 4952 talis
843 4902 896 4952 aut
931 4896 1008 4952 tales
1038 4893 1217 4970 juramento
1248 4897 1411 4958 mediante
1434 4901 1476 4960 ad
