3278 5348
190 408 204 451 2
211 407 251 467 34
613 391 684 448 Dor.
707 402 772 467 172.
795 424 839 435 -
862 392 917 448 An.
942 402 1029 468 1453.

186 608 277 666 nobis
300 609 472 666 retulerunt
494 607 557 684 jam
579 608 672 682 plene
695 609 775 667 datis
797 615 827 667 et
850 607 1027 682 persolutis,
1065 624 1121 682 per
1154 606 1289 666 eundern
1324 607 1446 666 fratrem
1496 619 1499 625 '

186 714 386 772 Benedictum
421 713 636 786 gwardianum
672 714 710 773 ad
748 714 926 788 predictum
960 713 1131 772 claustrum
1166 714 1264 772 sancti
1299 694 1447 771 Francisci

184 820 368 878 confessoris
393 826 422 878 et
446 797 613 894 adipsum
636 827 824 880 conventum
855 819 989 878 fratrum
1011 819 1152 878 eiusdem
1187 818 1316 877 claustri
1353 827 1383 877 et
1412 818 1446 876 ad

184 928 246 985 alia
268 921 441 984 necessaria
465 927 563 999 ipsius
586 927 722 996 claustri,
758 942 816 1001 pro
851 928 955 984 anima
989 925 1122 1000 predicti
1156 924 1289 983 condem
1328 925 1446 996 Mathye

184 1033 299 1091 Farlras
323 1049 361 1090 ex
385 1048 534 1091 consensu
558 1034 654 1108 ipsius
679 1033 804 1092 domine
827 1033 993 1090 Karberine
1028 1033 1177 1104 expositis
1212 1040 1242 1088 et
1278 1031 1448 1106 expensatis

186 1139 396 1198 vendidissent
419 1146 449 1196 et
472 1140 681 1210 contulissent,
705 1141 803 1197 immo
830 1140 906 1212 ipsis
930 1146 1092 1212 tamquam
1115 1139 1359 1210 consanguineis,
1383 1151 1448 1212 pro·

185 1246 310 1318 pinquis
336 1245 473 1303 eiusdem
497 1245 622 1303 domine
646 1246 822 1315 Katherine‚
847 1245 1029 1303 auctoritate
1063 1245 1276 1302 commissaria
1308 1245 1384 1318 ipsis
1418 1244 1445 1300 in

188 1352 246 1409 hac
269 1358 356 1425 parte
380 1353 541 1423 atrributa,
566 1352 728 1423 mediante,
753 1351 959 1410 vendiderunt
982 1358 1012 1410 et
1028 1351 1225 1410 contulerunt
1240 1367 1347 1409 coram
1361 1352 1447 1409 nobis

184 1456 252 1534 jure
276 1464 427 1531 perpetuo
451 1465 480 1515 et
515 1459 763 1516 irrevocabiliter
797 1457 1031 1531 possidendum,
1066 1456 1233 1515 tenendum
1269 1459 1387 1531 pariter
1419 1461 1446 1514 et

186 1564 365 1623 habendum
389 1579 424 1621 ac
446 1563 532 1640 juxta
554 1564 767 1623 condicicnem
791 1565 926 1622 civitatis
950 1569 1111 1639 prenotate
1134 1564 1316 1637 abantiquo
1336 1577 1447 1638 appro-

184 1673 291 1730 batam
315 1670 608 1753 quomodocumque
629 1671 765 1729 voluerit
788 1669 1024 1769 disponendum.
1046 1671 1079 1728 ln
1096 1670 1183 1727 cuius
1202 1671 1251 1728 rei
1267 1671 1450 1728 memoriam
1491 1733 1516 1751 ι

185 1781 279 1849 atque
323 1777 543 1848 testimonium,
579 1776 820 1850 firmitatemque
855 1782 1048 1862 perpetuam,
1082 1776 1278 1850 presentibus
1312 1775 1449 1849 sigillum

183 1889 325 1940 nostrum
347 1898 512 1940 commune
536 1882 682 1940 duximus
706 1882 956 1956 appendendum.
979 1883 1097 1951 Datum
1122 1882 1153 1939 in
1177 1881 1256 1940 festo
1280 1884 1364 1941 beati
1382 1882 1451 1940 Bar·

183 1990 264 2047 nabe
288 1989 431 2062 apostoli.
456 1990 545 2046 Anno
570 1988 688 2047 domini
712 1989 881 2047 millesimo
915 1986 1223 2063 quadringentesimo
1261 1991 1451 2063 quinquage-

184 2096 264 2153 simo
287 2096 390 2153 tercio.

154 2277 159 2287 .
184 2283 200 2337 d
229 2286 265 2332 Le
290 2213 424 2333 Originale
440 2214 467 2262 in
486 2214 639 2265 membrana.
659 2215 744 2277 Tergo
763 2214 917 2278 impressum
935 2223 974 2264 est
993 2214 1108 2279 sigillum
1127 2215 1280 2266 communis.
1309 2213 1449 2264 Ecollect.

203 2326 207 2336 .
267 2285 319 2333 viui
367 2292 447 2337 orvat.

782 2459 855 2531 172.

292 2607 372 2653 Anno
395 2618 469 2669 1453,
493 2617 530 2669 ις,
551 2606 675 2669 Augusti.
697 2608 807 2656 Romae.

185 2716 213 2772 A
248 2715 371 2772 Nicolan
415 2716 444 2771 V.
472 2723 556 2788 papa
587 2716 686 2773 (abbati
722 2715 954 2790 Cysterciensium
982 2715 1105 2789 zagrab.
1138 2715 1232 2774 riatur
1253 2722 1391 2792 potestas,
1420 2719 1453 2769 ut

184 2823 245 2879 eries
268 2823 379 2878 irnrtn'ne
408 2829 518 2878 stamen
542 2822 692 2896 hosptialis
713 2842 734 2879 s.
758 2822 908 2880 Elisabeth
931 2822 983 2879 siti
1001 2823 1032 2878 in
1062 2823 1184 2896 capituli
1208 2840 1280 2879 arca
1303 2828 1451 2890 rescissent,

735 2930 898 3004 probetque.

291 3054 435 3113 Nicolaus
470 3057 643 3130 episcopus,
675 3073 783 3115 servus
814 3071 978 3115 servorum
1013 3055 1070 3115 dei.
1100 3056 1223 3115 Dilecto
1254 3056 1322 3115 filio
1346 3056 1450 3115 abbati

184 3161 364 3219 monasterii
388 3168 490 3220 sancte
514 3165 620 3234 lilarie,
643 3165 860 3236 zagrabiensis,
884 3165 1017 3221 salutem
1052 3170 1081 3222 et
1115 3163 1323 3237 apostolicam
1362 3163 1449 3221 bene·

185 3265 362 3323 diceionem.
387 3269 437 3335 Ea,
462 3286 521 3343 que
547 3271 604 3344 pro
627 3271 830 3344 hospitalium
853 3276 883 3327 et
906 3265 1190 3345 aliorum'piorum
1213 3270 1358 3329 locorum
1380 3286 1448 3328 nec·

184 3387 246 3430 non
271 3373 497 3433 miserabilium
521 3391 725 3450 personarum
749 3376 915 3434 commodo
940 3383 970 3434 et
1005 3378 1146 3447 utilitate,
1178 3377 1372 3450 illorumque
1401 3391 1447 3434 sa·

185 3479 268 3536 lubri
293 3480 442 3550 regimine
466 3482 596 3555 provide
620 3481 700 3540 facta
724 3483 793 3553 sint,
817 3481 909 3540 firma
925 3487 1076 3557 perpetuo
1093 3489 1123 3540 el
1139 3483 1261 3542 illibata
1277 3484 1450 3557 persistant,

183 3585 323 3655 libenter,
348 3602 419 3643 cum
443 3602 459 3643 a
483 3588 573 3646 nobis
596 3590 721 3661 petitur,
744 3589 886 3647 favorem
902 3590 1111 3663 apostolicum
1128 3589 1336 3663 impertimur.
1359 3589 1452 3648 Exhi-

184 3690 248 3747 bita
272 3691 426 3763 siquidem
451 3694 540 3750 nobis
563 3711 663 3767 nuper
688 3709 746 3768 pro
770 3701 858 3769 parte
882 3696 1069 3754 venerabilis
1094 3696 1198 3755 fratris
1215 3696 1373 3756 Benedicti
1388 3696 1450 3770 epi·

183 3798 269 3870 scopi
293 3798 499 3870 zagrabiensis
523 3801 635 3873 peticio
659 3802 843 3872 continebat,
869 3802 952 3875 quod
976 3802 1097 3861 dudum
1120 3804 1186 3876 ipse
1217 3802 1351 3877 provide
1381 3816 1451 3860 con·

182 3903 380 3962 sideracionis
404 3907 555 3979 hospitale
579 3923 755 3982 pauperum
778 3914 881 3966 sancte
904 3905 1072 3981 Elisabeth,
1095 3911 1302 3983 zagrabiense‚
1325 3910 1357 3967 iu
1387 3909 1450 3968 suis

183 4009 337 4067 fructibus
361 4017 390 4068 et
414 4012 664 4071 ordinacionibus
688 4016 809 4072 ruinam
834 4016 952 4073 minare
982 4031 1016 4073 ac
1047 4010 1247 4090 reparacione
1275 4022 1305 4074 et
1334 4021 1450 4075 restau·
1465 4005 1481 4025 ⁵

182 4117 304 4175 racione
328 4133 387 4175 non
413 4119 608 4177 mediocriter
632 4120 792 4193 indigeret,
814 4127 843 4179 et
866 4121 905 4178 ad
929 4122 1000 4179 illas
1024 4122 1179 4181 faciendas
1215 4123 1314 4197 ipsius
1344 4123 1448 4196 hospi·

182 4225 252 4282 talis
277 4224 407 4282 facultas
431 4226 557 4283 minime
580 4233 755 4300 suppetere,
781 4227 831 4301 pia
854 4226 1020 4285 devocione
1037 4227 1155 4300 ductus,
1172 4229 1328 4303 hospitale
1345 4230 1447 4304 ipsum
1479 4302 1495 4316 Ι

181 4346 217 4388 ac
240 4332 326 4389 illius
349 4337 518 4389 structuras
543 4337 571 4389 et
595 4331 716 4390 edificia
740 4339 804 4391 tam
828 4349 886 4406 pro
910 4333 1041 4391 infirmis
1066 4335 1184 4394 ibidem
1207 4313 1395 4411 recipiendis
1419 4340 1447 4393 et

184 4437 391 4507 refocilandis,
427 4453 521 4512 quam
557 4453 614 4512 pro
649 4441 819 4513 capellanis
853 4441 883 4498 in
918 4441 1002 4499 illius
1038 4442 1186 4515 ecelesia,
1221 4442 1328 4503 divino
1363 4442 1447 4501 cultu

182 4544 369 4617 dedicandis,
405 4546 621 4620 multipliciter
657 4549 813 4620 reparavit
848 4555 877 4604 et
911 4550 1106 4621 restauravit,
1140 4551 1263 4623 aliaque
1306 4550 1396 4609 utilia
1418 4555 1447 4607 et

181 4650 321 4710 salubria
343 4669 401 4727 pro
425 4654 593 4713 directione
617 4669 652 4711 ac
676 4655 908 4713 manutencione
932 4655 1008 4713 dicti
1032 4656 1194 4730 hospitalis
1217 4657 1325 4716 statuit
1347 4662 1377 4716 et
1400 4671 1446 4715 or·

182 4758 309 4832 dinavit,
333 4777 393 4835 que
417 4762 515 4819 dictus
540 4762 704 4845 episcopus
728 4777 927 4835 summopere
951 4763 1105 4822 desiderat
1140 4764 1313 4840 apostolico
1329 4797 1332 4802 ·
1347 4763 1445 4822 muni·

182 4867 265 4926 mine
286 4868 436 4926 roborari.
467 4866 571 4941 Quare
594 4882 652 4942 pro
675 4874 762 4944 parte
787 4870 926 4944 episcopi
951 4875 981 4928 et
1005 4871 1133 4945 capituli
1156 4870 1296 4944 predicte
1318 4870 1445 4930 ecclesie
