3278 5348
190 430 251 487 208
594 425 667 482 Doc.
692 435 758 498 150.
784 456 823 465 —
849 424 905 480 Aa.
931 434 1019 499 1450.

186 642 306 699 Nicolai
331 639 457 710 Zudich,
481 640 643 713 Gregorio,
666 641 721 712 qui
743 655 776 697 se
799 645 944 712 nepotem
968 638 1033 696 eius
1056 636 1180 701 fatetur.
1204 633 1280 692 dare
1311 640 1342 690 et
1372 647 1445 690 com·

187 748 308 804 mittere
332 746 445 817 velitis,
469 747 512 802 sic
535 751 570 803 ut
592 747 660 820 ipse
682 745 800 803 eisdem
822 749 927 802 utatur
949 745 981 802 in
1003 743 1129 801 civitate
1150 744 1258 798 nostra
1283 746 1313 797 et
1336 753 1396 797 non
1414 737 1446 795 ad

185 868 296 910 manus
320 852 453 909 divertat
476 852 602 921 alienas,
627 850 724 909 donec
747 853 845 909 lacius
868 851 1028 909 informati
1058 849 1183 919 erimus,
1207 847 1314 921 ipsum
1345 860 1446 903 verum

185 976 250 1016 esse
275 958 429 1015 heredem.
456 958 622 1015 Pecuniam
647 963 751 1015 autem
774 958 859 1031 apud
890 967 918 1014 te
949 955 1121 1014 Seboldum
1152 968 1252 1026 usque
1283 951 1445 1009 adventurn

185 1071 325 1122 nostrum
364 1065 510 1121 volumus
545 1064 677 1123 retineri.
721 1065 841 1121 Revera
865 1079 923 1137 pro
947 1069 1035 1137 parte
1059 1059 1208 1135 pellificis
1231 1060 1346 1116 iterum
1367 1073 1444 1115 man·

184 1171 303 1240 damus,
321 1177 471 1242 quatenus
493 1170 602 1241 eidem,
627 1170 779 1243 quidquid
804 1172 864 1227 sibi
887 1169 1142 1228 testamentaliter
1165 1166 1308 1238 legatum
1324 1169 1378 1233 est
1400 1163 1446 1220 de
1484 1167 1485 1170 ’

184 1283 317 1350 putetur,
352 1276 511 1333 residuum
546 1283 650 1333 autem
685 1276 855 1334 secundum
887 1276 1033 1333 hactenus
1056 1272 1268 1332 introductam
1293 1275 1446 1327 consvetu-

185 1383 289 1440 dinem
313 1389 342 1440 et
367 1382 532 1456 privilegia
555 1382 689 1439 civitatis
712 1389 815 1440 vestre
837 1382 875 1440 ad
901 1383 998 1456 ipsius
1029 1380 1182 1438 fabricam
1214 1377 1268 1433 vel
1303 1377 1355 1449 pia
1385 1376 1445 1433 loca

184 1487 401 1557 distribuatur;
426 1496 544 1545 vestras
569 1490 650 1546 enim
675 1491 705 1546 in
730 1489 789 1547 hoc
821 1505 881 1547 non
913 1489 1126 1547 desideramus
1153 1482 1325 1555 infringere
1358 1483 1445 1540 liber·

185 1600 270 1651 tates.
294 1595 409 1651 Datum
434 1595 466 1651 in
489 1596 624 1651 exercitu
642 1597 810 1669 campestri
826 1603 895 1653 ante
911 1596 1068 1653 civitatem
1085 1590 1237 1650 Zalrolcza
1253 1588 1331 1647 ieria
1348 1590 1445 1662 quinta

185 1706 255 1773 post
278 1692 391 1756 festum
415 1701 511 1757 sancti
536 1700 677 1758 Vdalrici
699 1702 848 1776 episcopi.
873 1695 964 1759 Anno
988 1698 1158 1758 MCCCCL.

290 1843 329 1907 (A
354 1843 443 1909 tergo).
469 1841 629 1899 Fidelibus
651 1849 681 1899 et
704 1843 846 1917 providis
869 1841 1007 1900 Seboldo
1031 1843 1192 1916 capitaneo
1215 1856 1327 1908 nostro
1349 1862 1444 1921 zagra·

184 1948 292 2018 biensi,
317 1963 432 2005 necnon
456 1947 549 2005 iudici
574 1955 603 2005 et
627 1949 735 2007 iuratis
759 1949 894 2007 civitatis
916 1955 1020 2006 nostre
1044 1953 1158 2009 montis
1174 1953 1348 2028 Greeensis,
1363 1955 1443 2013 nobis

184 2062 271 2125 grate
295 2053 423 2111 dilectis.

291 2223 424 2286 Originale
443 2226 469 2273 in
489 2226 585 2277 charta.
621 2227 707 2288 'sergo
726 2225 839 2288 sigillum
863 2227 1023 2291 impressum.
1051 2231 1082 2277 In
1103 2230 1219 2280 archivio
1237 2231 1284 2284 lib.
1313 2248 1365 2295 reg.
1383 2231 1442 2281 civit

183 2313 364 2375 zagrabiensis.

779 2561 855 2629 150.

291 2687 370 2734 Anno
394 2699 467 2750 1450.
490 2698 529 2735 20.
549 2687 672 2748 Augusti.
706 2687 845 2750 Zagrabiae

190 2816 313 2875 olricus.
336 2832 422 2871 corales
452 2815 545 2870 Li'lcue
567 2821 596 2871 el
617 2815 718 2881 bontas,
743 2812 776 2872 in
799 2832 896 2874 causa.
921 2832 995 2888 quae
1017 2817 1094 2872 inter
1115 2816 1304 2891 Henningum
1326 2825 1354 2875 et
1380 2835 1444 2876 com·

184 2924 348 2978 rrruur'tutcm
379 2922 503 2977 ciuitatis
533 2922 636 2976 montis
673 2919 827 2977 Grecensis
856 2923 965 2993 agitur,
990 2921 1064 2978 diem
1095 2924 1274 2980 constitutam
1298 2931 1444 2998 prorogat.

290 3067 352 3123 Nos
377 3066 500 3122 Vlricus
525 3065 573 3122 dei
597 3066 700 3137 gracia
724 3064 811 3135 Cilie,
836 3065 1039 3139 Ortenburge,
1056 3066 1246 3140 Zagorieque
1269 3084 1373 3126 comes
1396 3076 1445 3126 etc

184 3189 298 3231 necnon
325 3171 411 3241 regni
435 3171 599 3228 Sclauonie
624 3172 729 3228 banus
755 3172 873 3228 Damus
897 3187 956 3245 pro
979 3173 1140 3244 memoria,
1164 3174 1249 3247 quod
1265 3176 1446 3234 instrumen-

184 3280 279 3335 talem
302 3278 539 3347 exhibicionem,
563 3293 658 3349 quam
682 3278 824 3349 egregius
857 3279 1010 3351 llennyng
1042 3279 1080 3337 de
1112 3280 1315 3339 Zomzedwar
1344 3288 1447 3340 contra

183 3383 328 3459 judicem,
352 3382 470 3457 juratos
494 3390 522 3439 et
540 3384 622 3440 cives
639 3384 772 3440 civitatis
790 3385 903 3441 montis
919 3383 1082 3442 Grecensis
1098 3384 1136 3442 de
1151 3384 1239 3461 juxta
1255 3386 1447 3459 Zagrabiam,

183 3491 268 3546 iuxta
292 3490 513 3546 continenciam
538 3490 713 3546 litterarum
736 3495 912 3546 nostrarum
937 3491 1225 3563 prorogatoriarum
1251 3508 1347 3566 super
1362 3492 1448 3551 factis

184 3597 214 3652 in
240 3596 350 3651 litteris
374 3595 488 3651 nostris
512 3593 744 3668 adjudicatoriis
768 3597 918 3653 contentis
941 3598 970 3653 in
994 3597 1112 3654 octavis
1136 3596 1205 3654 festi
1229 3599 1313 3656 beati
1340 3599 1449 3682 Jacobi

183 3702 318 3773 apostoli
353 3700 452 3756 faeere
485 3701 647 3757 tenebatur
678 3716 783 3758 coram
807 3702 905 3770 nobis,
931 3701 969 3759 de
993 3703 1153 3761 voluntate
1176 3704 1333 3762 nobilium
1358 3705 1443 3778 regni

182 3810 221 3864 ad
247 3816 371 3865 octavas
396 3807 463 3862 festi
489 3808 570 3863 beati
603 3809 763 3864 Michaelis
791 3809 969 3881 archangeli
1002 3826 1084 3867 nunc
1118 3811 1262 3883 proxime
1297 3819 1442 3869 venturas

183 3915 328 3971 duximus
353 3913 590 3987 prorogandam.
616 3914 773 3970 Presentes
797 3915 901 3987 sigillo
925 3917 1041 3988 egregii
1064 3915 1198 3988 Georgii,
1222 3914 1282 3974 filii
1298 3908 1446 3990 Stephani

182 4021 318 4078 Farkasii
354 4021 391 4076 de
427 4020 546 4087 ithess,
582 4021 703 4077 comitis
738 4021 834 4078 nostri
870 4022 1086 4094 zagrabiensis‚
1111 4020 1241 4079 fecimus
1264 4022 1447 4096 consignari

182 4129 296 4185 Datum
321 4126 471 4197 Zagrabie
495 4125 615 4183 decimo
651 4141 731 4183 nono
765 4128 814 4184 die
847 4129 969 4185 termini
1004 4129 1168 4200 prenotati.
1205 4131 1296 4186 Anno
1330 4127 1447 4187 domini

182 4235 350 4292 millesimo
374 4232 677 4305 quadringentesimo
703 4235 967 4306 quinquagesimo.

288 4380 327 4442 (n
349 4379 443 4441 tergo),
468 4376 527 4432 Pro
551 4375 661 4449 judice,
685 4374 794 4450 juratis
817 4393 852 4434 ac
876 4378 997 4434 civibus
1014 4378 1165 4435 universis
1182 4377 1317 4435 civitatis
1333 4379 1445 4436 montis

181 4483 342 4541 Grecensis
378 4482 415 4538 de
447 4479 534 4555 juxta
568 4482 752 4554 Zagrabiam
787 4493 893 4540 contra
927 4484 1086 4556 egregium
1117 4483 1272 4556 Hennyng
1295 4483 1334 4542 de
1358 4484 1443 4543 Zom·

180 4590 302 4646 zedwar
326 4589 364 4646 ad
388 4594 513 4645 octavas
539 4586 607 4646 festi
634 4590 716 4645 beati
741 4589 900 4647 Michaelis
923 4589 1111 4663 archangeli,
1134 4590 1359 4663 prorogatorie.

287 4781 421 4844 Origiuaie
441 4782 467 4828 in
487 4780 581 4828 charta.
603 4780 629 4827 A
650 4788 721 4841 tergo
741 4780 878 4842 vestigium
897 4778 985 4841 sigilli.
1006 4780 1037 4826 In
1056 4738 1123 4828 arcii.
1144 4776 1189 4826 lib.
1209 4793 1262 4841 reg.
1281 4778 1330 4827 civ.
1343 4775 1441 4841 ugmb.
