3256 5346
275 439 342 495 xro
691 419 766 476 Doc.
783 430 861 494 394.
890 451 924 460 -
949 416 998 475 An
1031 430 1123 495 1499.

277 644 445 709 contentus,
480 634 564 709 quod
599 635 654 692 illa
678 635 760 691 bona
789 634 903 691 iterum
937 635 1140 694 restituantur
1173 635 1223 694 illi
1246 637 1391 711 ecclesie,
1415 656 1481 697 non
1506 641 1560 697 ob

277 750 376 804 stante
399 742 521 801 indulto
544 756 562 797 a
586 741 658 798 sede
681 740 853 814 apostolica
885 741 1052 815 superinde
1075 741 1190 799 habito.
1212 743 1289 825 Jura
1313 748 1424 802 autem
1449 751 1482 803 et
1506 746 1555 803 lit·

277 857 341 911 tere
364 849 566 920 fundacionis‚
598 863 658 920 que
681 847 837 921 pertinent
859 846 899 905 ad
924 847 1081 922 prefatum
1106 847 1288 918 claustrum,
1317 857 1392 907 sunt
1416 852 1555 925 reposita

280 958 311 1015 in
334 955 473 1014 sacristia
496 953 624 1011 ecclesie
655 952 851 1010 chasmensis.
875 952 936 1010 Pro
959 953 1071 1011 tabula
1095 961 1198 1011 autem
1221 953 1261 1010 ad
1286 968 1377 1012 aram
1403 971 1554 1030 magnam

280 1069 311 1121 et
344 1060 532 1120 ornamentis
566 1075 602 1118 33
638 1059 707 1117 31113
730 1059 964 1117 necessitatibus
987 1058 1129 1117 eiusdem
1152 1059 1224 1132 lego
1248 1058 1316 1118 flor.
1339 1067 1480 1120 centum.
1504 1062 1552 1119 Ad

279 1169 443 1227 ecclesiam
477 1167 625 1224 Omnium
657 1170 835 1223 sanctorum
869 1166 901 1223 in
936 1165 1046 1224 eadem
1082 1165 1243 1239 provincia
1267 1166 1416 1237 Iwaniclr‚
1452 1167 1494 1225 ad
1518 1184 1550 1226 ea

276 1274 455 1345 necessaria,
479 1273 592 1345 quibus
615 1272 715 1345 magis
737 1270 862 1345 indiget,
886 1272 957 1344 lego
980 1271 1045 1330 flor.
1062 1272 1173 1344 viginti
1197 1273 1344 1346 quinque
1371 1274 1422 1332 Ad
1447 1291 1550 1334 neces·

280 1381 383 1438 sitates
406 1377 533 1436 ecclesie
557 1378 705 1435 Omnium
727 1382 910 1435 sanctorum
933 1377 964 1435 in
988 1377 1106 1451 oppido
1130 1377 1303 1436 Zalathnok
1326 1379 1399 1452 lego
1415 1379 1486 1439 flor.
1504 1382 1547 1439 ui-

278 1487 355 1559 ginti
379 1485 523 1557 quinque,
539 1491 570 1541 et
586 1483 741 1556 capellam
753 1482 872 1541 ibidem
894 1489 1073 1541 executores
1091 1481 1203 1542 faciant
1218 1483 1317 1555 finire,
1337 1485 1547 1560 ordinentque

277 1595 458 1651 ornamenta
481 1588 685 1648 sacerdotalia
709 1603 745 1646 ac
768 1604 908 1663 mappas,
932 1590 1056 1663 aliaque
1079 1591 1249 1647 necessaria
1273 1590 1313 1647 ad
1336 1591 1487 1662 eandem;
1505 1594 1547 1651 sic

276 1697 421 1756 similiter
452 1695 614 1753 ecclesiam
643 1695 740 1753 sancti
771 1693 907 1753 Ladislai
935 1695 967 1753 13
995 1695 1069 1753 2313
1097 1701 1276 1754 executores
1300 1695 1415 1756 faciant
1458 1698 1546 1757 finire

277 1809 307 1860 31
329 1801 473 1860 ordinent
495 1803 615 1873 calices,
639 1807 820 1859 ornamenta
847 1801 1050 1859 sacerdotalia
1073 1817 1110 1859 ac
1132 1817 1263 1876 mappas
1287 1803 1448 1875 altarium,
1472 1806 1546 1863 alia·

277 1926 337 1983 que
372 1911 542 1968 necessaria
569 1907 609 1966 ad
643 1908 783 1967 eandem.
806 1909 884 1966 Item
907 1909 1080 1982 Alpbonso,
1114 1907 1181 1967 filio
1212 1908 1347 1967 condam
1384 1910 1544 1983 magnifici

277 2016 396 2073 domini
421 2015 572 2098 Johannis
595 2015 667 2085 Tua,
700 2013 788 2073 fratri
822 2029 901 2086 meo,
925 2014 997 2087 lego
1020 2014 1086 2072 flor.
1109 2013 1207 2086 mille,
1224 2013 1264 2072 ad
1283 2015 1347 2072 alia
1371 2018 1544 2075 necessaria

277 2120 349 2179 dedi
373 2120 629 2179 informacionem
653 2121 877 2179 executoribus.
902 2121 979 2179 Item
1002 2120 1175 2191 Nicolaum,
1199 2119 1299 2179 filium
1325 2121 1462 2179 condam
1479 2122 1543 2182 Ste-

277 2228 371 2301 phani
394 2224 509 2297 Dersfy
532 2242 603 2283 cum
627 2225 743 2299 Sophia
767 2226 901 2300 parvula
923 2226 1029 2285 sorore
1052 2241 1115 2297 sua,
1140 2227 1296 2299 orphanos
1320 2234 1350 2284 et
1373 2228 1462 2285 omni
1489 2244 1543 2302 spe

276 2333 446 2402 destitutos,
469 2346 529 2389 una
553 2347 624 2389 cum
646 2332 736 2390 bonis
759 2337 789 2389 et
814 2333 1059 2406 possessionibus
1083 2331 1267 2391 eorumdem
1299 2333 1489 2392 commendo
1512 2334 1542 2392 in

277 2441 505 2514 proteccionem
540 2445 570 2496 et
604 2439 739 2511 graciam
775 2441 859 2512 regie
896 2439 1064 2496 maiestatis
1086 2438 1269 2512 supplicans
1305 2439 1478 2511 humiliter,
1510 2447 1542 2497 ut

277 2563 333 2621 per
355 2546 492 2619 aliquem
516 2562 553 2602 ex
577 2544 719 2617 dominis,
743 2547 793 2604 cui
816 2546 915 2618 magis
939 2548 1115 2618 competere
1138 2544 1306 2618 videbitur,
1329 2543 1425 2603 faciat
1447 2547 1541 2605 maie·

278 2660 341 2710 stas
377 2667 432 2710 sua
462 2652 588 2709 eosdem
612 2652 643 2708 in
667 2652 757 2708 bonis
789 2652 928 2725 ipsorum
952 2649 1117 2708 defendere
1140 2655 1171 2709 et
1193 2656 1402 2723 manutenere,
1426 2652 1537 2710 eidem·

280 2775 339 2832 que
375 2758 504 2816 Nicolao
539 2758 609 2831 lego
644 2757 707 2815 flor.
733 2762 885 2815 trecentos
915 2764 944 2814 et
981 2757 1085 2830 puelle
1120 2755 1235 2830 Sophie
1257 2756 1322 2815 flor.
1348 2758 1539 2832 quingentos.

277 2865 353 2922 Item
377 2864 537 2921 sororibus
562 2864 648 2932 meis,
672 2861 781 2921 relicte
804 2862 936 2920 condam
959 2861 1096 2920 Ladislai
1120 2861 1259 2934 Pethlray
1282 2864 1355 2935 lego
1378 2863 1445 2922 flor.
1469 2880 1537 2921 cen·

277 2978 353 3038 tum,
378 2969 475 3040 alteri,
500 2970 590 3026 uxori
614 2968 759 3042 Casparis
780 2968 914 3041 Gywlay
937 2967 1004 3026 llor.
1022 2973 1146 3025 centum
1163 2974 1193 3025 et
1216 2969 1316 3039 tercie,
1340 2970 1449 3028 relicte
1471 2984 1540 3027 con·

277 3077 350 3135 dam
382 3076 527 3149 Casparis
568 3076 693 3147 Fanchy
727 3076 870 3133 similiter
903 3074 967 3132 flor.
1003 3083 1134 3132 centum.
1158 3074 1321 3133 Francisco
1345 3092 1453 3149 puero,
1476 3076 1539 3134 filio

276 3183 389 3258 prefati
412 3182 547 3239 Ladislai
564 3181 709 3253 Pethkay,
728 3182 799 3253 lego
821 3181 886 3239 flor.
910 3181 1134 3255 quinquaginta
1150 3185 1182 3238 et
1202 3181 1352 3254 magistro
1369 3181 1408 3239 de
1432 3183 1537 3240 Inarch

276 3288 340 3346 flor.
365 3294 487 3345 centum
524 3287 756 3360 quinquaginta.
792 3287 867 3344 Item
892 3287 1013 3359 ingenia
1037 3286 1075 3344 de
1097 3287 1205 3345 castris
1229 3287 1357 3344 ecclesie
1380 3288 1441 3345 sub
1463 3302 1539 3362 pena

274 3394 604 3452 excommunicacionis
636 3394 697 3450 late
729 3394 881 3450 sentencie
911 3393 1000 3450 nullo
1032 3400 1122 3467 pacto
1154 3399 1366 3467 exportentur,
1390 3395 1536 3469 quoniam

280 3517 317 3557 ex
351 3500 554 3573 proventibus
584 3499 712 3556 ecclesie
744 3498 884 3557 ordinata
907 3504 987 3570 sunt,
1010 3503 1041 3556 et
1064 3498 1194 3571 dignum
1216 3504 1270 3569 est,
1295 3503 1329 3556 ut
1360 3516 1485 3575 semper
1507 3502 1536 3558 in

278 3606 396 3664 eisdem
428 3606 535 3662 castris
566 3619 623 3678 pro
655 3605 784 3663 ecclesia
814 3611 999 3663 remaneant
1023 3605 1070 3662 De
1091 3605 1222 3678 reliquis
1245 3620 1320 3663 vero
1344 3607 1441 3665 rebus
1463 3607 1537 3666 meis

275 3712 426 3769 universis
462 3711 628 3784 disponant
663 3718 841 3769 executores
876 3712 938 3768 mei
959 3709 1046 3787 juxta
1077 3710 1309 3782 discrecionem,
1334 3712 1536 3786 prudenciam

273 3824 303 3874 et
326 3818 548 3874 conscienciam
571 3818 710 3890 ipsorum
735 3823 827 3890 prout
843 3818 1043 3891 superindea
1064 3833 1115 3875 me
1131 3816 1388 3876 informacionem
1411 3820 1533 3889 habent

273 3930 509 3996 contententque
543 3930 573 3981 31
607 3923 795 3982 satisfaciant
829 3924 1037 3983 familiaribus
1079 3926 1166 3984 meis.
1209 3925 1397 3984 Executores
1435 3934 1536 3985 autem

271 4029 361 4086 huius
386 4031 558 4087 testamenti
582 4038 611 4088 31
643 4031 752 4088 ultime
784 4032 958 4088 voluntatis
983 4047 1051 4089 mee
1074 4031 1166 4105 eligo,
1190 4031 1309 4103 ordino,
1333 4034 1488 4092 constituo
1510 4040 1538 4090 et

269 4132 348 4190 facio
381 4135 574 4193 venerabiles
598 4135 749 4194 dominos:
774 4137 933 4194 Andream
956 4135 1153 4195 decretorum
1179 4136 1349 4210 doctorem,
1374 4137 1536 4197 kathedra·

268 4238 348 4309 lem,
378 4241 551 4322 Johannem
583 4242 800 4314 goriczensem‚
828 4243 964 4299 alterum
987 4242 1145 4301 Andream
1168 4242 1314 4301 similiter
1342 4243 1536 4303 decretorum

267 4343 437 4418 doctorem,
469 4346 609 4416 Kemlclr‚
645 4348 896 4417 archidiaconos;
931 4355 962 4406 et
999 4349 1133 4406 alterurn
1166 4350 1341 4429 Johannem
1365 4350 1537 4420 custodem,

266 4452 428 4509 canonicos
452 4451 570 4524 prefate
599 4453 727 4511 ecclesie
752 4470 818 4511 mee
841 4454 1063 4527 zagrabiensis;
1088 4456 1164 4513 item
1199 4455 1340 4527 egregios
1365 4455 1534 4530 Georgium

268 4555 449 4629 Kerecheny
486 4558 634 4616 vicarium
679 4562 885 4633 temporalem
929 4561 1125 4634 episcopatus
1168 4561 1231 4619 mei
1265 4567 1295 4619 et
1337 4562 1536 4621 Franciscum

264 4661 378 4719 Keczer
401 4662 439 4719 de
463 4663 601 4721 Radwan
624 4663 794 4724 familiares
808 4681 893 4724 meos
915 4668 1074 4740 speciales,
1091 4667 1206 4741 quibus
1221 4669 1386 4727 committo
1410 4675 1444 4727 ut
1466 4684 1536 4744 pre·

263 4767 358 4824 missa
381 4766 492 4843 majori
516 4785 577 4842 qua
613 4777 741 4844 possunt
766 4771 931 4844 diligencia
966 4789 1001 4831 ac
1035 4772 1188 4831 indefessa
1220 4774 1432 4834 sollicitudine
1466 4791 1535 4835 exe

261 4878 396 4944 quantur
419 4874 496 4931 locis
519 4876 582 4932 suis
605 4882 635 4933 et
659 4879 852 4951 temporibus
875 4879 1069 4953 opportunis,
1093 4880 1235 4939 ubivero
1251 4882 1356 4939 omnia
1379 4882 1533 4956 premissa
