3256 5346
285 429 345 498 518
700 424 771 482 θοι.
790 436 867 500 394
893 454 933 467 -
956 423 1013 480 An.
1037 434 1131 499 1499.

284 533 327 540 ,-
333 528 657 538 ——-.----..-—-——-.

285 657 375 701 renos
398 642 590 714 quingentos,
615 655 670 713 per
702 639 875 712 capitulum
908 638 1047 698 eiusdem
1070 640 1132 697 Ioci
1155 637 1293 696 fideliter
1317 638 1561 713 dispensandos.

283 748 361 805 Item
384 747 463 805 alios
496 746 628 804 florenos
659 746 842 819 quingentos
885 745 957 818 lego
988 744 1089 803 eidem
1118 744 1247 803 ecclesie
1279 752 1415 818 propter
1439 744 1560 804 futuras

285 854 480 912 necessitates
511 851 658 922 eiusdem,
690 867 750 925 que
784 853 961 924 contIngere
994 856 1119 925 possent
1142 849 1290 908 videlicet
1313 852 1368 908 vel
1392 867 1452 925 per
1477 867 1559 910 corn-

285 959 461 1017 bustionem
485 958 670 1028 Turcornm,
693 958 745 1015 vel
768 958 794 1015 si
818 964 933 1015 tectum
956 961 1026 1015 ruet
1049 971 1088 1014 ex
1112 960 1277 1028 vetustate,
1299 962 1356 1014 aut
1372 957 1462 1015 aliud
1480 959 1558 1030 quit·

286 1065 371 1138 piam
394 1064 457 1122 tale
490 1063 680 1136 contIngeret
702 1078 756 1121 seu
791 1068 971 1136 emergeret
1006 1061 1115 1121 Eidem
1142 1062 1270 1120 ecclesie
1302 1062 1377 1136 lego
1417 1064 1558 1122 casulam

285 1185 388 1228 meam
411 1169 450 1226 de
473 1168 655 1227 damaslino
685 1169 760 1226 albo
789 1175 897 1226 aurato
929 1184 1001 1227 curn
1027 1183 1118 1226 cruce
1142 1174 1302 1241 gemmata
1325 1185 1402 1228 cum
1425 1169 1557 1228 diversis

285 1275 415 1333 floribus
437 1281 467 1332 et
490 1275 636 1332 omnibns
666 1275 846 1334 attinenciis.
867 1275 945 1333 Item
968 1273 1236 1332 conservatorium
1260 1282 1460 1347 gemmatum
1487 1290 1556 1334 cum

285 1381 365 1460 Jesn,
389 1387 420 1438 et
440 1380 581 1439 tabulam
604 1396 675 1438 curn
694 1381 840 1454 ymagine
862 1379 1018 1439 crucifixi.
1041 1379 1118 1436 ltetu
1142 1379 1409 1439 reverendissimo
1425 1381 1554 1440 domino

285 1486 413 1551 Thome.
443 1487 678 1561 archiepiscopo
698 1487 902 1560 strigoniensi,
936 1487 1008 1559 lego
1041 1501 1178 1560 cuppam
1200 1501 1347 1559 magnam
1372 1486 1554 1546 deauratam

287 1607 381 1650 uuam
404 1597 435 1650 et
468 1592 616 1650 scutellas
649 1598 811 1664 argenteas
844 1592 965 1650 itaIIcas
1004 1605 1066 1662 sex,
1089 1606 1128 1650 ex
1161 1592 1276 1665 quibus
1311 1590 1463 1650 deaurate
1485 1599 1553 1651 tres

283 1696 361 1756 Item
392 1697 651 1756 reverendissimo
674 1697 800 1756 domino
823 1697 998 1768 Dominico‚
1020 1698 1166 1772 episcopo
1188 1697 1385 1769 waradiensi,
1409 1699 1553 1758 similtter

283 1819 418 1877 cuppam
454 1804 635 1862 deauratam
669 1818 784 1861 novam
819 1818 913 1861 unam
945 1808 976 1860 et
1016 1803 1181 1861 salserium
1216 1809 1362 1862 auratum
1396 1803 1552 1878 dupplum

284 1924 398 1986 unum,
414 1910 550 1968 Domino
580 1908 709 1968 Nicolao
735 1907 841 1981 Banu,
865 1909 1019 1982 compatri
1042 1923 1122 1980 meo,
1146 1909 1218 1982 lego
1245 1924 1385 1983 cuppam
1409 1914 1552 1968 auratam

285 2030 388 2087 unam,
421 2016 687 2074 conservatorium
720 2016 794 2073 salis
828 2020 970 2072 auratum
1002 2014 1158 2089 dupplum
1194 2030 1293 2074 unum
1316 2021 1347 2073 et
1371 2015 1551 2089 gradarium

284 2136 390 2179 unum.
420 2122 556 2181 Domino
578 2122 650 2206 Jose
673 2120 711 2178 de
734 2119 816 2191 Sem,
839 2120 946 2179 comiti
969 2121 1172 2192 themesiensi,
1198 2137 1337 2195 cuppam
1371 2122 1550 2180 deauratam

222 2234 226 2241 ·
285 2241 378 2284 unam
410 2235 439 2285 et
469 2243 585 2301 equum
615 2227 736 2301 paztho.
759 2226 895 2284 Domino
926 2226 1097 2285 Laurencio
1128 2226 1200 2285 duci
1231 2226 1414 2300 gradarium
1446 2239 1552 2298 unum,

282 2333 412 2392 balistas
446 2332 522 2391 duas
556 2349 628 2391 cum
662 2332 816 2407 pharetris
850 2332 1003 2391 tractoriis
1037 2339 1067 2390 et
1090 2333 1217 2406 sagittis.
1246 2333 1384 2392 Domino
1416 2332 1549 2405 Georgio

286 2437 325 2496 de
348 2436 483 2511 Kanysa,
513 2439 657 2497 similiter
680 2439 833 2512 compatri
857 2452 935 2510 meo,
958 2438 1138 2512 gradarium
1160 2454 1258 2497 unum
1281 2444 1311 2497 et
1334 2438 1462 2499 domine
1482 2455 1549 2499 con·

285 2544 400 2602 thorali
423 2544 561 2602 eiusdem
586 2560 723 2618 cuppam
747 2544 926 2603 deauratam
950 2559 1065 2603 novam
1088 2551 1118 2602 et
1141 2545 1288 2603 scutellas
1312 2552 1475 2619 argenteas
1498 2545 1548 2604 de·

284 2656 407 2708 auratas
432 2665 490 2724 pro
513 2651 706 2741 salsamentis
727 2666 840 2724 parvas
864 2656 933 2710 tres.
947 2652 1082 2711 Domino
1105 2651 1243 2725 Georgio
1260 2654 1429 2726 preposito,
1452 2667 1548 2711 secre-

286 2756 365 2812 tario
388 2756 484 2828 regio,
515 2757 694 2828 gradarium
729 2772 826 2815 unum
851 2762 881 2815 et
913 2773 1050 2831 cuppam
1083 2757 1268 2816 deauratam
1297 2773 1416 2817 novam
1449 2774 1547 2817 unam.

285 2860 421 2919 DomIno
443 2860 546 2920 Blasio
569 2862 691 2934 Raskay
727 2863 877 2921 coclearia
912 2878 1025 2937 magna
1059 2863 1233 2936 duodecim,
1257 2881 1296 2923 ex
1319 2866 1436 2938 quibus
1458 2865 1547 2923 deau-

284 2976 351 3024 rata
384 2983 437 3025 sex
472 2974 502 3026 et
536 2969 682 3027 scutellas
717 2985 831 3044 parvas
865 2978 1026 3042 argenteas
1060 2971 1223 3029 deauratas
1254 2985 1314 3044 pro
1354 2972 1546 3030 salsamentis

284 3072 380 3133 duas.
404 3074 493 3132 Petro
517 3075 622 3147 Pogan
645 3074 825 3147 gradarium
848 3091 953 3134 unum.
969 3076 1017 3133 Ad
1034 3077 1204 3135 claustrum
1227 3076 1363 3135 fratrum
1389 3078 1544 3137 Carthusi·

283 3181 403 3236 ensium
426 3180 457 3237 in
481 3180 608 3237 Leweld
632 3196 690 3254 pro
701 3183 881 3241 necessariis
892 3183 1103 3241 claustrorum
1118 3181 1256 3241 eiusdem
1271 3182 1392 3243 ordinis
1404 3185 1436 3242 in
1450 3198 1544 3257 regno

284 3284 462 3343 habitorum
495 3286 566 3358 lego
599 3286 732 3345 florenos
765 3288 860 3347 mille.
891 3287 1042 3348 Similiter
1065 3288 1216 3348 fratribus
1239 3290 1472 3349 Heremitarum
1494 3289 1546 3347 sso-

283 3405 374 3448 renos
404 3393 501 3462 mille,
532 3393 586 3465 qni
619 3393 730 3452 dentur
768 3393 807 3452 ad
842 3403 983 3454 sanctum
1017 3396 1150 3454 Paulum
1182 3396 1267 3454 iuxta
1298 3396 1429 3467 Budam,
1452 3402 1486 3455 ut
1507 3395 1544 3454 ad

286 3498 480 3556 necessitates
513 3500 721 3558 claustrorum
752 3502 889 3560 elusdem
920 3502 1037 3561 ordinis
1071 3507 1273 3576 exponantur.
1304 3502 1421 3561 Eodem
1454 3502 1545 3561 modo

285 3602 433 3662 iratribus
457 3605 573 3663 ordinis
597 3600 753 3665 minorum
778 3608 815 3664 de
837 3610 1039 3668 observancia
1061 3608 1099 3667 ad
1124 3609 1320 3667 necessitates
1336 3609 1543 3668 claustrorum

284 3709 355 3781 lego
388 3709 521 3770 florenos
568 3686 666 3771 mille.
698 3714 775 3771 item
810 3714 848 3771 ad
885 3721 1045 3789 tecturam,
1076 3716 1309 3790 reparacionem
1341 3720 1372 3773 et
1409 3716 1470 3773 alia
1493 3730 1543 3773 ne

283 3816 413 3873 cessaria
444 3818 571 3875 ecclesie
604 3820 699 3877 sancti
730 3819 880 3902 Johannis
912 3823 944 3879 in
967 3822 1056 3879 Nova
1088 3822 1177 3894 villa,
1199 3820 1359 3894 Zagrabie,
1383 3822 1456 3895 lego
1479 3821 1541 3880 tlor.

282 3925 413 3980 centum.
438 3922 589 3981 Similiter
612 3924 650 3981 ad
675 3927 906 3999 reparacionem
931 3935 960 3987 et
983 3928 1125 3987 laborem
1148 3927 1312 4001 hospitalis
1347 3934 1453 3986 sancte
1482 3928 1543 3986 Eli·

283 4026 393 4084 zabeth
424 4029 455 4085 in
487 4036 585 4087 teatro
620 4032 812 4103 zagrabiensi
842 4032 907 4091 flor.
930 4043 1061 4092 centum.
1088 4033 1135 4091 Ad
1160 4033 1246 4093 aliud
1270 4034 1426 4108 hospitale
1449 4035 1542 4093 sancti

281 4131 429 4190 Anthonii
452 4135 482 4191 in
517 4137 586 4193 vico
620 4138 802 4195 Latinorum
836 4139 902 4197 ssor.
927 4139 1232 4214 quinquaginerio
1264 4140 1429 4198 eeclesiam
1458 4141 1543 4198 beate

282 4237 378 4294 Marie
403 4240 532 4312 vitginis
556 4242 587 4299 iu
610 4244 741 4302 abbacia
772 4261 830 4318 pro
861 4247 1060 4319 reparacione
1085 4247 1136 4306 vel
1160 4251 1278 4304 tectura
1303 4245 1369 4306 flor.
1393 4248 1543 4320 quinqua·

280 4342 372 4412 ginta,
396 4351 425 4402 et
448 4346 487 4403 ad
523 4349 686 4407 ecclesiam
721 4354 817 4410 sancti
851 4353 1005 4411 Leonardi
1027 4369 1085 4428 pro
1108 4354 1289 4411 necessitate
1313 4352 1454 4410 eiusdem
1478 4353 1540 4411 tlor.

282 4448 390 4520 viginti
421 4453 565 4525 quinque.
597 4457 644 4512 Ad
676 4460 887 4516 necessitatem
921 4461 1049 4517 ecclesie
1073 4460 1168 4518 sancti
1192 4459 1325 4516 Emerici
1342 4458 1461 4517 ibidem
1489 4459 1541 4517 Za·

279 4556 387 4625 grabie
410 4559 480 4629 lego
496 4560 560 4617 ssor.
586 4563 694 4634 vigInti
719 4565 863 4638 qulnque.
887 4565 935 4622 Ad
960 4568 1101 4624 laborem
1125 4565 1253 4624 ecclesie
1276 4569 1307 4622 et
1328 4564 1459 4624 claustri
1475 4582 1540 4624 san·

279 4660 320 4717 cti
344 4661 473 4733 Nicolai‚
497 4665 614 4723 ordinis
651 4668 881 4727 predicatorum
918 4671 1077 4745 ZagrabIe,
1100 4672 1167 4731 tlor.
1190 4671 1425 4745 quinquaginta.
1450 4671 1540 4732 Simi-

279 4762 349 4822 liter
379 4766 418 4824 ad
442 4776 582 4828 sanctum
618 4773 817 4833 Franciscum
840 4775 906 4835 ilor.
931 4778 1042 4850 viginti
1065 4780 1209 4851 quinque.
1233 4777 1312 4835 Item
1335 4775 1376 4834 ad
1400 4777 1542 4839 laborem

278 4876 307 4927 et
330 4873 407 4930 alias
429 4878 623 4936 necessitates
644 4881 773 4940 ecclesie
805 4888 835 4962 et
859 4884 987 4941 claustri
1011 4884 1101 4942 beate
1125 4884 1221 4943 Marie
1244 4883 1376 4957 virginis
1401 4883 1542 4945 Heremi-
