3256 5346
277 624 382 685 randis
417 622 523 694 editas,
546 628 652 683 nostro
686 617 850 696 judiciario
885 618 1022 678 examini
1050 617 1172 678 curavit
1205 617 1366 678 exhibere.
1411 618 1547 693 Quarum

276 732 387 806 prima,
411 728 527 788 scilicet
559 726 679 787 iamfati
710 725 839 800 capituli
870 725 1000 784 ecclesie
1030 724 1220 783 chasmensis
1243 723 1352 783 littera
1376 725 1547 785 tassionalis

276 853 357 897 anno
380 836 499 895 domini
522 834 693 894 millesimo
717 833 1023 907 quadringentesimo
1046 832 1203 891 tricesimo
1231 838 1346 906 quarto
1371 832 1547 907 privilegia·

276 942 349 1003 liter
370 946 514 1001 emanata
537 956 592 999 sua
614 940 693 999 serie
716 939 904 1010 declarabat,
928 936 1013 1012 quod
1037 938 1179 1012 egregius
1210 944 1241 996 et
1272 938 1395 997 nobilis
1417 938 1467 997 vir
1487 939 1544 997 Ro

277 1049 422 1123 dolphus,
445 1046 530 1125 filius
553 1046 712 1120 Rodolphi
734 1045 773 1103 de
796 1042 925 1114 Medwe,
951 1042 1029 1102 alias
1052 1042 1090 1101 de
1114 1043 1229 1118 Alben,
1242 1044 1275 1103 in
1291 1046 1457 1119 presencia
1471 1044 1545 1104 eius·

278 1154 350 1213 deru
374 1153 503 1227 capituli
527 1152 718 1222 constitutus,
741 1152 772 1209 in
796 1166 851 1208 sua
874 1165 910 1208 ac
931 1149 1094 1221 Leonardi,
1118 1148 1177 1208 filii
1199 1150 1256 1220 sui,
1288 1150 1435 1224 personis
1456 1166 1544 1210 onere

277 1268 309 1321 et
330 1261 512 1335 gravamine
535 1258 672 1317 eiusdem
694 1272 842 1332 superse
865 1262 1037 1332 assumpto,
1061 1256 1270 1330 possessiones
1286 1271 1360 1315 suas
1376 1254 1542 1328 Kralewcr,

276 1368 397 1439 Cherye
413 1364 451 1423 ad
467 1364 597 1424 eandem
613 1364 774 1422 Kralewcz
789 1365 994 1438 pertinentem
1011 1377 1082 1421 cum
1106 1362 1224 1421 tributo
1236 1363 1268 1421 in
1289 1362 1404 1421 eadem
1427 1362 1544 1436 Cherye

276 1473 359 1545 exigi
381 1472 483 1542 solito,
506 1486 625 1529 necnon
649 1468 824 1543 Kobylyalr,
850 1467 1001 1541 Zwyblya
1024 1474 1054 1526 et
1080 1468 1179 1526 Narth
1201 1474 1339 1538 uocatas,
1363 1470 1494 1528 omnino
1514 1470 1543 1527 in

276 1578 358 1637 dicto
382 1578 530 1635 comitatu
553 1576 746 1649 zagrabiensi
768 1576 942 1647 existentes,
967 1589 1039 1633 cum
1074 1574 1257 1633 earumdem
1286 1576 1410 1634 cunctis
1433 1577 1544 1636 utilita-

276 1684 359 1741 tibus
383 1687 412 1741 et
435 1683 633 1756 pertinenciis
657 1681 851 1756 quibuslibet
875 1680 934 1739 sub
958 1682 1050 1740 certis
1073 1680 1317 1752 condicionibus,
1334 1682 1543 1757 clausulisque

275 1794 304 1847 et
328 1788 466 1846 articulis
489 1788 601 1846 litteris
624 1789 656 1846 in
678 1786 796 1846 eisdem
820 1786 981 1845 evidenter
1004 1786 1199 1860 expressatis,
1223 1787 1471 1846 honorabilibus
1491 1788 1543 1845 do·

275 1895 368 1954 minis
390 1895 543 1953 canonicis
566 1894 605 1952 de
628 1894 766 1967 capitulo
797 1893 925 1952 ecclesie
956 1892 1164 1966 zagrabiensis
1200 1898 1231 1951 et
1263 1908 1322 1967 per
1353 1906 1543 1969 consequens

276 1981 367 2060 altari
400 2007 504 2059 sancte
538 2000 638 2058 crucis
671 1999 703 2057 in
737 1999 847 2058 eodem
882 1996 1004 2057 fundati
1036 2013 1096 2073 pro
1118 1996 1282 2071 refrigerio
1306 2000 1415 2058 anime
1436 2016 1492 2060 sue
1512 2007 1542 2061 et

276 2108 407 2165 fratrum
431 2121 559 2164 suorum
583 2105 695 2164 litteris
718 2106 749 2163 in
773 2105 890 2163 eisdem
913 2105 1146 2164 nominatorum
1162 2103 1323 2163 confessus
1337 2107 1491 2166 extitisset
1512 2109 1542 2166 iu

273 2220 460 2287 perpetuum
484 2212 605 2272 dedisse
628 2220 658 2271 et
681 2211 852 2271 tradidisse.
877 2210 1018 2270 Secunda
1048 2226 1124 2269 vero
1158 2212 1263 2270 littera
1299 2211 1377 2271 dicti
1413 2214 1541 2289 capituli

274 2319 402 2378 ecclesie
425 2319 614 2377 chasmensis
644 2318 756 2377 exinde
787 2318 949 2376 statutoria
982 2317 1213 2392 quintodecimo
1244 2317 1295 2377 die
1327 2318 1407 2378 ferie
1439 2321 1542 2395 quinte

274 2426 418 2500 proxime
452 2430 523 2498 post
558 2423 671 2482 festum
704 2422 874 2482 nativitatis
910 2424 1000 2481 beate
1030 2423 1128 2482 Marie
1152 2424 1290 2496 virginis,
1314 2438 1397 2485 anno
1422 2425 1539 2486 domini

275 2530 445 2588 millesimo
470 2529 775 2603 quadringentesimo
800 2530 957 2588 tricesimo
981 2534 1093 2603 quarto
1122 2530 1217 2589 modo
1249 2531 1347 2590 simili
1380 2534 1541 2607 privilegi·

273 2636 365 2694 aliter
387 2635 469 2693 edita
492 2634 718 2706 manifestabat,
741 2634 826 2708 quod
848 2637 952 2709 regius
978 2642 1008 2694 et
1031 2636 1170 2695 eiusdem
1193 2636 1324 2711 capituli
1340 2638 1486 2699 homines
1503 2639 1540 2698 ad

273 2742 493 2800 litteratoriam
525 2741 709 2815 peticionem
742 2741 820 2799 olim
850 2740 969 2800 domini
999 2741 1149 2801 Hermani
1180 2740 1260 2801 Cilie
1283 2749 1314 2801 et
1337 2744 1470 2819 Zagorie
1491 2760 1538 2805 co·

273 2849 357 2905 mitis
392 2848 565 2905 transmissi
599 2846 637 2905 ad
677 2847 771 2905 facies
805 2846 1050 2922 prescriptarum
1085 2850 1319 2923 possessionum
1357 2850 1538 2922 Kralewcz,

273 2954 401 3027 Cherye,
426 2953 602 3026 Kobylyak,
623 2953 775 3027 Zwyblya
799 2958 829 3012 et
861 2953 960 3013 Narth
991 2960 1181 3028 vocatarum,
1213 2959 1411 3033 presentibus
1434 2960 1539 3019 vicinis

274 3071 304 3118 et
320 3061 539 3118 commetaneis
557 3060 737 3118 earumdem
754 3059 941 3131 accedentes,
963 3061 1087 3120 easdem
1110 3078 1181 3120 cum
1198 3065 1316 3122 cunctis
1338 3066 1404 3122 suis
1428 3067 1538 3125 utilita-

274 3168 357 3225 tibus
381 3174 411 3223 et
435 3166 631 3239 pertinenciis
655 3166 848 3240 quibuslibet
870 3166 1013 3226 antefatis
1036 3167 1170 3227 dominis
1201 3170 1357 3228 canonicis
1387 3170 1471 3231 dicte
1493 3189 1538 3231 ec·

272 3273 365 3331 clesie
399 3273 614 3345 zagrabiensis,
647 3289 702 3330 nec
736 3288 798 3331 non
834 3274 946 3332 rectori
981 3274 1056 3332 dicti
1090 3275 1198 3333 altaris
1233 3281 1338 3336 sancte
1372 3280 1475 3339 crucis
1507 3281 1536 3338 in

273 3378 381 3436 eadem
398 3379 526 3436 ecclesie
550 3378 678 3450 fundati,
702 3379 791 3436 nullo
815 3380 937 3453 penitus
960 3381 1183 3441 contradictore
1206 3397 1265 3457 pro
1289 3390 1363 3442 tunc
1384 3385 1464 3445 inibi
1486 3402 1536 3461 ap·

272 3492 399 3560 parente
423 3485 453 3542 in
479 3491 663 3557 perpetuum
687 3485 867 3543 statuissent.
892 3485 1000 3544 Tereia
1022 3502 1166 3561 namque,
1183 3494 1292 3561 utpote
1313 3490 1389 3549 dicti
1405 3492 1534 3551 condam

272 3592 390 3649 domini
414 3590 603 3662 Sigismundi
628 3592 825 3664 imperatoris
855 3599 885 3650 et
907 3593 998 3665 regis,
1021 3593 1125 3652 littera
1148 3594 1433 3656 confirmacionalis
1460 3613 1536 3657 anno

273 3697 389 3754 domini
427 3697 597 3754 millesimo
633 3697 938 3770 quadringentesimo
969 3700 1125 3757 tricesimo
1155 3710 1252 3772 sexto,
1287 3709 1401 3776 quarto
1437 3704 1537 3763 Nonas

271 3805 386 3862 mensis
409 3804 494 3887 Julii,
519 3820 685 3876 regnorum
711 3812 815 3861 autem
841 3820 968 3863 suorum
1000 3821 1080 3864 anno
1111 3808 1269 3881 Hungarie
1299 3815 1356 3869 etc.
1388 3813 1537 3885 quinqutl·

270 3910 397 3982 gesimo,
421 3910 634 3967 Romanorum
660 3911 810 3984 vigesimo
834 3919 929 3982 sexto,
944 3912 1092 3971 Bohemie
1108 3914 1273 3986 sedecimo,
1290 3916 1416 3991 imperii
1433 3927 1534 3978 autem

269 4025 380 4089 quarto
403 4015 439 4071 ad
466 4016 685 4074 litteratorium
710 4017 889 4074 mandatum
908 4019 1046 4076 eiusdem
1070 4020 1161 4097 edita,
1184 4020 1327 4096 dupplici
1351 4025 1459 4098 sigillo
1480 4040 1534 4084 suo

269 4121 460 4194 impendenti
484 4123 674 4180 communita
696 4123 775 4181 inter
799 4131 899 4181 cetera
923 4126 1133 4198 exprimebat:
1157 4128 1242 4201 quod
1266 4127 1372 4188 fidelis
1394 4132 1531 4191 eiusdem

269 4226 462 4284 honorabilis
497 4229 546 4286 vir
577 4230 713 4286 Thomas
747 4230 980 4289 archidiaconus
1012 4233 1218 4292 varasdiensis
1253 4240 1283 4292 et
1315 4238 1482 4296 canonicus
1504 4239 1533 4297 in

270 4334 398 4389 ecclesia
422 4335 622 4406 zagrabiensl,
647 4344 809 4410 rectorque
832 4337 939 4395 altaris
960 4344 1062 4397 sancte
1086 4340 1185 4398 crucis
1209 4340 1239 4398 in
1262 4341 1374 4401 eadem
1406 4346 1534 4404 ecclesia

268 4437 387 4496 fundati
404 4440 434 4497 in
451 4456 505 4496 sua
524 4457 560 4497 ac
576 4441 773 4499 dominorum
791 4445 1008 4503 canonicorum
1025 4447 1164 4505 eiusdem
1180 4447 1310 4507 ecclesie
1325 4451 1532 4522 zagrabiensis

269 4560 323 4602 sue
340 4546 507 4603 maiestatis
530 4546 635 4604 adiens
651 4557 859 4621 conspectum,
872 4552 1061 4610 exhibuisset
1073 4553 1174 4612 eidem
1186 4561 1216 4612 et
1229 4563 1435 4628 presentasset
1448 4573 1535 4633 quas·

269 4650 340 4707 dum
355 4651 431 4709 duas
445 4652 562 4710 litteras
575 4654 786 4725 privilegiales
798 4655 925 4713 antefati
938 4659 1066 4731 capituli
1083 4660 1211 4718 ecclesie
1224 4661 1424 4732 chasmensis,
1440 4680 1533 4723 unam

268 4757 420 4826 videlicet,
445 4774 506 4831 qua
530 4759 684 4817 mediante
707 4763 848 4832 egregius
871 4762 1031 4833 Rodolfus‚
1056 4765 1139 4823 filius
1163 4767 1331 4842 Rodolphy
1345 4769 1385 4827 de
1402 4771 1528 4843 Medwe,

267 4863 344 4920 alias
375 4863 412 4920 de
443 4865 554 4937 Alben,
579 4866 733 4939 predictas
763 4869 954 4940 possesiones
987 4872 1156 4944 Kralewcz,
1187 4872 1316 4947 Cherye,
1355 4874 1531 4951 Kobylyalr,
