3278 5348
375 469 448 528 Doc.
472 463 542 524 226.
566 478 635 543 227.
661 462 733 524 228.
758 499 798 509 -
824 465 878 524 An.
903 461 993 543 1462.
1255 465 1314 534 285

160 803 242 851 Anno
264 801 338 864 1462,
361 802 401 854 18.
418 800 499 865 Junii.
519 799 668 863 Zagrnbiae.

99 896 220 954 ortulum
240 894 357 968 sagrab.
380 893 577 951 communitati
597 892 722 949 clvt'tatc‘s
743 908 838 948 omrrcs
860 891 988 965 injurios
996 897 1159 964 proventus
1174 890 1319 948 decimalis

474 981 624 1039 invasione
646 981 747 1037 illatos
769 980 895 1053 ignoscit.

156 1110 221 1169 Nos
262 1109 434 1184 capitulum
473 1106 603 1165 ecclesie
633 1106 850 1178 zagrabiensis.
881 1107 1030 1163 Memorie
1061 1105 1319 1164 commendamus

99 1235 108 1275 .-
137 1222 304 1290 presentes,
335 1214 418 1289 quod
450 1213 523 1271 licet
556 1227 613 1271 nos
645 1213 767 1270 racione
799 1213 986 1286 potenciarie
1009 1213 1177 1270 invasionis
1201 1211 1319 1270 konche

99 1330 156 1382 stre
179 1321 352 1396 providum
375 1326 406 1379 et
429 1321 671 1393 circumspectos
695 1319 780 1376 viros
803 1318 1005 1389 Anthonium,
1030 1318 1107 1376 alias
1130 1316 1266 1394 judicem
1290 1326 1320 1377 et

99 1429 222 1505 nplices
243 1426 390 1487 ‚eiusdem
422 1427 505 1484 cives
537 1426 672 1484 civitatis
703 1426 817 1483 montis
849 1424 1032 1483 Grechensis
1064 1426 1096 1482 in
1127 1426 1319 1498 presenciam

99 1536 174 1594 eatis
197 1534 377 1593 monasterii
400 1533 489 1591 beate
506 1532 602 1590 llarie
623 1532 760 1605 virginis,
785 1529 904 1606 judicis,
923 1530 1069 1589 videlicet
1093 1532 1319 1589 conservatoris

99 1642 167 1700 ium
189 1614 331 1698 ¹ecclesie
361 1645 473 1709 nostre,
506 1639 721 1708 citaverimus,
747 1643 915 1711 contraque
950 1643 980 1695 et
1014 1637 1163 1695 adversus
1193 1637 1319 1695 eosdem

99 1753 156 1806 tas
176 1762 321 1818 censuras
353 1744 575 1804 ecclesiasticas
609 1743 779 1815 fulminari,
811 1758 847 1801 ac
878 1743 975 1801 eciam
1009 1743 1253 1801 ecclesiasticum
1276 1743 1321 1801 in·

99 1852 221 1912 >dictum
251 1852 372 1927 imponi
401 1851 675 1927 procuraverimus
687 1869 694 1921 ;
725 1856 828 1908 tamen
861 1859 972 1924 expost
1002 1849 1041 1907 ad
1078 1855 1191 1908 attente
1214 1851 1320 1923 petici-

99 1976 119 2018 ,ε
141 1945 325 2018 instanciam
348 1957 532 2032 spectabilis
554 1971 591 2014 ac
615 1957 773 2028 magnifici
795 1956 914 2014 domini
937 1956 1016 2038 Jani,
1039 1955 1168 2029 Zagorie
1198 1958 1320 2015 comitis

105 2066 196 2139 regni
221 2064 384 2123 Sclauonie
408 2065 489 2135 bani,
514 2063 637 2121 easdem
661 2078 805 2121 censuras
828 2070 858 2120 et
877 2061 1080 2120 interdictum
1104 2069 1134 2121 et
1157 2064 1320 2122 universos

99 2186 232 2243 ocessus,
263 2171 386 2228 racione
418 2170 535 2242 previa,
565 2174 671 2227 contra
702 2169 874 2242 prelibatos
906 2170 1098 2227 Anthonium
1129 2167 1264 2244 judicem
1285 2185 1321 2228 ac

98 2292 134 2336 os
156 2278 326 2351 complices
350 2282 380 2334 et
403 2276 486 2333 cives
509 2275 590 2333 dicte
613 2276 747 2334 civitatis
765 2283 884 2333 secutas
908 2282 939 2332 et
959 2275 1150 2348 fulminatas,
1169 2277 1269 2335 levari
1291 2283 1321 2334 et

99 2383 177 2441 nitus
210 2381 281 2440 tolli
311 2398 346 2440 ac
379 2381 555 2439 ammoveri
586 2380 723 2453 fecimus,
756 2381 945 2454 eosdemque
977 2383 1101 2440 racione
1133 2385 1241 2456 previa
1265 2400 1322 2457 per

99 2489 157 2547 tnia
182 2487 345 2563 expeditos
369 2487 627 2559 commiserimus,
650 2487 749 2545 immo
769 2487 928 2546 reddimus
952 2493 982 2547 et
1011 2489 1236 2547 committimus
1252 2506 1321 2564 pre·

99 2594 193 2653 icium
217 2610 273 2669 per
296 2594 454 2667 vigorem,
478 2595 519 2652 ita
544 2599 657 2664 tamen,
680 2593 764 2667 quod
792 2595 998 2667 prenominati
1020 2593 1115 2671 judex
1138 2602 1169 2654 et
1191 2596 1273 2654 cives
1289 2612 1322 2655 se

106 2697 229 2777 juribus
245 2706 275 2759 et
294 2701 493 2758 libertatibus
509 2700 636 2757 ecclesie
655 2706 759 2757 nostre
774 2701 951 2760 nullatenus
967 2702 1181 2760 intromittant
1204 2702 1322 2761 Datum

112 2806 193 2865 festo
216 2807 380 2866 beatorum
404 2807 500 2865 Marci
523 2814 553 2864 et
577 2807 750 2865 Marcellini
773 2809 944 2866 martirum.
972 2810 1061 2866 hnno
1084 2810 1202 2868 domini
1219 2810 1321 2868 mille-

99 2927 136 2972 no
159 2913 463 2986 quadringentesimo
486 2913 679 2985 sexagesimo
702 2913 844 2972 secundo.

163 3029 243 3079 Liber
260 3031 356 3080 rubeus
374 3047 431 3080 ven.
451 3030 528 3096 Capit
555 3031 656 3095 cagrab.
676 3034 707 3080 In
727 3032 795 3084 arch.
816 3031 875 3086 incl.
895 3034 979 3085 Acad.
999 3033 1094 3085 Sciens.
1114 3035 1182 3088 Slav.
1197 3041 1286 3093 merid.

643 3208 726 3277 227.

160 3296 242 3346 Anno
263 3296 338 3358 1462.

161 3390 426 3464 Quietantionales
441 3406 536 3465 super
559 3398 684 3450 centum
707 3392 772 3452 flor.
796 3411 853 3468 per
878 3394 988 3454 fratres
1012 3399 1178 3459 heremitas
1194 3402 1323 3461 claustri

101 3496 270 3555 methensis
287 3498 405 3555 ratione
420 3496 492 3568 litis,
515 3512 594 3571 quae
611 3503 741 3572 propter
756 3502 982 3573 possessionem
1006 3504 1110 3563 Blizna
1133 3508 1321 3575 vertebatur.

99 3602 231 3678 piendae,
268 3605 416 3663 coenobio
440 3621 462 3661 s.
487 3604 615 3675 Nicolai,
638 3605 807 3678 Zagrabiae
831 3607 959 3679 fundati,
983 3611 1048 3669 ord.
1074 3613 1324 3673 praedicatorum

99 3725 149 3769 ene
182 3709 357 3783 persolutis,
388 3711 447 3766 sub
478 3711 677 3769 conventuali
708 3719 737 3770 et
761 3714 916 3786 prioratus
949 3715 1022 3775 dicti
1046 3721 1186 3777 coenobii
1210 3721 1323 3793 sigillis

99 3817 229 3890 tpressis,
253 3816 423 3890 expeditae.

164 3935 226 3984 Act.
245 3951 312 3986 mon.
334 3936 453 3986 Remete.
474 3937 548 3986 Fasc.
568 3938 619 3989 111.
639 3953 669 3986 nr
701 3951 738 4000 14.
758 3941 789 3988 ln
808 3941 903 3993 archiv.
925 3944 995 4005 regni
1015 3945 1099 3995 Croat.
1120 3946 1187 3996 Slav.
1205 3946 1287 3995 Dalm.

652 4115 737 4180 228.

164 4200 244 4248 Anno
266 4198 340 4260 1462.

163 4293 339 4352 Funduales
371 4296 568 4367 magistratus
593 4298 682 4355 civici
707 4300 820 4356 montis
844 4300 1006 4357 Grecensis
1029 4317 1122 4375 super
1148 4307 1225 4363 turri
1257 4323 1324 4364 mu·

99 4406 135 4472 la,
166 4397 385 4475 adjacenteque
409 4400 509 4459 eidem
533 4401 638 4474 fundo,
663 4419 780 4461 necnon
803 4406 902 4463 altero
927 4405 1022 4463 fundo
1045 4415 1074 4465 et
1097 4410 1198 4482 spatio
1223 4419 1324 4471 terrae

104 4505 258 4564 antedicta
276 4506 399 4563 civitate
422 4508 633 4581 existentibus,
656 4526 711 4582 per
735 4484 904 4584 Georgium
929 4512 1084 4571 melicum
1108 4515 1218 4587 civem,
1244 4520 1323 4577 Mar·

99 4626 126 4671 lo
149 4612 295 4671 litterato,
320 4612 387 4670 filio
410 4612 552 4687 Gregorii
577 4616 615 4673 de
632 4616 793 4675 Berzthecc
817 4624 847 4676 et
870 4619 908 4676 de
925 4620 1081 4692 Dobryne,
1105 4636 1186 4681 novo
1203 4626 1324 4687 concivi

99 4730 118 4775 o
149 4732 272 4775 summa
305 4719 414 4791 viginti
439 4721 531 4778 trium
557 4722 624 4781 tlor.
647 4724 715 4780 auri
740 4727 947 4797 perennaliter
970 4741 1075 4784 coram
1100 4729 1240 4802 praefato
1259 4749 1322 4791 ma·

99 4829 186 4882 stratu
210 4825 350 4884 venditis.

163 4943 226 4995 Act.
246 4960 314 4997 mon.
335 4948 455 4997 Remete.
478 4948 550 4998 liase.
571 4949 623 4997 ΙΙΙ.
643 4963 680 4999 nr.
704 4958 741 5014 15.
761 4950 793 4998 in
811 4951 907 5001 archiv.
926 4954 998 5017 regni
1017 4954 1103 5005 Croat.
1122 4956 1192 5010 Slav.
1205 4958 1289 5010 Dalm.
