3278 5348
598 438 672 498 Doc.
690 431 770 513 326.
794 467 836 479 -
860 432 917 490 An.
940 425 1032 508 1481.

774 662 863 728 326.

294 811 375 859 Anno
397 809 471 872 1481,
494 820 534 860 12.
553 807 622 859 maii
642 805 730 857 Crisii.

187 941 217 1000 A
239 939 378 996 nobilibus
408 939 492 1012 regni
521 935 696 1006 Slavomite,
727 942 840 1010 quanta
870 935 976 992 telonia
1005 940 1036 991 et
1062 931 1217 1006 vectigalia
1241 936 1301 1004 pro
1325 927 1451 985 matous

188 1046 354 1121 Zagrobt'ae
387 1052 416 1101 et
447 1045 477 1101 in
511 1061 601 1117 regno
634 1042 696 1099 sint
726 1040 872 1112 solvenda,
907 1040 937 1097 in
968 1039 1054 1114 regni
1080 1037 1304 1111 congregatim
1329 1032 1453 1109 generali

713 1147 928 1207 deleminalnr.

293 1296 357 1355 Nos
380 1293 543 1353 ladislaus
565 1293 603 1351 de
627 1295 791 1367 Egervara,
816 1306 985 1365 regnorum
1007 1288 1178 1360 Dalmacie,
1202 1287 1334 1346 Croacie
1356 1300 1391 1343 ac
1412 1291 1451 1342 to

187 1406 254 1464 cius
278 1401 441 1461 Sclauonie
463 1401 571 1458 banus.
595 1400 744 1459 Memoris
767 1397 1031 1467 commendamus,
1055 1394 1140 1470 quod
1165 1409 1240 1453 cum
1263 1392 1342 1452 teria
1365 1392 1450 1450 tercia

186 1509 334 1584 proxima
357 1514 428 1565 ante
452 1506 566 1565 festum
591 1505 820 1564 Purificacionis
851 1505 940 1562 beate
969 1503 1066 1562 Marie
1088 1501 1219 1575 virginis
1244 1499 1451 1559 serenissimus

189 1616 336 1689 princeps
360 1613 506 1670 dominus
529 1613 661 1670 Mathias
684 1628 748 1683 rex,
771 1611 915 1670 dominus
938 1614 1042 1669 noster
1065 1609 1233 1682 graciosus,
1259 1621 1316 1680 per
1342 1605 1451 1677 magni·

189 1721 265 1780 ficos
288 1720 432 1777 dominos
455 1719 641 1777 Michaelem
664 1717 764 1790 Orzag
787 1716 825 1775 de
849 1715 953 1787 vath,
977 1715 1052 1774 dicti
1074 1713 1162 1787 regni
1185 1712 1350 1784 Hungarie
1373 1709 1450 1785 pala·

188 1829 289 1886 tinum
312 1832 343 1883 et
366 1825 511 1883 comitem
535 1822 728 1898 Stephanum
742 1821 781 1881 de
803 1822 930 1897 Bethor,
951 1819 1086 1897 judicem
1110 1819 1195 1877 curie
1207 1835 1264 1876 sue
1279 1817 1450 1887 maiestatis,

189 1947 289 2009 prope
311 1932 470 1990 civitatem
494 1931 727 2002 zagrabiensem
750 1943 808 2003 pro
824 1927 1048 1986 reformacione
1064 1931 1161 1984 status
1177 1925 1268 1997 regni
1284 1923 1450 1992 Sclauonie,

189 2037 459 2112 exstirpandisque
491 2036 746 2095 malefactoribus
777 2041 808 2093 et
838 2036 957 2093 nocivis
988 2033 1177 2101 hominibus,
1207 2032 1328 2089 cunctis
1359 2031 1450 2088 eciam

190 2143 351 2202 maleficiis
367 2158 403 2201 ac
416 2143 622 2217 pravitatibus
639 2149 667 2201 et
681 2142 773 2200 malis
784 2140 954 2212 abolendis,
971 2139 1123 2198 universis
1138 2138 1301 2196 nobilibus
1317 2135 1450 2212 eJusdem

188 2250 276 2323 regni
308 2247 470 2308 Sclauonie
503 2249 672 2320 crisiensis,
703 2248 926 2321 zagrabiensis,
958 2245 1186 2304 varasdinensis
1216 2249 1248 2302 et
1278 2243 1451 2302 Werewcae

189 2356 392 2415 comitatuum
418 2354 694 2428 congregacionem
717 2354 879 2413 celebrare
901 2353 1022 2411 fecisset
1044 2350 1231 2425 generalem,
1249 2355 1280 2409 et
1298 2350 1330 2408 in
1346 2348 1450 2408 eadem

188 2463 267 2520 inter
297 2462 376 2527 alia,
406 2476 467 2535 que
499 2475 557 2534 pro
581 2459 655 2519 dicti
685 2461 773 2533 regni
803 2459 968 2518 commodo
992 2463 1023 2517 et
1052 2455 1174 2533 justicie
1196 2463 1366 2529 augmento
1388 2459 1449 2513 acta

192 2567 287 2638 fuere,
311 2580 373 2625 non
396 2566 569 2624 mediocres
592 2564 631 2623 de
655 2571 685 2623 et
708 2581 803 2640 super
827 2565 951 2624 tributis
981 2565 1014 2622 in
1034 2564 1095 2622 hoc
1124 2576 1222 2636 regno
1253 2563 1372 2636 ubique
1391 2561 1450 2622 ,ha-

192 2674 266 2732 bitis
300 2677 331 2731 et
360 2672 470 2731 erectis
501 2676 650 2731 tractatus
680 2679 711 2731 et
741 2672 866 2730 labores
889 2671 961 2730 iacti
991 2670 1172 2740 exstiterint,
1203 2669 1260 2727 ubi
1284 2672 1450 2742 comperto,

191 2779 357 2853 agnitoque
387 2784 417 2836 et
449 2777 615 2850 intellecto,
652 2777 737 2852 quod
759 2778 792 2837 in
815 2777 1003 2866 quibusdam
1026 2777 1217 2835 tributorum
1241 2775 1449 2849 predictorum

97 2921 100 2925 .
189 2885 282 2943 valde
314 2885 434 2956 iniuste,
465 2884 778 2960 inconvenientesque
799 2890 828 2944 et
851 2883 1006 2958 superflue
1029 2883 1250 2942 exaccionesa
1280 2886 1449 2956 pretergre-

187 2991 344 3051 dientibus
367 3005 439 3047 cum
463 2991 643 3049 mercanciis
667 2997 697 3049 et
720 2991 790 3049 aliis
813 2990 1009 3065 questoribus
1032 2989 1138 3048 habite
1160 2987 1257 3061 fuere,
1282 3004 1320 3046 ex
1335 2986 1447 3046 eisdem

187 3098 322 3173 quedam
344 3095 425 3172 justa
450 3102 479 3155 et
502 3103 593 3167 recta,
618 3097 754 3171 quedam
776 3112 851 3156 vero
875 3095 987 3173 injusta
1011 3102 1041 3154 et
1063 3093 1220 3171 superflua
1242 3099 1276 3152 et
1298 3093 1449 3167 proscrip-

187 3205 275 3263 cione
298 3204 449 3261 comitum
473 3208 503 3260 et
527 3201 668 3279 judicum
687 3204 852 3275 nobilium,
882 3200 1119 3279 juratorumque
1141 3214 1335 3260 assessorum
1358 3200 1449 3275 ipsius

187 3309 437 3382 congregacionis
469 3308 698 3384 condempnata
728 3310 885 3381 exstitere,
911 3309 1055 3383 quamvis
1086 3315 1197 3381 expost
1228 3305 1370 3381 prefatus
1400 3305 1450 3363 do·

187 3418 289 3474 minus
311 3422 416 3473 noster
437 3431 493 3473 rex
517 3415 557 3473 ad
580 3415 736 3475 dictorum
759 3417 976 3474 universorum
1005 3414 1160 3473 nobilium
1180 3413 1269 3486 regni
1293 3411 1449 3471 Sclauonie

186 3521 451 3595 supplicacionem
476 3526 641 3594 propterea
664 3539 718 3581 sue
750 3523 900 3580 maiestati
924 3528 1108 3595 porrectam,
1131 3519 1248 3579 eisdem
1272 3519 1449 3594 prescriptis

187 3624 308 3701 injustis
333 3631 362 3683 et
385 3625 549 3698 superfluis
573 3629 697 3687 tributis
720 3629 859 3701 graciam
881 3628 987 3686 iecerit
1016 3634 1047 3686 et
1077 3628 1108 3684 in
1129 3625 1270 3700 deposita
1297 3641 1364 3684 esse
1385 3641 1450 3700 per·

142 3814 147 3824 Ι
186 3731 307 3790 miserit
330 3744 365 3786 ea
389 3729 578 3800 condicione,
601 3740 636 3790 ut
659 3735 727 3807 ipsa
751 3735 867 3792 tributa
891 3733 1005 3792 amodo
1027 3739 1058 3792 et
1081 3734 1112 3792 in
1127 3738 1216 3791 antea
1232 3733 1264 3791 in
1281 3733 1448 3806 dampnum

188 3844 219 3895 et
242 3834 387 3910 injuriam
412 3849 682 3910 quorumcumque
706 3847 770 3898 tam
795 3846 1003 3899 mercatorum
1027 3855 1121 3914 quam
1148 3844 1332 3913 questurum
1354 3844 1384 3897 et
1406 3853 1449 3896 ce

187 3948 325 3999 terorum
350 3939 485 3996 cuiusvis
509 3947 606 3998 status
630 3950 659 4001 et
683 3947 873 4005 condicionis
896 3947 1057 4006 hominum
1079 3961 1143 4004 non
1165 3945 1249 4018 fiant
1273 3945 1328 4005 sed
1344 3958 1448 4004 eorum

186 4059 379 4120 possessores
403 4049 433 4100 et
455 4043 607 4104 officiales
638 4057 732 4123 atque
762 4053 1005 4111 aministratores
1028 4057 1062 4109 ut
1085 4052 1243 4110 tributarii
1263 4049 1355 4127 justis
1377 4051 1449 4109 dun-

184 4159 278 4221 taxat,
302 4150 455 4223 rectisque
478 4156 508 4208 et
532 4156 785 4216 convenientibus
809 4159 1026 4217 exaccionibus
1049 4159 1103 4224 uti.
1127 4164 1157 4216 et
1172 4158 1216 4217 eis
1232 4158 1369 4218 contenti
1384 4172 1445 4218 esse

185 4258 327 4327 debeant,
351 4256 433 4315 idem
457 4256 601 4317 dominus
622 4270 726 4321 noster
751 4281 805 4322 rex
827 4265 918 4323 nobis
941 4264 1063 4323 firmius
1087 4263 1215 4322 dederat
1238 4263 1270 4322 in
1296 4264 1447 4333 mandato,

184 4372 219 4423 ut
240 4364 417 4423 exacciones
448 4364 626 4425 huiusmodi
650 4370 842 4429 tributorum
865 4387 920 4429 seu
944 4371 1156 4430 theloniorum
1178 4383 1445 4445 quorumcumque

183 4471 338 4529 nobilium
362 4476 393 4529 et
413 4471 713 4544 possessionatorum
736 4477 900 4535 hominurn
923 4477 1015 4535 huius
1046 4477 1134 4550 regni
1164 4480 1195 4535 et
1225 4476 1257 4534 in
1288 4475 1447 4553 quibusvis

184 4577 382 4636 comitatibus
405 4583 436 4636 et
458 4578 535 4636 locis
559 4579 589 4637 in
613 4579 672 4638 hoc
694 4597 790 4654 regno
815 4582 979 4642 Sclauonie
1002 4583 1206 4642 existencium
1229 4587 1259 4641 et
1281 4583 1367 4658 exigi
1379 4581 1448 4642 soli·

182 4689 286 4742 torum
304 4684 335 4742 in
358 4685 475 4744 octavis
498 4684 568 4744 festi
590 4686 673 4745 beati
695 4687 822 4761 Georgii
846 4690 993 4761 martyris
1016 4705 1076 4748 una
1099 4703 1170 4747 cum
1187 4689 1275 4763 regni
1292 4688 1448 4750 nobilibus

183 4790 292 4849 ordine
315 4790 421 4849 debito
444 4792 580 4850 limitare
603 4798 633 4850 et
664 4793 825 4852 moderare
854 4794 1048 4854 deberemus.
1081 4797 1160 4869 ipsis
1193 4794 1302 4870 itaque
1335 4797 1449 4856 octavis

181 4898 414 4957 occurrentibus
445 4913 501 4956 nos
531 4914 591 4957 una
622 4914 693 4957 cum
724 4899 925 4959 universitate
954 4903 1111 4962 nobilium
1140 4902 1299 4964 dictorum
1322 4903 1449 4962 comitr·
