3278 5348
664 106 992 182 Mff-w·
1422 107 1461 177 u

198 321 385 394 testiumque
408 318 679 393 infrascriptorum
695 320 854 393 presencia
878 322 1091 396 personaliter,
1116 322 1324 380 exhibuerunt
1348 327 1378 379 et
1394 337 1464 394 pre·

196 432 397 484 sentaverunt
411 425 491 483 mihi
505 425 625 483 notario
642 424 783 499 predicto
799 425 951 499 quasdam
968 427 1087 486 litteras
1111 425 1274 485 reverendi
1290 427 1321 484 in
1338 425 1464 484 Christo

196 533 293 605 patris
333 538 363 589 et
395 531 523 603 domini,
560 530 679 589 domini
720 531 869 614 Johannis
900 533 950 591 dei
981 538 1012 591 et
1041 533 1211 608 apostolice
1249 532 1330 590 sedis
1361 533 1465 605 gracia

197 638 336 711 episcopi
357 638 574 710 zagrahiensis,
598 638 714 695 summi
737 639 815 697 sacri
839 639 971 697 Romani
994 639 1119 713 imperii
1142 639 1299 696 secretarii
1322 646 1352 695 et
1374 638 1464 710 regni

197 744 356 817 Hungarie
377 743 561 814 cancellarii,
586 758 749 816 processus
773 745 1015 803 sentencionales
1042 746 1100 803 sub
1125 752 1229 802 tenore
1257 743 1464 816 infrascripto,

197 855 344 924 petentes
361 856 395 907 ut
419 849 542 907 easdem
567 848 605 907 de
628 849 728 907 verbo
751 849 790 907 ad
814 851 947 907 verbum
971 851 1156 908 transummi
1179 857 1210 907 et
1229 851 1403 920 transcribi,
1428 864 1463 906 ac

196 956 226 1014 in
242 956 371 1031 publica
388 955 490 1013 forma
506 955 614 1028 redigi,
631 955 782 1029 signoque
798 961 828 1014 et
844 957 969 1014 nomine
985 957 1097 1014 nostris
1118 956 1234 1015 eisdem
1251 956 1291 1014 ad
1308 958 1464 1014 cautelam

198 1069 226 1120 et
248 1061 287 1119 ad
312 1062 441 1120 maioris
463 1062 508 1119 rei
539 1060 734 1119 evidenciam
757 1061 914 1119 traderem
946 1067 976 1119 et
1007 1063 1206 1134 assignarem,
1241 1063 1284 1119 ita
1307 1061 1461 1134 videlicet,

197 1175 229 1226 ut
244 1169 313 1243 ipso
330 1174 529 1242 transumpto
544 1184 598 1225 seu
622 1168 751 1240 publico
772 1169 954 1242 exemplari,
972 1169 1017 1226 uti
1041 1169 1187 1241 originali
1208 1184 1272 1240 suo,
1294 1169 1326 1226 in
1348 1167 1463 1244 judicio

198 1283 225 1333 et
247 1281 335 1332 extra
358 1275 457 1348 possit
492 1274 571 1332 fides
602 1275 742 1349 plenaria
776 1273 932 1345 adhiberi,
968 1273 1070 1348 quoad
1104 1276 1202 1348 ipsius
1234 1275 1352 1333 domini
1381 1274 1465 1332 Petri

198 1389 433 1454 ceterorumque
457 1379 736 1453 prebendariorum
761 1380 978 1437 exhibencium
1004 1381 1047 1438 sic
1071 1380 1109 1437 de
1133 1382 1231 1438 verbo
1254 1379 1293 1437 ad
1318 1382 1464 1451 verbum,

198 1487 291 1545 nichil
315 1485 423 1543 addito
446 1502 502 1543 nec
533 1485 694 1558 diminuto,
727 1485 811 1558 quod
844 1501 933 1543 suum
967 1486 1112 1543 immutet
1142 1501 1278 1560 sensum,
1310 1487 1464 1560 vicietque

199 1599 248 1651 aut
270 1593 372 1651 variet
399 1593 591 1650 intellectum
614 1609 669 1650 seu
692 1593 770 1650 alias
793 1593 969 1663 immutare,
993 1593 1115 1649 variare
1138 1598 1191 1649 aut
1214 1593 1329 1649 viciare
1359 1599 1464 1666 posset

199 1699 291 1757 modo
307 1698 441 1771 aliquali
462 1699 589 1756 realiter
604 1714 676 1756 cum
693 1699 812 1756 effectu.
830 1697 971 1782 Quarum
994 1697 1122 1770 quidem
1147 1699 1322 1755 litterarum
1346 1703 1464 1757 senten·

198 1800 322 1864 c'ialium
345 1820 399 1862 seu
423 1803 718 1862 adiudicatoriarum
742 1810 829 1861 tenor
852 1803 890 1860 de
913 1804 1011 1861 verbo
1035 1803 1075 1861 ad
1099 1804 1232 1861 verbum
1261 1805 1400 1876 sequitur
1432 1810 1462 1862 et

196 1919 238 1970 est
265 1911 352 1969 talis:
378 1903 469 1988 (Vide
492 1909 559 1968 doc.
583 1923 634 1984 53.
658 1925 738 1968 anno
766 1909 856 1984 1428.
879 1927 908 1984 4.
933 1901 1038 1994 Junii).
1062 1910 1096 1967 In
1112 1926 1247 1983 quorum
1263 1911 1463 1984 singulorum

195 2020 335 2077 omniurn
359 2017 454 2074 fidem
478 2022 509 2075 et
532 2017 744 2076 testimonium
768 2018 993 2090 premissorum
1017 2024 1175 2089 presentes
1209 2017 1328 2074 litteras
1363 2017 1461 2091 ipsius

192 2123 313 2183 domini
327 2124 477 2207 Johannis
492 2124 631 2197 episcopi
648 2122 826 2181 huiusmodi
846 2123 1016 2180 sentencias
1032 2124 1063 2180 in
1080 2138 1112 2180 se
1128 2123 1325 2194 continentes
1344 2123 1460 2180 eisdem

192 2230 324 2301 confeci,
361 2230 531 2304 publicavi,
563 2230 734 2303 subscripsi
765 2235 796 2287 et
825 2230 856 2287 in
887 2230 966 2287 hanc
998 2228 1134 2286 formam
1164 2229 1326 2302 publicam
1356 2229 1462 2302 redegi

185 2337 344 2411 signoque
367 2351 438 2393 meo
469 2341 617 2394 consveto
648 2336 836 2408 consignavi,
868 2335 978 2393 eodem
1010 2333 1137 2393 domino
1169 2334 1259 2392 Petro
1291 2337 1461 2409 ceterisque

186 2442 409 2518 prebendariis
432 2441 507 2499 duxi
532 2440 763 2499 concedendum
787 2441 825 2498 ad
850 2443 1011 2500 cautelam.
1035 2444 1152 2501 Datum
1176 2451 1205 2500 et
1239 2449 1342 2501 actum
1372 2458 1460 2511 anno,

182 2549 373 2618 indiccione,
389 2547 448 2619 die,
467 2563 582 2619 mense,
599 2549 684 2619 hora,
701 2547 899 2622 pontificatus
922 2557 952 2606 et
974 2550 1044 2606 loco
1068 2550 1182 2623 quibus
1205 2564 1309 2622 supra.
1334 2550 1460 2608 Presen·

184 2657 276 2715 tibus
292 2655 397 2728 itaque
413 2653 652 2713 honorabilibus
667 2660 698 2711 et
713 2654 853 2714 discretis
869 2656 953 2726 viris,
970 2655 1119 2714 dominis:
1136 2658 1285 2729 magistro
1302 2656 1458 2730 Stephano

185 2762 341 2820 canonico
379 2760 506 2818 ecclesie
540 2760 704 2833 collegiate
735 2762 832 2818 sancti
863 2760 997 2836 Spiritus
1032 2763 1220 2820 chasmensis
1252 2768 1282 2819 et
1312 2762 1461 2834 magistro

185 2867 359 2942 hospitalis
374 2866 464 2924 beate
480 2866 639 2924 Elisabeth
655 2872 686 2924 et
701 2865 866 2940 Stephano,
891 2867 957 2925 filio
980 2867 1068 2925 Pauli
1084 2868 1122 2925 de
1154 2867 1307 2938 Kemlvvlr,
1331 2868 1460 2938 Thoma,

186 2974 260 3033 filio
284 2973 380 3031 Blasii
402 2972 440 3031 de
463 2973 616 3044 Dumbro,
639 2971 799 3044 Gregorio,
824 2972 891 3030 filio
912 2973 1062 3055 Johannis
1095 2973 1132 3031 de
1157 2974 1394 3045 Megywrechye
1425 2990 1460 3031 ac

188 3082 294 3140 altero
318 3079 478 3153 Gregorio,
501 3079 569 3138 filio
594 3079 681 3137 Pauli
705 3078 743 3136 de
766 3078 883 3137 Zenche
914 3080 1034 3137 clericis
1055 3080 1272 3151 'zagrabiensis
1303 3079 1459 3150 dioecesis,

189 3188 324 3246 testibus
354 3185 528 3259 fidedignis,
551 3186 590 3243 ad
614 3185 766 3259 premissa
789 3187 906 3243 vocatis
930 3186 1107 3258 specialiter
1131 3193 1160 3243 et
1182 3187 1307 3258 rogatis.

299 3322 433 3387 Originale
451 3323 479 3372 in
497 3322 592 3381 charta,
612 3336 702 3387 parurn
720 3322 844 3374 attritum.
863 3324 894 3369 In
914 3321 1008 3371 archiv.
1030 3321 1119 3371 honor.
1141 3320 1198 3372 coll.
1218 3320 1388 3370 Praebendar.

796 3555 850 3618 55.

299 3643 380 3692 Anno
401 3655 475 3706 ¹429·

243 3770 436 3829 Communitas
458 3771 585 3828 civitatis
600 3770 753 3843 praecipit,
777 3767 914 3841 quornodo
938 3769 1031 3824 claves
1054 3768 1242 3824 inanitionem
1258 3775 1414 3824 serventur.

298 3912 333 3970 ln
354 3913 480 3970 nomine
502 3911 630 3970 domini.
656 3913 764 3969 Amen.
795 3913 884 3969 Anno
916 3911 1088 3969 nativitatis
1120 3911 1258 3968 eiusdem
1290 3912 1458 3968 millesimo

196 4018 502 4091 quadringentesimo
525 4018 676 4091 vigesimo
700 4032 789 4075 nono.
816 4017 970 4090 Tempore
1001 4015 1155 4092 judicatus
1187 4018 1247 4074 viri
1280 4016 1406 4091 providi
1429 4022 1459 4073 et

194 4124 426 4199 circumsprecti
449 4124 609 4182 Michaelis
633 4123 758 4197 pridem
782 4129 811 4181 et
834 4139 915 4180 nunc
937 4120 1048 4198 judicis
1080 4123 1213 4181 civitatis
1237 4123 1351 4179 montis
1381 4121 1458 4178 Gre-

194 4231 298 4302 oensis,
314 4245 442 4304 presens
458 4228 585 4288 katema
601 4236 647 4287 est
663 4228 743 4287 facta
767 4245 805 4286 ex
829 4230 897 4303 pari
922 4234 951 4286 et
974 4230 1112 4287 unanimi
1136 4230 1297 4287 voluntate
1320 4242 1457 4285 commu-

193 4336 296 4394 nitatis
320 4335 401 4395 dicte
423 4335 557 4394 civitatis
579 4333 667 4411 juxta
690 4336 835 4409 equalem
859 4340 890 4392 et
912 4334 1116 4408 pariformem
1141 4335 1319 4391 libertatem
1343 4333 1457 4390 civium

192 4440 289 4516 ipsius
313 4442 457 4514 civitatis,
480 4447 515 4499 ut
537 4442 579 4499 ita
604 4457 683 4499 unus
704 4441 794 4499 sicuti
818 4442 897 4498 alter
922 4442 1033 4498 debeat
1057 4440 1269 4514 parisormiter
1292 4454 1350 4513 pro
1373 4439 1457 4496 utili·

192 4554 252 4607 tate
268 4548 366 4608 tocius
382 4547 517 4607 civitatis
532 4547 670 4622 predicte
686 4547 790 4605 claves
814 4552 975 4620 portarurn
1000 4546 1138 4604 eiusdem
1172 4545 1305 4604 civitatis
1337 4560 1456 4602 conser-

1350 4644 1366 4682 it
