3278 5348
181 413 398 473 ccxxxviii
738 407 930 483 Argumenta.

1363 626 1446 683 Pagina

288 705 387 769 zagrab.
408 707 542 771 praecipit,
561 713 590 755 ut
607 719 695 755 murus
713 704 866 755 munitionis
884 703 996 753 civitatis
1020 703 1116 753 montis
1140 702 1279 752 Grecensia
1303 703 1343 753 di·

286 800 359 842 rulus
377 793 501 843 rificiatur
509 816 924 834 ·······················
927 826 930 831 -
936 815 1338 831 ·······················
1397 789 1444 853 367

200 892 260 943 299.
290 880 673 948 1111111473111111111111.
701 879 850 944 Zagrabiae.
879 878 1007 930 Homines
1033 877 1191 944 capitulares
1209 894 1225 927 a
1243 878 1343 929 civibus

289 970 499 1032 zagrabienaibus
516 971 544 1021 in
562 976 675 1021 mercatu
694 984 751 1018 esse
779 966 936 1024 vulneratos,
964 964 1155 1029 nonnullosque
1183 965 1343 1023 interiectos,

289 1057 426 1109 comitatus
444 1059 618 1122 eegrabiensis
636 1056 796 1121 exquirendo
814 1056 948 1106 constituit
966 1070 1014 1119 pro
1031 1061 1101 1103 certo
1117 1078 1338 1093 ·············
1399 1055 1446 1117 368

199 1156 256 1208 300.
287 1147 362 1196 Anno
384 1146 459 1210 1476,
482 1146 521 1197 16.
537 1147 620 1211 Junii.
639 1146 736 1197 Budae.
755 1144 878 1201 Mathias,
899 1142 1049 1206 Hungariae
1068 1149 1117 1194 etc.
1137 1158 1190 1200 rex,
1209 1141 1344 1191 comitatui

288 1234 389 1298 zagrab.
409 1235 518 1300 imperat
538 1241 565 1284 11
584 1247 791 1297 unamquamque
816 1231 1008 1282 communitatis
1033 1229 1145 1283 civitatis
1163 1230 1258 1280 montis
1278 1230 1343 1280 Gre-

288 1324 373 1375 censis
391 1324 576 1386 querimoniam
595 1323 665 1374 omni
685 1330 800 1388 tempore
819 1321 931 1386 excipiat
938 1344 1338 1360 ·······················
1398 1320 1447 1383 369

200 1423 259 1475 301.
288 1414 364 1467 Anno
397 1411 472 1475 1476,
505 1424 536 1475 14
562 1411 629 1476 Julii
654 1411 752 1464 Budae.
779 1409 903 1467 Mathias,
929 1408 1079 1473 Huugariae
1105 1415 1153 1460 etc.
1179 1423 1232 1465 rex,
1251 1407 1342 1457 abbati

289 1500 395 1551 Cisterc.
415 1500 515 1564 aagrab.
533 1500 644 1557 mandat,
664 1507 692 1548 nt
710 1499 855 1563 irruptione
874 1499 1016 1547 Torcorum
1038 1497 1189 1548 imminente
1207 1496 1343 1546 diruantur

290 1589 400 1652 tuguria,
419 1588 467 1637 sub
487 1588 642 1638 monasterio
661 1588 720 1645 sita,
740 1603 807 1650 qnae
825 1586 902 1637 facile
920 1587 1092 1636 accendantur
1098 1610 1338 1624 ··············

202 1688 259 1738 302.
291 1678 372 1725 Anno
406 1676 480 1739 1476,
513 1688 555 1727 20.
588 1677 713 1739 Augusti.
733 1675 881 1738 Zagrabiae.
913 1673 1052 1732 osvaldus,
1076 1675 1213 1740 episcopus
1232 1673 1344 1737 zagrab,

288 1764 402 1829 capitulo
420 1764 545 1822 concedit,
566 1771 594 1812 ut
606 1780 681 1814 areae
693 1763 843 1829 capitularis
858 1779 916 1829 pars
928 1770 1112 1827 sequestretur,
1129 1763 1240 1813 moeniis
1258 1761 1342 1811 obdu·

288 1860 366 1909 catur,
386 1853 510 1915 laicisque
529 1853 562 1901 ad
582 1852 724 1917 capitulum
743 1852 932 1902 defendendum
952 1853 1027 1901 detur
1045 1875 1338 1891 ················

201 1953 259 2003 303.
288 1944 363 1990 Anno
393 1941 467 2004 1476,
497 1954 538 2006 25.
568 1941 686 2004 Augusti.
712 1926 827 1992 Casmae.
861 1940 954 1990 Coram
981 1940 1096 2005 capitulo
1123 1939 1249 1989 dasmensi
1274 1954 1343 1988 com-

287 2030 398 2078 munitas
418 2030 529 2078 civitatis
542 2030 637 2078 montis
651 2030 787 2079 Gresensis
799 2029 1010 2079 intercessionem
1023 2030 1084 2078 tacit
1097 2036 1185 2077 1111111
1198 2026 1341 2092 capitulum

287 2118 397 2181 zagrab,
423 2118 493 2180 quod
518 2119 615 2166 iudicio
634 2118 745 2181 regulari
772 2118 851 2166 citato
869 2118 938 2182 apud
960 2133 1046 2182 regem
1064 2133 1121 2166 eam
1139 2118 1210 2166 necis
1228 2116 1343 2165 hominis
1368 2183 1375 2196 .

290 2207 430 2262 cuiusdam,
450 2206 563 2270 capitulo
582 2207 700 2271 subjecti,
719 2221 788 2254 ream
807 2206 868 2255 tecit
886 2229 1338 2245 ··························

201 2306 258 2355 304.
288 2295 369 2342 Anno
391 2293 465 2358 1476,
494 2294 535 2344 28.
565 2295 689 2357 Augusti.
717 2279 833 2347 Casurae.
862 2294 953 2344 Coram
981 2293 1095 2359 capitulo
1119 2292 1245 2343 casmensi
1273 2307 1343 2341 com·

287 2381 398 2429 munitas
427 2382 538 2430 civitatis
567 2389 655 2431 contra
682 2382 824 2447 capitulum
849 2383 1015 2446 zagrabiense
1042 2388 1150 2439 recusat,
1177 2380 1247 2445 quod
1272 2380 1343 2429 cives

288 2469 393 2530 quidam
412 2469 571 2519 laboratores
596 2470 704 2535 capituli
728 2472 754 2519 in
774 2472 917 2521 munitione
935 2472 1090 2521 constitutos
1108 2486 1165 2519 esse
1183 2469 1298 2534 aggressi
1317 2475 1343 2517 et

290 2556 317 2603 in
334 2571 460 2605 carcerem
479 2557 584 2607 duxisse
603 2566 743 2621 arguuntur
760 2582 1339 2599 ·································

202 2655 261 2708 305.
290 2645 371 2692 Anno
394 2645 467 2709 1476,
489 2646 529 2697 28.
549 2648 668 2710 Augusti.
688 2647 742 2696 Sub
761 2645 832 2699 Bela.
853 2648 1018 2706 Eustachius,
1038 2649 1145 2697 lratrum
1163 2646 1217 2697 ord.
1236 2644 1343 2694 Praedi-

290 2739 404 2781 catorum
417 2742 588 2791 conservator,
600 2733 719 2800 plebanis
732 2736 833 2799 zagrab.
848 2735 960 2794 mandat,
973 2743 1001 2785 ut
1014 2734 1123 2785 Paulum
1135 2733 1343 2782 archidiaconum

288 2828 392 2884 propter
410 2822 529 2885 injuriam
548 2823 632 2871 ordini
652 2824 861 2872 Praedicatorum
880 2823 979 2873 iliatam
997 2825 1024 2873 in
1043 2825 1083 2886 ius
1102 2830 1194 2872 vocent
1201 2846 1334 2861 ········

203 2907 258 2969 306v
289 2910 368 2958 Anno
391 2922 464 2974 1477,
486 2922 509 2974 7.
526 2912 609 2974 Junii.
635 2912 732 2963 Budae.
761 2913 788 2960 A
808 2912 918 2969 Mathia,
939 2913 1089 2976 Hungariae
1108 2918 1155 2962 etc.
1175 2927 1243 2974 rege,
1263 2909 1342 2975 privi-

288 2995 393 3059 legium,
412 3013 464 3061 quo
491 2999 663 3056 constituitur,
690 2999 717 3047 in
736 3000 809 3062 cujus
825 2997 952 3063 judicium
971 3001 1040 3048 cives
1059 2998 1237 3064 zagrablenses
1255 2997 1342 3047 vocari

288 3085 322 3132 sit
341 3085 387 3142 ias,
406 3086 550 3135 identidem
568 3086 733 3136 confirmatur
740 3113 1335 3127 ··································

203 3182 262 3233 307.
290 3173 374 3220 Anno
399 3185 473 3238 1477,
502 3176 540 3224 18.
575 3176 690 3238 Augusti
735 3175 880 3238 Zagrabine.
910 3175 1039 3225 Statutum
1058 3175 1090 3223 de
1109 3175 1209 3225 civibus
1226 3176 1252 3224 in
1281 3191 1341 3225 area

287 3261 425 3325 capitulari
461 3262 577 3311 locandis
614 3287 1335 3303 ·········································

202 3348 260 3408 308.
289 3349 370 3399 Anno
393 3362 466 3414 1477,
490 3363 528 3412 19.
550 3350 695 3399 novembris
723 3351 819 3401 Budae.
834 3352 860 3399 Α
875 3350 1008 3414 Stephano
1019 3351 1125 3409 Bathor,
1142 3352 1229 3416 judice
1248 3352 1341 3410 curiae,

288 3439 460 3494 constituitur,
480 3445 507 3487 ut
527 3455 541 3487 a
561 3440 742 3487 communitate
756 3439 867 3488 civitatis
880 3440 1056 3503 possessiones
1074 3439 1182 3505 capituli
1201 3439 1340 3504 Kobiljak,

289 3526 389 3590 Sviblje
416 3535 465 3577 etc.
493 3542 539 3591 per
566 3528 685 3591 injuriam
705 3543 757 3576 non
775 3543 832 3576 esse
857 3536 995 3593 occupatas
1013 3529 1091 3578 iudex
1110 3535 1135 3579 el
1153 3529 1343 3592 quinquaginta

288 3613 356 3661 cives
373 3614 540 3678 jurejurando
557 3614 719 3677 obstringant
741 3640 1337 3657 ··································
1398 3616 1448 3679 382

202 3712 251 3762 309
289 3703 369 3750 Anno
392 3703 466 3765 1478,
487 3714 509 3753 2.
528 3703 644 3767 januarii.
661 3703 807 3766 Zagrabiae.
822 3703 962 3756 Libertatis
976 3704 1138 3768 privilegium
1159 3705 1232 3753 novis
1251 3703 1339 3769 hospi·

289 3789 357 3837 tibus
375 3790 402 3838 in
421 3806 480 3838 area
508 3790 644 3854 capitulari
670 3792 856 3854 congregandis
883 3793 1031 3856 acapitulo
1050 3793 1151 3855 aagrab.
1171 3792 1294 3842 tribuitur
1311 3819 1335 3831 ··
1395 3793 1444 3857 385

202 3889 260 3938 310.
288 3879 364 3926 Anno
386 3879 460 3941 1478,
481 3878 521 3929 26.
539 3879 657 3942 januarii.
678 3864 793 3931 Cosmus.
809 3880 956 3944 Capitulum
976 3880 1108 3931 dusmense
1127 3881 1229 3930 nuntiat
1254 3895 1341 3930 coram

289 3980 316 4013 se
336 3965 488 4022 8111111111,
506 3967 619 4030 judicem
639 3967 757 4024 civitatis,
770 3976 796 4016 et
809 3969 996 4032 quinquaginta
1014 3971 1083 4019 cives
1100 3970 1226 4034 juravisse
1244 3984 1340 4018 acom-

288 4055 412 4103 munitnte
431 4056 543 4105 civitatis
557 4056 732 4119 possessiones
751 4057 857 4120 capituli
871 4059 1048 4121 perinjurium
1061 4074 1113 4108 non
1126 4074 1182 4107 esse
1195 4066 1340 4123 occupatas.

201 4155 258 4204 311.
289 4144 369 4192 Anno
392 4146 465 4207 1478,
489 4158 528 4208 17.
554 4145 684 4196 februarii.
710 4146 858 4207 Zagrabiae.
883 4146 1013 4196 Statutum
1039 4148 1072 4195 de
1090 4148 1210 4196 domibus
1228 4147 1256 4198 iu
1274 4148 1339 4205 vico,

287 4247 363 4294 quem
395 4233 536 4298 capitulum
567 4249 647 4298 nuper
678 4234 805 4282 concessit
836 4234 869 4282 ad
899 4234 1076 4293 habitandum,
1109 4251 1155 4300 per
1185 4234 1340 4360 capitulares

287 4319 453 4371 aedificandis
472 4347 1334 4363 ···············································

200 4409 257 4471 3'12.
286 4409 367 4458 Anno
389 4411 462 4472 1478,
483 4422 524 4472 23.
543 4410 640 4475 aprilis,
660 4411 756 4463 Budae.
776 4411 898 4473 Mathias,
918 4413 1071 4474 Hungariae
1088 4418 1129 4461 etc
1150 4428 1202 4469 rex,
1217 4353 1339 4462 ladislao
1372 4470 1375 4473 ¹

289 4497 322 4545 de
341 4499 480 4560 Egerwara
507 4499 618 4555 mandat,
647 4505 676 4548 ut
693 4515 777 4558 causa,
809 4515 875 4563 quae
895 4501 948 4564 jam
967 4501 1064 4551 dudum
1082 4502 1167 4565 agitur
1184 4502 1251 4550 inter
1270 4515 1338 4551 com-

287 4587 438 4636 munitatem
456 4587 568 4636 civitatis
586 4594 611 4636 et
630 4583 778 4652 capitulum,
797 4589 830 4637 ad
849 4588 925 4638 linem
945 4589 1098 4655 perducatur
1132 4615 1333 4629 ············
1393 4600 1444 4652 392

201 4687 259 4737 313.
288 4677 363 4723 Anno
385 4675 460 4738 1478,
484 4685 522 4740 15.
539 4675 621 4740 Junii.
641 4676 738 4727 Budae.
760 4677 881 4734 Muthias,
907 4678 1058 4741 Hungariae
1076 4686 1124 4729 etc.
1146 4694 1199 4735 rer,
1217 4677 1338 4727 omnibus

287 4769 400 4810 taxarum
428 4762 586 4811 dicatoribus
613 4769 638 4813 et
669 4763 889 4813 contributionum
917 4766 1078 4816 exactoribus
1106 4765 1246 4823 interdicit,
1271 4780 1305 4815 ne
1321 4781 1338 4813 a

285 4851 405 4900 iratribus
423 4848 522 4901 ordinis
540 4851 747 4903 Praedicatorum
765 4852 889 4903 tributum
907 4855 1024 4920 erigant·
1052 4879 1329 4895 ················
1390 4864 1443 4919 393
