3278 5348
298 799 379 848 Anuo
401 796 475 860 1469,
496 808 520 858 3.
539 793 660 845 octobris.
680 789 827 855 Zagrabiae.

196 925 360 999 Capitulum
390 922 575 996 zugtabr'ense
605 936 667 976 curn
698 920 897 975 communitate
926 915 1004 975 civit
1038 915 1141 973 montis
1178 914 1334 974 Grecensis
1356 916 1448 991 ignotr‘s

618 1027 736 1102 mjurir's
751 1032 854 1099 pacem
876 1024 1023 1098 componit.

299 1191 362 1248 Nos
386 1190 559 1264 capitulum
582 1189 711 1247 ecclesie
734 1187 950 1260 zagrabiensis.
975 1185 1181 1244 Notificamus
1205 1190 1313 1245 tenore
1337 1203 1452 1261 presen-

192 1299 275 1355 cium
291 1296 506 1369 significantes,
531 1295 645 1368 quibus
661 1293 787 1367 expedit
810 1294 975 1350 universis:
1000 1291 1084 1364 quod
1107 1307 1146 1349 ne
1168 1308 1276 1350 rerum
1300 1301 1453 1366 gestarum

192 1404 289 1461 series
318 1409 447 1476 propter
476 1401 706 1459 fluxibilitatem
730 1399 837 1457 dietim
862 1399 995 1456 labentis
1018 1399 1170 1472 temporis
1193 1399 1329 1471 posteris
1358 1401 1454 1458 veniat

191 1511 222 1567 in
245 1509 447 1579 oblivionem,
471 1515 523 1565 aut
539 1506 622 1581 quod
640 1505 794 1564 interdum
812 1506 951 1562 maxima
974 1504 1166 1576 agendarum
1188 1520 1298 1563 rerum
1321 1506 1453 1580 exposcit

193 1615 365 1685 necessitas,
389 1615 537 1672 varietate
560 1612 818 1684 redarguencium
841 1611 1026 1684 inculpetur,
1051 1610 1173 1668 racione
1197 1609 1334 1669 dictante
1357 1610 1453 1669 decre

191 1722 294 1778 vimus
325 1736 360 1778 ea
392 1720 565 1778 litterarum
590 1717 766 1776 testimonio
789 1717 820 1774 in
844 1717 1039 1790 presencium
1062 1719 1093 1773 et
1115 1715 1304 1787 futurorum,
1326 1731 1454 1790 quorum

194 1826 329 1898 interest,
359 1826 505 1883 noticiam
536 1824 694 1881 devenire:
726 1821 884 1895 quomodo
908 1823 1048 1892 sabbat0,
1079 1821 1215 1880 secundo
1238 1822 1387 1882 videlicet
1410 1823 1454 1882 die

193 1932 262 1990 festi
287 1933 369 1989 beati
392 1930 552 1989 Michaelis
575 1929 762 2001 archangeli,
786 1927 874 1985 tarda
896 1927 960 2004 jam
977 1929 1051 1985 satis
1072 1928 1148 1986 hora
1172 1929 1272 1986 noctis
1296 1937 1327 1987 et
1344 1930 1455 1989 cunctis

195 2054 274 2112 pene
291 2037 519 2111 quiescentibus
535 2041 565 2093 et
588 2036 750 2108 soporatis,
773 2033 851 2091 adeo
875 2035 1049 2091 maximum
1069 2048 1229 2092 rumorem
1245 2041 1275 2093 et
1292 2036 1452 2110 strepitum

194 2144 421 2202 miserabilium
450 2157 654 2216 personarum
685 2142 831 2199 seviciam
864 2139 1058 2214 perfidorum
1089 2137 1290 2199 Thurkorum
1321 2141 1454 2216 undique

197 2249 385 2322 fugiencium
410 2255 439 2306 et
463 2249 619 2306 timorosis
643 2247 773 2304 vocibus
803 2246 1066 2320 perstrepencium
1090 2247 1311 2319 persensimus,
1335 2255 1367 2306 et
1390 2264 1454 2323 pre

190 2357 298 2414 sertim
321 2354 531 2428 quorumdam
553 2369 592 2412 ex
614 2353 676 2410 alia
700 2358 786 2426 parte
809 2351 895 2409 fluvii
916 2351 1016 2421 Zawe,
1039 2353 1127 2409 cuius
1149 2367 1231 2425 aqua
1254 2352 1322 2412 illis
1347 2354 1453 2413 diebus

191 2463 327 2519 multum
353 2461 533 2519 decreverat
556 2466 585 2517 et
615 2461 768 2516 minorata
791 2458 891 2516 iuerat
914 2458 1161 2530 adventancium,
1185 2461 1241 2532 qui
1263 2463 1451 2533 parentibus,

191 2568 382 2639 coniugibus,
412 2567 555 2640 prolibus
586 2572 616 2622 et
646 2565 792 2622 omnibus
823 2566 912 2621 bonis
935 2579 1044 2622 eorum
1067 2566 1188 2623 amissis
1210 2571 1242 2624 et
1264 2567 1450 2627 habitaculis

193 2687 303 2732 eorum
329 2690 385 2746 per
408 2672 532 2732 eosdem
558 2671 675 2728 Turccs
698 2671 900 2728 concrematis
929 2671 1074 2729 semivivi
1091 2671 1299 2744 auffugerant,
1321 2673 1453 2749 idipsum

191 2779 405 2849 vociferantes,
432 2777 515 2851 quod
547 2779 609 2834 iam
642 2778 779 2834 maxima
810 2776 979 2834 multitudo
1009 2776 1188 2835 Turkorum
1224 2784 1255 2837 et
1285 2782 1452 2839 notabilior

189 2901 262 2959 pars
285 2887 436 2943 exercitus
459 2898 566 2941 eorum
590 2884 715 2940 alveum
733 2882 922 2940 fluviiZawe
937 2898 994 2956 per
1017 2884 1197 2956 proximum
1213 2885 1306 2944 nobis
1330 2892 1452 2960 portum

189 2991 432 3060 transvadasset;
456 2991 530 3048 visis
553 2991 650 3047 eciam
674 2997 784 3047 eotunc
800 2989 1001 3047 validissimis
1025 2995 1056 3047 et
1079 2983 1297 3064 multiplicatis
1322 2994 1452 3052 accensis

187 3099 320 3170 ignibus,
355 3113 488 3170 quorum
520 3096 644 3153 tlamme
679 3097 878 3153 vehementer
909 3097 940 3153 in
974 3095 1171 3154 altitudinem
1206 3097 1299 3155 aieris
1323 3100 1450 3170 elevate,

186 3211 336 3260 terrorem
361 3204 533 3260 maximum
556 3203 646 3258 nobis
669 3208 699 3258 et
715 3202 861 3258 omnibus
877 3202 1066 3258 intuentibus
1089 3202 1253 3260 horrorem
1276 3206 1450 3262 maximum

186 3317 216 3366 et
240 3309 333 3366 finale
355 3308 509 3365 excidium
535 3309 741 3378 minabantur,
765 3322 899 3380 quorum
923 3306 1134 3365 formidabilis
1157 3315 1268 3381 metus,
1292 3310 1448 3384 timorque

188 3421 218 3472 et
242 3422 358 3471 tremor
381 3411 459 3469 adeo
489 3428 544 3471 nos
575 3414 721 3471 attonitos
752 3413 896 3484 reddidit,
929 3419 962 3470 ut
985 3412 1060 3486 quid
1084 3429 1186 3486 agere,
1209 3429 1315 3486 quove
1341 3416 1450 3476 diverti

188 3521 372 3577 deberemus
404 3535 532 3591 prorsus
563 3522 760 3590 nesciremus,
793 3521 945 3594 nobisque
976 3522 1114 3578 intanto
1138 3519 1319 3580 discrimine
1343 3525 1449 3583 consti·

188 3627 262 3682 tutis
287 3627 378 3697 periit
402 3640 493 3682 omne
518 3628 681 3684 consilium
706 3628 838 3698 anobis,
854 3643 909 3684 nec
932 3627 1018 3684 aliud
1042 3628 1179 3684 restabat
1202 3629 1379 3703 consilium,
1396 3630 1450 3688 nisi

187 3730 270 3803 quod
295 3731 514 3803 unusquisque,
539 3732 654 3788 relictis
677 3734 822 3790 omnibus
845 3734 943 3804 bonis,
966 3733 1069 3791 solum
1089 3733 1128 3791 de
1162 3734 1291 3807 proprie
1322 3750 1449 3810 persone

186 3837 362 3894 salvacione
393 3844 472 3892 esset
495 3836 641 3894 solicitus
673 3837 803 3909 Talique
827 3840 886 3895 sub
910 3844 1030 3908 eventu,
1055 3837 1233 3897 tardissima
1256 3841 1335 3899 hora
1355 3844 1450 3902 noctis

186 3958 246 4000 non
270 3943 408 3999 valentes
440 3957 598 4015 quoquam
622 3943 744 4015 longius
768 3945 935 4015 auffugcre,
967 3944 1141 4002 inevitabili
1164 3948 1345 4007 necessitate
1368 3955 1449 4007 metu

186 4050 295 4105 mortis
319 4049 518 4121 pertingente,
543 4050 572 4106 in
587 4051 744 4106 civitatem
758 4051 848 4107 nobis
864 4050 1041 4123 proximam
1065 4052 1179 4108 montis
1202 4051 1366 4112 Grecensis
1381 4071 1449 4114 con·

186 4151 293 4224 fugere
309 4154 463 4227 compulsi
480 4171 602 4224 sumus;
620 4171 753 4228 quorum
778 4157 861 4212 cives
878 4164 907 4213 et
930 4157 1039 4229 incole,
1063 4159 1208 4230 quamvis
1231 4159 1310 4227 alias
1327 4169 1448 4220 mutuas

185 4260 387 4330 inimicicias,
423 4260 617 4318 differencias
652 4269 682 4318 et
715 4260 918 4319 dissensiones
960 4264 1123 4320 nobiscum
1157 4264 1358 4338 habuissent,
1395 4280 1449 4325 uos

185 4372 288 4424 tamen
311 4374 422 4424 eotunc
445 4368 561 4439 apertis
584 4374 613 4423 et
636 4368 780 4424 reseratis
805 4370 902 4440 portis
927 4368 1064 4427 eiusdem
1087 4369 1221 4427 civitatis
1243 4371 1318 4428 satis
1342 4373 1449 4431 huma·

184 4474 264 4531 niter
287 4482 497 4545 susceperunt,
522 4471 693 4545 domosque
717 4489 824 4531 eorum
850 4484 878 4531 et
902 4475 1041 4547 hospicia
1064 4476 1155 4532 nobis
1178 4479 1209 4532 et
1232 4479 1348 4535 nostris
1371 4480 1446 4538 hila·

182 4580 258 4637 riter
281 4580 465 4637 tribuerunt.
489 4578 593 4652 anue
617 4586 768 4637 transacta
791 4589 888 4651 nocte,
912 4587 942 4638 et
964 4580 1014 4638 die
1037 4581 1178 4654 sequenti
1200 4581 1357 4642 dominica
1378 4586 1449 4644 illu·

184 4693 351 4754 scencente‚
375 4700 436 4742 non
460 4685 590 4744 minoris
614 4688 740 4759 pavoris
764 4695 792 4744 et
824 4689 959 4758 terroris,
983 4689 1081 4745 immo
1110 4690 1212 4746 multo
1234 4689 1372 4764 maioris,
1395 4694 1450 4752 ho·

182 4792 281 4848 mines
305 4790 470 4850 tormidine
495 4793 637 4867 perculsi,
653 4794 772 4851 Turcos
796 4795 1065 4852 vehementissime
1087 4795 1179 4852 nobis
1201 4797 1449 4872 apropinquasse

182 4897 389 4955 affirmabant.
414 4898 461 4954 Ad
494 4913 628 4970 quorum
653 4900 834 4956 timorosum
858 4901 1114 4958 tumultacionem
1145 4901 1251 4974 nimio,
1283 4903 1448 4966 vehemen-
