3278 5348
181 657 233 700 seu
258 640 360 713 platee
383 638 414 695 in
436 638 594 710 presencia
609 634 721 712 judicis
743 635 882 707 aliquem
904 632 1117 690 vulneraverit
1139 631 1181 689 ad
1197 631 1373 705 periculum
1394 631 1441 688 ali·

181 747 267 805 cuius
290 744 338 803 sui
362 743 497 800 membri
530 740 722 816 principalis,
746 754 783 798 eo
806 740 875 813 ipso
898 737 938 795 ad
968 736 1155 796 solvendum
1179 737 1347 795 vulnerato
1376 735 1442 793 duo

181 852 280 910 decim
305 849 438 908 ssorenos
461 847 528 906 auri
553 852 583 905 et
606 845 801 904 tantumdem
824 843 920 921 judici
943 845 1110 916 obligetur,
1134 843 1308 917 statimque
1330 858 1385 917 per
1402 839 1442 917 ju·

182 959 281 1017 dicem
316 971 408 1014 suum
444 953 617 1012 detineatur
653 953 785 1025 egregie,
810 951 907 1009 donec
941 950 1045 1008 solvat
1079 951 1270 1023 premissam
1306 949 1441 1024 peccunie

182 1063 395 1139 quantitatem,
418 1061 470 1117 vel
504 1059 543 1117 de
565 1059 633 1133 ipsa
655 1057 806 1117 solvenda
829 1056 909 1116 infra
933 1055 1110 1130 quindecim
1141 1055 1208 1114 dies
1232 1062 1347 1114 extunc
1368 1071 1444 1113 secu·

182 1171 305 1229 ritatem
329 1168 474 1224 exhibeat
498 1171 733 1240 competentem.
758 1164 821 1238 Qui
844 1164 967 1222 veroin
990 1163 1134 1220 absencia
1156 1159 1272 1237 judicis
1297 1162 1360 1219 tale
1375 1159 1442 1235 quid

182 1274 372 1334 commiserit
394 1273 500 1331 eadem
527 1287 606 1345 pena
629 1272 660 1330 in
684 1271 773 1329 bonis
797 1271 951 1344 punietur,
984 1268 1156 1327 dummodo
1188 1284 1246 1343 per
1271 1275 1364 1327 testes
1385 1267 1442 1325 ido

182 1396 255 1439 neos
278 1380 330 1438 vel
346 1380 423 1436 alias
445 1377 524 1453 juste
548 1383 578 1436 et
601 1378 832 1437 racionabiliter
863 1378 1072 1435 convincatur.
1103 1373 1165 1434 Sed
1199 1376 1226 1433 si
1258 1377 1331 1449 quis
1360 1375 1443 1432 alteri

182 1487 354 1558 cuicunque
376 1485 502 1558 alapam
534 1484 662 1553 dederit,
683 1500 738 1541 seu
761 1499 856 1556 quem
879 1482 1076 1557 percusserit,
1099 1481 1317 1540 vulneraverit
1339 1482 1389 1539 rel
1409 1479 1442 1537 si·

183 1593 258 1650 mile
281 1590 355 1665 quid
381 1590 485 1649 iecerii
508 1591 627 1663 absque
651 1590 791 1662 periculo
815 1590 862 1646 sui
885 1588 1020 1646 membri
1043 1587 1235 1660 principalis,
1259 1593 1291 1645 et
1314 1588 1442 1646 hocsire

182 1699 214 1756 in
238 1698 396 1771 presencia
427 1695 538 1771 judicis
561 1696 627 1753 sive
651 1697 682 1754 in
712 1695 865 1765 absencia,
889 1692 1070 1763 dummodo,
1093 1698 1127 1750 ut
1151 1692 1334 1766 predicitur,
1363 1693 1442 1766 legit·

184 1805 257 1861 time
281 1803 373 1861 fuerit
389 1803 579 1872 convinctus,
603 1816 639 1859 eo
652 1803 720 1875 ipso
739 1801 778 1858 ad
795 1799 981 1858 solvendum
998 1813 1089 1874 passo
1111 1797 1259 1874 iujuriam
1277 1800 1442 1859 cicatricem

183 1915 237 1967 aut
260 1910 382 1979 vulnus,
399 1909 425 1967 si
442 1916 487 1966 est
504 1909 584 1966 bone
599 1908 690 1980 fame,
707 1909 843 1980 quinque
860 1906 984 1964 llorenis
999 1907 1066 1965 auri
1083 1913 1111 1964 et
1136 1906 1334 1965 tantumdem
1357 1905 1443 1983 judici

183 2015 349 2087 obligetur,
367 2015 444 2072 alias
469 2019 573 2072 tamen
596 2015 704 2071 inuno
728 2013 845 2071 floreno
861 2012 1040 2071 adversario
1064 2018 1094 2070 et
1117 2013 1149 2070 in
1170 2013 1236 2070 alio
1258 2012 1355 2088 judici
1371 2021 1443 2072 tene·

182 2127 260 2179 atur.
285 2121 382 2178 Casus
406 2128 511 2178 autem
534 2121 589 2179 alii
613 2120 651 2177 de
686 2121 791 2178 verbis
825 2119 1056 2178 contumeliosis
1085 2124 1115 2176 et
1139 2120 1341 2192 vituperiosis
1363 2119 1442 2177 redu·

184 2234 292 2285 cantur
315 2226 354 2284 ad
380 2226 518 2284 medium
553 2228 779 2300 premissorum
811 2226 1060 2284 consideracione
1089 2225 1197 2283 habita
1222 2225 1373 2300 diligenti
1394 2227 1443 2284 ubi

183 2334 223 2391 sit
246 2333 406 2391 distinctio
438 2333 476 2391 de
509 2334 666 2406 presencia
690 2339 720 2391 et
743 2334 886 2390 absencia
912 2331 1024 2407 judicis
1047 2340 1076 2390 et
1100 2346 1233 2406 persone
1255 2333 1341 2392 bone
1362 2333 1443 2393 farne.

184 2440 294 2497 Cetera
318 2441 439 2496 minora
463 2439 529 2496 sive
546 2440 665 2497 leviora
680 2437 845 2513 judicantis
868 2438 998 2497 arbitrio
1021 2437 1245 2511 relinquantur.
1268 2440 1339 2499 Hoc
1353 2441 1443 2498 eciam

183 2546 366 2617 addicimus,
391 2545 473 2618 quod
505 2547 615 2605 citatus
650 2546 839 2620 quicumque
873 2560 932 2620 pro
955 2545 1057 2618 prima
1080 2546 1148 2603 vice
1177 2560 1240 2604 non
1268 2562 1444 2622 comparens

183 2653 215 2710 in
239 2652 372 2709 denariis
396 2658 466 2710 octo
490 2658 613 2710 monete
634 2657 706 2710 tunc
730 2652 889 2722 currentis,
921 2665 978 2725 pro
1001 2651 1136 2710 secunda
1161 2652 1230 2710 vice
1253 2653 1286 2711 in
1319 2653 1444 2713 denariis

184 2758 349 2816 duodecim
373 2764 402 2815 et
431 2773 489 2831 pro
526 2757 620 2815 tercia
655 2760 722 2816 vice
759 2759 789 2817 in
824 2758 935 2830 viginti
968 2758 1127 2817 solvendis
1160 2755 1259 2835 judici
1295 2761 1444 2833 obligetur

183 2863 265 2921 inira
289 2869 358 2920 octo
383 2862 458 2933 dies,
490 2878 614 2936 semper
637 2878 654 2920 a
678 2863 727 2922 die
752 2879 811 2937 qua
836 2879 1016 2938 comparere
1039 2864 1197 2936 debuerat
1221 2866 1248 2924 si
1270 2881 1361 2925 suam
1381 2881 1445 2923 con·

184 2970 351 3026 tumaciam
379 2969 444 3026 sive
468 2969 646 3026 absenciam
672 2971 902 3029 racionabiliter
925 2985 987 3028 non
1010 2972 1125 3045 poterit
1148 2987 1298 3031 excusare
1321 2971 1445 3046 Quando

183 3080 287 3132 autem
311 3090 349 3133 ex
381 3090 472 3132 causa
496 3075 601 3148 aliqua
626 3076 808 3135 citacionem
833 3091 926 3135 unam
959 3093 1016 3150 pro
1040 3077 1120 3135 trina
1144 3080 1360 3152 peremptoria
1381 3093 1446 3137 con·

183 3181 287 3252 tigerit
318 3181 464 3251 emereri,
496 3190 568 3239 tunc
600 3181 843 3256 condempuacio
873 3198 942 3240 earn
973 3189 1128 3257 sequatur,
1163 3199 1199 3243 ac
1222 3186 1249 3242 si
1272 3193 1321 3244 ter
1345 3185 1446 3245 fuisset

184 3287 297 3359 aliquis
330 3287 448 3345 citatus.
474 3288 506 3344 ln
542 3289 651 3345 ceteris
680 3303 755 3346 vero
776 3286 975 3362 judicialibus
1005 3289 1202 3364 processibus
1219 3291 1251 3348 iu
1273 3291 1447 3350 huiusmodi

184 3393 520 3466 condempuacionibus
544 3401 685 3451 serretur
699 3394 775 3467 quid
790 3393 866 3469 juris
883 3404 929 3452 est
945 3395 995 3453 vel
1020 3396 1251 3456 consuetudinis
1268 3400 1447 3473 approbate

184 3500 251 3556 lloc
267 3500 364 3556 eciam
381 3498 587 3570 adiungimus,
604 3500 688 3572 quod
704 3500 828 3573 quando
844 3500 957 3574 aliquis
973 3502 1188 3575 predictorum
1203 3502 1446 3564 inhabitatorum

184 3621 243 3678 pro
268 3603 373 3663 debito
397 3611 451 3661 aut
473 3605 534 3661 alia
558 3621 754 3680 quacumque
778 3615 936 3677 causant
959 3609 1149 3681 premissum
1173 3614 1228 3679 est,
1252 3608 1350 3669 fuerit
1379 3626 1447 3669 cou-

184 3710 369 3781 dempnatus
403 3708 441 3766 ad
473 3711 668 3780 solvendum,
699 3728 761 3770 non
792 3714 888 3785 possit
911 3712 990 3772 intra
1014 3715 1183 3773 terminum
1206 3714 1247 3772 ad
1270 3715 1331 3776 hoc
1354 3716 1449 3790 depu-

184 3824 283 3874 tatum
308 3814 531 3887 quoquomodo
555 3818 585 3873 in
610 3819 701 3876 bonis
726 3820 777 3877 vel
802 3821 834 3878 in
857 3835 990 3894 persona
1020 3821 1174 3894 impediri,
1198 3821 1259 3880 nisi
1281 3827 1362 3880 esset
1387 3837 1451 3881 sus·

185 3929 293 3995 pectus
318 3919 356 3976 de
380 3918 462 3990 fuga,
487 3936 548 3991 quo
567 3938 637 3980 casu
656 3928 801 3984 caucione
818 3928 954 3998 prestita,
971 3942 1070 4000 usque
1092 3926 1132 3983 ad
1155 3928 1326 3986 terminum
1348 3928 1450 3987 huius·

183 4025 270 4085 modi
294 4026 351 4082 erit
383 4040 523 4094 securus;
548 4031 680 4087 termino
703 4038 805 4089 autem
831 4033 946 4105 elapso,
972 4034 1013 4090 ita
1037 4032 1148 4092 deinde
1171 4034 1202 4091 in
1226 4048 1361 4107 persona
1382 4035 1451 4109 capi

183 4131 298 4205 poterit
322 4130 348 4188 si
373 4131 507 4188 mobilia
531 4135 581 4189 vel
600 4135 777 4197 immobilia
793 4139 904 4196 saltem
929 4146 1012 4197 tanta
1035 4155 1097 4198 non
1113 4139 1266 4210 habuerit,
1280 4139 1453 4217 dequibus

183 4236 324 4295 debitum
348 4247 400 4293 aut
424 4241 682 4319 penam-*solvere
707 4250 827 4316 posset;
844 4243 938 4319 judex
962 4254 1066 4303 autem
1089 4246 1115 4303 si
1128 4246 1319 4304 contrarium
1337 4245 1451 4318 fecerit,

182 4343 214 4401 in
238 4343 295 4400 hoc
319 4360 389 4401 casu
415 4345 446 4401 in
478 4345 551 4402 vivo
576 4347 722 4420 homagio
754 4352 798 4408 sic
822 4352 957 4421 detento,
979 4367 1016 4409 eo
1039 4351 1121 4411 facto
1143 4353 1184 4410 sit
1215 4351 1386 4426 obligatus.
1411 4353 1453 4412 Ut
1484 4395 1489 4404 .

182 4456 286 4508 autem
310 4451 370 4522 ipsi
393 4451 530 4524 hospites
547 4455 643 4510 nostri
669 4470 726 4525 pro
743 4458 834 4514 tantis
852 4456 1010 4515 beneficiis
1034 4458 1147 4516 nostris
1169 4457 1262 4517 nobis
1284 4472 1321 4516 ac
1339 4459 1453 4519 nostris

181 4558 409 4615 successoribus
442 4574 565 4632 semper
589 4561 669 4630 grati
700 4563 840 4633 existant,
873 4564 1019 4622 volumus
1043 4565 1126 4638 quod
1150 4579 1207 4624 nos
1230 4570 1454 4641 recognoscant

181 4676 240 4736 pro
263 4664 326 4722 suis
358 4665 492 4725 dominis
516 4667 711 4724 naturalibus
734 4676 763 4726 et
787 4670 934 4742 graciosis
958 4678 988 4728 et
1010 4671 1286 4731 nobis·teneantur
1309 4671 1454 4733 assistere

180 4785 305 4844 semper
329 4772 359 4830 iu
391 4772 500 4843 vigilia
534 4775 738 4845 etleustodia
773 4777 906 4834 civitatis
942 4784 1046 4836 nostre
1079 4779 1233 4851 presentis
1267 4781 1298 4835 et
1332 4762 1484 4841 maliis

180 4876 307 4948 agendis
341 4878 469 4937 ecclesie
503 4885 608 4938 nostre
639 4896 708 4939 cum
741 4883 841 4940 solida
872 4883 1023 4943 fidelitate
1047 4898 1154 4944 omnes
1177 4892 1208 4944 et
1237 4885 1359 4959 singuli
1380 4902 1455 4951 cum
