3278 5348
612 447 687 509 Doc.
704 460 777 525 355.
801 483 844 492 -
868 452 923 509 Aa.
948 464 1038 529 1490.
1387 475 1448 535 477

183 665 310 726 fundate
333 671 364 726 et
386 666 505 725 domini
520 668 635 726 Mathie
654 667 779 742 plebani
803 667 841 725 de
855 668 1088 742 Cranosnopole
1111 675 1289 729 nostrorum
1306 673 1450 733 similiter

182 775 359 832 concivium
382 774 423 831 ab
439 773 582 832 orientali
605 783 702 848 parte,
724 788 842 832 necnon
859 774 938 832 inter
962 773 1038 832 duas
1062 776 1127 834 vias
1152 791 1340 850 communes,
1357 795 1450 839 unam

182 894 200 937 a
231 880 428 940 meridionali
458 886 489 939 et
519 881 614 939 aliam
645 895 662 938 a
691 881 937 953 septemtrionali
961 881 1102 954 partibus
1127 882 1201 939 sitas
1224 888 1254 940 et
1276 884 1450 958 existentes,

183 985 323 1044 habitam
360 993 390 1044 et
419 987 574 1057 situatam,
610 985 768 1057 tredecim,
805 993 838 1043 ut
871 986 992 1057 dicitur,
1016 986 1114 1045 dietas
1139 995 1219 1046 terre
1243 989 1274 1047 in
1297 1006 1329 1048 se
1353 993 1449 1051 conti·

182 1097 315 1163 nentem,
348 1093 449 1166 ipsam
480 1091 626 1152 videlicet
658 1091 818 1150 dominam
849 1093 1041 1153 Dorotheam
1074 1095 1187 1168 partim
1222 1104 1450 1170 postmortem

182 1197 298 1271 prefati
328 1198 461 1257 condam
496 1199 611 1257 Mathie
641 1199 769 1259 sartoris
800 1199 904 1257 mariti
937 1200 983 1257 sui
1015 1199 1167 1272 legittime
1188 1198 1256 1275 jure
1279 1205 1450 1264 sucessorio

182 1311 425 1376 concernentem,
440 1309 554 1379 partim
571 1310 684 1375 autem,
702 1319 764 1378 quo
787 1304 826 1362 ad
850 1305 945 1363 aliam
963 1305 1159 1363 medietatem
1185 1322 1202 1364 a
1227 1307 1295 1366 viro
1318 1309 1450 1368 condam

182 1409 316 1483 provido
333 1418 363 1468 et
386 1411 514 1470 honesto
537 1410 662 1470 Andrea
678 1412 798 1469 seniore
814 1409 916 1486 jurato
938 1417 967 1469 et
991 1412 1117 1470 concive
1141 1419 1248 1471 nostro
1270 1421 1358 1487 patre
1375 1432 1450 1474 vero

182 1514 281 1588 ipsius
298 1516 422 1575 domine
439 1518 594 1577 Dorothee
609 1516 677 1594 jure
696 1517 883 1576 hereditario
902 1517 987 1576 iuxta
1010 1518 1108 1592 ipsius
1132 1520 1266 1579 civitatis
1290 1523 1450 1595 antiquam

182 1627 213 1680 et
235 1623 467 1697 privilegiatam
491 1626 670 1683 libertatem
693 1624 751 1683 rite
773 1630 804 1682 et
827 1625 978 1698 legittime
1003 1631 1246 1698 concernentem,
1270 1634 1364 1702 prout
1387 1629 1450 1686 hoc

182 1728 215 1786 iu
238 1730 395 1802 prioribus
428 1731 539 1789 litteris
569 1731 682 1789 nostris
701 1747 755 1788 seu
777 1731 911 1789 civitatis
935 1729 1072 1804 predicte
1096 1732 1357 1806 privilegialibus
1374 1734 1451 1792 anti·

183 1835 254 1908 quis
278 1850 336 1908 pro
358 1843 446 1911 parte
469 1837 610 1911 ipsorum
634 1836 767 1895 condam
800 1837 914 1894 Mathie
937 1837 1065 1895 sartoris
1089 1845 1118 1895 et
1144 1838 1267 1897 Andree
1289 1839 1451 1914 supradic-

181 1947 287 1999 torum
310 1942 476 2017 superinde
498 1943 644 2001 coniectis
667 1950 697 2001 et
728 1944 876 2001 emanatis
899 1958 934 2000 ac
957 1959 1062 2002 coram
1086 1945 1176 2002 nobis
1199 1945 1230 2003 in
1253 1946 1355 2019 specie
1379 1961 1449 2020 pro·

183 2047 284 2106 ductis
307 2054 337 2106 et
361 2048 577 2108 demonstratis
600 2064 745 2123 expresse
768 2048 905 2108 vidimus
929 2049 1078 2108 contineri
1101 2051 1233 2123 oculata,
1256 2051 1351 2110 simul
1375 2068 1446 2110 cum

183 2156 330 2214 omnibus
351 2156 490 2214 eiusdem
515 2157 619 2215 totalis
638 2163 716 2213 terre
740 2156 893 2226 arrahiiis,
910 2161 944 2214 ut
966 2155 1087 2229 dicitur,
1112 2156 1261 2217 tredecim
1284 2158 1449 2230 dictarum,

183 2261 380 2334 utilitatibus,
403 2261 532 2338 juribus,
545 2263 662 2333 usibus,
679 2262 907 2335 integritatibus
923 2270 954 2321 et
977 2264 1173 2338 pertinenciis
1196 2265 1355 2339 universis,
1373 2266 1449 2324 viris

183 2365 326 2442 providis
356 2375 386 2428 et
417 2370 552 2428 honestis
583 2369 715 2427 Martino
746 2368 859 2427 sartori
890 2369 1014 2442 Radlyn
1045 2369 1136 2443 dict0,
1160 2372 1273 2430 seniori
1295 2370 1397 2446 jurato
1420 2380 1451 2431 et

183 2476 305 2536 concivi
327 2484 433 2535 nostro
458 2483 488 2535 et
510 2477 585 2546 Elie,
609 2475 698 2534 fratri
729 2490 785 2533 suo
816 2476 944 2550 carnali,
980 2475 1055 2535 filiis
1079 2476 1230 2535 Benkonis
1255 2478 1386 2550 Kunych
1412 2478 1451 2537 de

183 2583 327 2642 Klokoch
362 2598 397 2640 ac
423 2598 480 2657 per
510 2595 563 2640 eos
594 2580 760 2639 heredibus
793 2581 934 2654 ipsorum
970 2596 1028 2656 pro
1060 2582 1295 2655 quatuordecim
1327 2582 1450 2641 florenis

183 2690 253 2748 auri
275 2706 332 2764 per
354 2689 480 2748 eosdem
501 2690 668 2747 Martinum
692 2693 842 2746 sartorem
859 2695 889 2745 et
912 2689 1012 2746 Eliam
1037 2689 1158 2759 fratres,
1181 2688 1300 2762 prefate
1326 2688 1451 2746 domine

184 2797 349 2866 Dorothee,
374 2802 466 2870 prout
499 2797 632 2871 ipsamet
657 2796 748 2852 nobis
777 2795 884 2852 retulit
905 2793 970 2870 jam
995 2796 1085 2868 plene
1109 2793 1189 2852 datis
1212 2801 1244 2852 et
1274 2792 1450 2867 persolutis,

184 2903 340 2962 vendisset
370 2906 401 2961 et
430 2902 617 2973 contulisset,
650 2903 747 2959 immo
779 2917 817 2958 ex
847 2915 996 2958 consensu
1027 2901 1200 2959 vicinorum
1237 2898 1448 2974 predictorum

184 3010 324 3069 vendidit
344 3017 375 3068 et
391 3010 520 3069 contulit
532 3024 638 3067 coram
660 3008 751 3066 nobis
762 3005 829 3084 jure
852 3015 1003 3080 perpetuo
1021 3014 1050 3065 et
1060 3006 1259 3065 irrevocabili
1272 3005 1448 3077 tenendam,

184 3115 415 3191 possidendam,
447 3116 563 3188 pariter
601 3120 631 3172 et
666 3112 841 3172 habendam
882 3129 917 3169 ac
945 3112 1030 3188 juxta
1065 3112 1278 3171 condicionem
1317 3112 1450 3169 civitatis

185 3228 346 3296 prenotate
380 3223 421 3279 ab
454 3223 581 3296 antiquo
613 3222 851 3296 privilegialiter
886 3220 1121 3293 comprobatam
1153 3218 1449 3292 quomodocumque

185 3328 343 3388 voluerint
377 3327 613 3402 disponendam.
646 3328 798 3400 Antiquas
835 3341 958 3399 quoque
993 3327 1111 3383 litteras
1143 3326 1302 3383 universas
1334 3324 1450 3381 facturn

184 3435 324 3512 predicte
347 3444 428 3494 terre
451 3441 621 3510 tangentes,
644 3450 705 3507 que
735 3434 930 3508 presentibus
954 3433 1054 3491 forent
1077 3433 1238 3504 contrarie,
1262 3432 1288 3489 si
1311 3432 1341 3490 in
1380 3446 1450 3489 con·

184 3544 315 3602 tranium
338 3542 532 3615 presencium
556 3558 613 3616 per
636 3541 815 3614 quempiam
832 3544 862 3597 et
878 3539 988 3612 quovis
1005 3547 1182 3612 temporum
1207 3538 1237 3596 in
1255 3552 1403 3612 processu
1418 3537 1458 3595 in*

184 3647 285 3708 lucem
308 3648 552 3724 producerentur
565 3663 674 3718 cassas,
688 3653 827 3704 mortuas
851 3646 1065 3703 commisimus
1090 3653 1120 3701 et
1146 3644 1264 3702 viribus
1288 3644 1450 3713 carituras,

184 3771 220 3814 ac
255 3757 392 3830 ipsarum
428 3755 655 3812 exhibitoribus
687 3752 850 3810 nocituras.
884 3752 918 3808 ln
952 3754 1038 3808 cuius
1062 3751 1105 3808 rei
1139 3750 1322 3808 memoriam
1355 3756 1450 3821 atque

185 3862 405 3931 testimonium,
440 3861 681 3933 firmitatemque
713 3866 896 3933 perpetuam
930 3857 1124 3931 presentibus
1148 3856 1287 3927 sigillum
1310 3862 1452 3912 nostrum

184 3983 350 4026 commune
380 3966 527 4024 duximus
555 3964 802 4041 appendendum.
834 3964 950 4021 Datum
976 3963 1052 4020 feria
1083 3961 1216 4019 secunda
1240 3968 1309 4018 ante
1334 3960 1450 4017 festum

184 4074 268 4132 beati
299 4072 459 4131 Laurencii
494 4073 636 4130 martiris.
669 4074 757 4128 Anno
789 4070 907 4127 domini
943 4069 1111 4126 millesimo
1145 4067 1450 4140 quadringentesimo

183 4179 394 4252 nonagesimo.

290 4436 425 4502 originale
443 4437 470 4486 in
489 4437 643 4488 membrana.
664 4439 691 4487 A
711 4445 783 4501 tergo
802 4437 939 4500 vestigium
958 4436 1076 4499 impressi
1098 4433 1188 4498 sigilli.
1219 4434 1251 4481 In
1269 4432 1384 4481 archivio
1402 4431 1450 4482 lib.

183 4544 237 4593 reg.
257 4527 326 4578 civit.
345 4526 445 4591 zagrab.
