3278 5348
616 445 688 501 Dos·
708 453 780 516 577·
805 476 839 483 -
872 446 1031 518 Au1495
1390 497 1395 509 .
1464 440 1468 449 '

184 662 278 719 situm
303 662 403 718 extitit
427 660 580 717 maiestati
605 664 709 716 nostre
726 659 756 715 in
780 659 920 730 personis
944 657 1085 714 fidelium
1112 664 1291 713 nostrorum
1316 656 1452 731 pruden-

186 776 251 824 tum
277 776 306 824 et
339 767 635 838 circumspectorum
665 762 778 839 judicis
809 770 839 820 et
865 762 1045 837 juratorum.
1070 773 1306 834 ceterorumque
1329 765 1452 820 univer·

184 889 291 930 sorum
328 874 442 930 civium
476 880 506 929 et
537 870 711 929 incolarum
744 871 877 928 civitatis
896 877 1001 927 nostre
1032 870 1146 927 montis
1169 868 1344 940 Grecensis,
1368 870 1452 943 quod

185 981 330 1052 quamvis
353 981 412 1053 ipsi
435 980 561 1050 antiqua
580 977 733 1035 libertatis
749 977 891 1049 ipsorum
907 977 1104 1048 prerogativa
1128 976 1203 1048 ipsis
1225 990 1243 1031 a
1273 975 1354 1034 divis
1378 991 1453 1034 con·

188 1085 261 1142 dam
287 1085 412 1154 regibus
436 1084 603 1155 ilungarie,
635 1082 748 1140 nostris
771 1082 888 1139 scilicet
913 1081 1194 1154 predecessoribus
1218 1073 1451 1163 graciosejcon-

184 1207 268 1248 cessa
284 1199 313 1248 et
338 1207 393 1264 per
416 1200 554 1247 nostram
568 1191 760 1246 maiestatem
776 1189 875 1245 eciam
891 1187 1073 1244 confirmata
1091 1188 1273 1260 requirente,
1301 1188 1341 1244 ab
1365 1189 1451 1246 omni

185 1298 344 1355 solucione
376 1297 547 1362 tributaria,
581 1303 644 1352 tarn
665 1294 703 1351 de
735 1294 874 1368 personis
898 1293 1042 1367 propriis,
1067 1307 1160 1365 quarn
1185 1294 1282 1350 eciam
1307 1294 1400 1352 rebus
1421 1301 1451 1352 et

186 1404 275 1462 bonis
298 1419 406 1460 eorum
423 1402 595 1467 venalibus,
620 1417 676 1475 per
699 1401 824 1458 eosdem
840 1401 912 1458 hinc
935 1400 1006 1457 inde
1030 1399 1204 1457 deferendis
1229 1401 1367 1473 exempti
1391 1401 1451 1459 sint

185 1518 216 1567 et
238 1511 415 1583 supportati
431 1510 613 1566 habeantur.
630 1509 746 1565 Tamen
772 1508 915 1565 nonnulli
939 1507 1040 1565 forent
1063 1524 1100 1564 ex
1126 1508 1223 1578 vobis,
1248 1507 1301 1579 qui
1324 1506 1451 1565 eosdem

185 1617 216 1674 in
240 1617 317 1672 locis
349 1616 536 1672 tributorum
568 1619 748 1671 vestrorum
780 1612 988 1672 diversimode
1012 1613 1207 1688 impedirent,
1238 1628 1273 1671 ac
1296 1615 1380 1688 ipsos
1412 1613 1450 1672 ad

183 1723 374 1780 solucionem
398 1722 595 1778 tributariam
619 1725 762 1792 cogerent
786 1728 815 1778 et
827 1719 1061 1794 compellerent,
1078 1721 1107 1776 in
1122 1720 1327 1793 preiudicium
1347 1721 1450 1778 huius-

185 1829 270 1887 modi
293 1829 474 1885 libertatum
497 1827 679 1885 eorumdem
703 1828 818 1884 civium
832 1833 861 1884 et
886 1825 1058 1899 dampnum
1083 1826 1174 1883 valde
1198 1841 1353 1899 magnum.
1370 1826 1451 1901 Quia

185 1950 260 1992 vero
284 1950 339 1992 nos
362 1933 627 2006 quemadmodum
650 1939 766 1991 ceteros
782 1933 955 2006 regnicolas
971 1939 1100 2003 nostros,
1124 1933 1167 1991 sic
1198 1939 1227 1990 et
1248 1934 1333 2006 ipsos
1356 1949 1452 2007 expo·

183 2047 289 2098 nentes
302 2042 332 2097 in
356 2041 496 2112 ipsorum
519 2041 653 2113 antiquis
686 2040 881 2097 libertatibus
920 2054 1102 2096 conservare
1125 2040 1280 2111 volumus,
1304 2039 1451 2100 fidelitati

184 2148 278 2220 igitur
295 2155 395 2204 vestre
412 2154 441 2205 et
458 2153 596 2205 vestrum
619 2148 746 2205 cuilibet
770 2147 881 2203 harum
904 2147 982 2203 serie
1007 2146 1197 2204 strictissime
1226 2148 1451 2205 committimus

183 2260 214 2312 et
230 2254 422 2323 mandamus,
451 2263 600 2326 quatenus
629 2253 742 2310 amodo
778 2253 808 2310 in
840 2260 997 2326 posterum
1031 2253 1137 2309 nullus
1160 2255 1286 2311 omnino
1310 2260 1449 2312 vestrum

184 2361 322 2436 prefatos
355 2362 439 2417 cives
474 2368 503 2417 et
540 2360 657 2417 incolas
692 2360 772 2416 dicte
796 2359 928 2417 civitatis
957 2366 1060 2416 nostre
1091 2361 1204 2416 montis
1228 2359 1389 2418 Grecensis
1411 2360 1450 2418 ad

184 2467 323 2542 aliquam
343 2468 533 2525 solucionem
551 2468 657 2525 tributi
682 2483 734 2524 seu
759 2466 889 2523 thelonii
904 2473 1010 2523 contra
1023 2465 1156 2523 formam
1177 2467 1327 2539 premisse
1341 2482 1449 2526 eorum

183 2576 337 2634 libertatis
360 2579 461 2631 artare
484 2581 513 2631 et
537 2575 735 2646 compellere,
759 2580 811 2630 aut
823 2573 948 2630 eosdem
973 2573 1023 2629 vel
1040 2587 1148 2629 eorum
1172 2572 1306 2630 alterum
1327 2574 1449 2631 racione

183 2697 245 2740 non
278 2681 444 2738 solucionis
475 2680 657 2738 eorumdem
696 2681 726 2737 in
764 2681 913 2752 personis
948 2680 1105 2751 rebusque
1141 2685 1170 2736 et
1194 2680 1283 2737 bonis
1308 2680 1449 2754 ipsorum

184 2788 347 2862 quibusvis
381 2787 542 2859 impedire,
578 2789 712 2849 turbare.
737 2786 904 2843 molestare
927 2802 979 2842 seu
1005 2788 1116 2859 quovis
1140 2785 1234 2843 modo
1250 2786 1450 2844 damnificare

183 2909 337 2966 nusquam
354 2899 383 2949 et
399 2908 595 2966 nequaquam
615 2903 804 2964 presummat
830 2909 884 2950 nec
907 2893 946 2949 sit
975 2908 1068 2949 ausus
1092 2891 1186 2949 modo
1210 2893 1348 2966 aliquali.
1366 2893 1450 2968 Quo·

184 3000 443 3072 niam·alioquin
482 3000 695 3056 commisimus
731 3007 760 3056 et
797 3000 921 3072 plenam
957 3000 1054 3056 eriam
1087 2999 1266 3056 facultatem
1298 2999 1449 3072 dedimus,

184 3107 357 3179 damusque
380 3113 410 3162 et
441 3106 664 3163 committimus
697 3123 752 3178 per
777 3113 941 3178 presentes,
976 3105 1123 3163 fidelibus
1147 3106 1260 3164 nostris
1286 3107 1374 3164 banis
1397 3107 1448 3165 vel

184 3213 341 3270 vicebanis
374 3212 586 3284 predictorum
622 3228 789 3282 regnorum
822 3216 999 3269 nostrorum
1024 3210 1187 3270 Sclauonie
1211 3220 1240 3268 et
1264 3211 1391 3270 Croacie
1413 3228 1449 3271 ac

183 3320 349 3377 comitibus
373 3318 425 3375 vel
450 3319 684 3375 vicecomitibus
717 3327 745 3374 et
768 3317 923 3392 judicibus
955 3319 1110 3375 nobilium
1134 3319 1263 3376 illorum
1288 3321 1448 3377 commita-

183 3432 279 3494 tuum,
297 3426 327 3482 in
351 3425 464 3498 quibus
488 3425 615 3481 forsitan
639 3426 729 3482 huius
752 3424 889 3481 mandati
911 3425 1007 3482 nostri
1031 3440 1106 3482 ausu
1123 3424 1259 3497 quodam
1284 3426 1448 3484 temerario

183 3548 239 3606 per
263 3533 442 3604 quempiam
467 3532 656 3589 contrarium
692 3539 900 3599 attentaretur,
924 3533 1117 3604 presentibus
1135 3532 1250 3589 scilicet
1274 3539 1304 3590 et
1328 3532 1448 3603 futuris,

186 3643 220 3695 ut
247 3639 318 3711 ipsi,
340 3638 414 3694 scita
439 3638 524 3709 prius
555 3638 721 3710 superinde
752 3637 943 3695 certitudinis
967 3640 1105 3706 veritate,
1130 3639 1308 3696 huiusmodi
1332 3640 1448 3697 tributa

183 3758 235 3800 seu
260 3744 396 3801 thelonia
419 3750 522 3800 vestra
555 3759 612 3816 pro
635 3751 739 3800 nostra
771 3745 928 3800 maiestate
952 3759 1104 3816 occupare
1127 3751 1156 3801 et
1181 3751 1244 3802 tam
1269 3744 1321 3802 diu
1345 3751 1447 3803 tenere

184 3848 316 3906 debeant
351 3856 443 3922 atque
475 3821 602 3922 possint,
638 3849 733 3907 donec
766 3866 783 3906 a
815 3852 904 3908 nobis
929 3851 1013 3907 aliud
1039 3851 1205 3923 superinde
1228 3853 1394 3910 habuerint
1417 3853 1448 3910 in

183 3956 343 4015 mandatis.
367 3956 460 4014 Secus
484 3956 571 4014 nullo
595 3957 689 4012 modo
706 3956 804 4014 iacere
829 3960 1055 4030 presummatis.
1074 3958 1269 4016 Presentibus
1293 3960 1445 4032 perlectis,

183 4063 340 4120 exhibenti
362 4064 519 4121 restitutis.
544 4064 659 4120 Datum
677 4065 707 4120 in
720 4064 837 4137 oppido
861 4065 1038 4122 Werewcae
1062 4065 1137 4122 feria
1161 4066 1268 4138 quinta
1302 4067 1445 4139 proxima

183 4178 253 4224 ante
286 4167 398 4226 festum
436 4170 584 4227 kathedre
620 4172 701 4227 beati
736 4172 815 4228 Petri
846 4172 987 4244 apostoli.
1023 4173 1111 4229 Anno
1135 4171 1254 4230 domiui
1278 4173 1446 4231 millesimo

183 4274 488 4348 quadringentesimo
513 4278 712 4349 nonagesimo
745 4278 859 4349 quinto.
883 4278 1061 4348 Regnorum
1087 4283 1266 4335 nostrorum
1289 4279 1447 4352 ilungarie

184 4387 239 4437 etc.
261 4396 340 4438 anno
365 4384 481 4454 quinto,
507 4383 651 4440 bohemie
676 4399 751 4441 vero
775 4384 926 4455 vigesimo
950 4389 1071 4455 quarto.

287 4517 421 4580 Originale
444 4520 471 4567 in
500 4519 653 4566 membrana.
675 4520 705 4566 In
730 4519 844 4566 inferiori
864 4520 977 4581 margine
997 4520 1150 4583 impressum
1169 4528 1208 4569 est
1227 4519 1343 4584 sigillum
1356 4522 1448 4574 maius.

183 4606 214 4653 In
233 4606 348 4655 archivio
368 4606 413 4659 lib.
434 4624 485 4669 reg.
506 4608 576 4657 civit.
597 4607 696 4669 zagrab.
