3278 5348
183 401 225 461 ⁶0
608 401 684 460 Doc.
706 396 760 480 48.
782 434 824 446 -·
849 400 905 461 An.
926 410 1015 479 1427.

181 614 397 674 commorandi
419 615 612 675 advenientis
636 632 696 692 pro
718 618 810 677 nobis
832 632 1040 677 reservamus.
1063 617 1101 676 Et
1124 617 1282 688 volumus,
1307 615 1392 690 quod
1412 615 1441 675 in

183 721 307 794 signum
330 721 460 781 dominii
484 725 583 782 nostri
605 722 699 800 iudex
730 730 834 784 nostre
865 724 1096 784 communitatis
1125 722 1298 782 secundum
1329 727 1446 794 statuta,

183 842 291 886 causas
306 828 491 901 criminales,
507 828 656 888 duntaxat
679 831 882 889 criminaliter
904 836 1014 903 motas,
1037 845 1108 889 cum
1125 827 1256 889 officiali
1271 843 1326 886 seu
1343 827 1447 886 villico

184 935 312 1008 plebani
335 935 433 1008 ipsius
456 936 585 995 ecclesie
608 937 705 995 sancti
731 937 855 1012 loannis
878 935 1014 1010 Baptiste
1045 936 1161 994 habent
1188 933 1446 993 determinandas.

184 1039 331 1112 Stybram
367 1055 492 1113 quoque
527 1041 565 1099 de
597 1043 673 1116 ipsis
703 1042 830 1116 prediis,
855 1043 932 1100 alias
954 1041 1045 1100 nobis
1068 1041 1314 1116 provenientem,
1349 1039 1448 1098 eidem

185 1146 313 1204 ecclesie
336 1145 541 1218 relinquimus
564 1153 595 1206 et
618 1147 813 1220 dimittimus,
837 1148 989 1219 dedimus,
1006 1147 1192 1205 donavimus
1206 1152 1237 1205 et
1252 1146 1448 1216 contulimus,

185 1252 284 1309 immo
307 1251 426 1324 damus,
451 1252 603 1311 donamus
627 1261 657 1311 et
675 1255 873 1313 concedimus
897 1255 990 1328 pleno
1012 1251 1080 1329 jure
1104 1252 1237 1326 tenendi,
1270 1251 1448 1326 possidendi

187 1358 305 1432 pariter
328 1363 359 1415 et
381 1355 525 1430 habendi,
550 1362 766 1434 promittentes
797 1360 971 1435 predictam
1005 1360 1168 1418 ecclesiam
1200 1360 1299 1419 sancti
1328 1358 1450 1444 Joannis

185 1464 323 1538 Baptiste
348 1470 377 1522 et
402 1479 473 1522 suos
497 1473 632 1524 rectores
656 1467 686 1524 in
711 1467 841 1541 pacifico
864 1474 894 1524 et
917 1467 1023 1540 quieto
1047 1464 1187 1523 dominio
1215 1467 1360 1539 ipsorum
1384 1480 1451 1538 pre·

186 1569 343 1627 diolorum
368 1586 561 1644 conservare,
586 1579 749 1646 protegere
772 1579 802 1631 et
833 1572 995 1632 defensare
1025 1576 1131 1630 contra
1162 1571 1323 1644 quoslibet
1353 1570 1451 1643 illegi-

187 1676 279 1734 timos
303 1677 497 1751 impetitores
521 1684 552 1737 et
574 1681 731 1752 signanter
754 1686 860 1738 contra
885 1678 1022 1753 prefatos
1045 1683 1175 1752 nepotes
1198 1676 1315 1750 prefati
1346 1677 1451 1734 Domi·

187 1783 248 1840 nici
270 1784 421 1856 prepositi
444 1790 475 1842 et
499 1787 663 1858 magistros
687 1786 867 1845 Ladislaum
891 1792 920 1845 et
944 1787 1092 1855 Blasium,
1108 1799 1241 1843 necnon
1257 1783 1448 1858 Stephanum

186 1889 225 1947 de
247 1889 443 1949 Milrcheuecz
458 1894 572 1951 nostris
588 1894 724 1967 propriis
754 1895 917 1951 laboribus
940 1899 970 1950 et
993 1893 1144 1966 expensis,
1175 1892 1344 1964 omniaque
1374 1888 1451 1966 jura,

187 1995 316 2067 litteras,
340 1998 506 2071 privilegia
530 2015 624 2073 super
647 2001 722 2073 ipsis
746 2000 904 2073 prediolis,
929 2015 987 2074 pro
1010 2000 1086 2074 ipsis
1110 1998 1277 2057 Dominico
1291 1997 1451 2072 preposito

187 2107 217 2159 et
238 2103 302 2159 suis
324 2105 491 2176 nepotibus
514 2112 672 2163 emanatas
695 2114 726 2164 et
748 2112 898 2178 emanata,
923 2120 1057 2180 quorum
1088 2120 1186 2163 unum
1220 2104 1251 2161 in
1287 2101 1451 2177 superficie

186 2224 240 2265 seu
276 2210 415 2280 margine
449 2212 603 2283 superiori
638 2212 668 2269 in
692 2213 814 2285 signum
849 2219 878 2270 et
912 2213 1123 2271 testimonium
1154 2209 1394 2269 annihilacionis
1423 2214 1452 2267 et

186 2314 339 2372 nullitatis
361 2315 500 2374 eiusdem
523 2318 652 2375 cultello
675 2319 752 2377 scidi
782 2325 812 2377 et
841 2318 972 2377 lacerari
1002 2317 1132 2376 fecimus
1169 2322 1199 2376 et
1228 2316 1452 2386 commisimus,

188 2435 402 2479 concassamus
426 2429 456 2480 et
478 2424 688 2482 annihilamus
711 2427 742 2483 in
765 2424 942 2502 judicioque
966 2430 996 2483 et
1023 2429 1111 2482 extra
1139 2423 1370 2483 exhibitoribus
1392 2423 1453 2481 suis

188 2527 343 2586 nocituras
364 2534 393 2586 et
415 2531 555 2588 nocitura
579 2531 645 2589 iore
668 2532 863 2590 declaramus
886 2532 1062 2590 testimonio
1078 2530 1275 2604 presencium
1291 2528 1453 2588 mediante.

188 2633 256 2691 Hoc
279 2649 338 2692 non
362 2637 570 2709 pretermisso,
594 2638 648 2696 sed
672 2653 827 2712 expresse,
851 2637 935 2712 quod
968 2639 994 2696 si
1026 2643 1205 2711 temporum
1239 2637 1272 2694 in
1305 2651 1453 2710 processu

191 2740 292 2812 ipsam
316 2743 479 2800 ecclesiam
503 2745 601 2802 sancti
623 2746 751 2828 Joannis
775 2745 910 2819 Baptiste
935 2746 966 2802 in
995 2743 1126 2817 pacifico
1158 2742 1299 2801 dominio
1333 2740 1453 2815 predic·

189 2850 293 2904 torum
317 2847 533 2920 prediolorum
555 2866 739 2910 conservare
761 2851 1031 2909 dissimularemus
1054 2854 1107 2907 aut
1137 2848 1371 2928 negligeremus
1401 2862 1454 2906 seu

189 2968 250 3009 non
274 2969 461 3026 curaremus,
485 2957 537 3014 vel
559 2963 662 3015 rector
690 2957 829 3016 eiusdem
865 2957 993 3014 ecclesie
1027 2956 1124 3013 sancti
1154 2955 1282 3037 Joannis
1317 2954 1453 3028 Baptiste

190 3074 248 3131 pro
272 3064 412 3135 tempore
436 3064 620 3121 constitutus
641 3070 670 3121 et
695 3064 927 3121 constituendus
951 3078 1007 3136 pro
1031 3061 1179 3136 predictis
1195 3059 1336 3118 ducentis
1352 3065 1454 3118 octua-

189 3167 273 3236 ginta
295 3173 325 3225 et
348 3169 448 3226 tribus
472 3169 591 3227 ducatis
622 3171 693 3243 puri
727 3172 803 3242 auri,
838 3185 972 3243 quorum
1004 3169 1145 3226 valorem
1176 3181 1286 3224 revera
1315 3164 1455 3240 predicta

191 3273 332 3344 prediola
355 3290 415 3333 non
439 3277 601 3348 attingunt,
626 3277 733 3334 eadem
757 3277 898 3350 prediola
921 3275 1018 3333 modo
1050 3274 1204 3348 premisso
1235 3280 1340 3331 tenere
1370 3285 1455 3330 recu-

189 3384 279 3450 saret,
301 3379 353 3436 sed
379 3383 462 3454 ipsos
486 3382 633 3440 ducentos
657 3384 833 3454 octuaginta
857 3389 886 3440 et
910 3389 972 3440 tres
996 3381 1128 3438 florenos
1151 3379 1220 3438 auri
1249 3378 1400 3436 rehabere
1422 3380 1453 3434 et

190 3485 319 3558 imponi,
342 3487 396 3544 ubi
421 3495 450 3545 et
475 3497 568 3561 prout
591 3491 685 3562 prius,
711 3490 761 3547 vel
785 3504 843 3562 pro
867 3489 990 3545 meliori
1022 3486 1215 3561 possessione
1238 3483 1369 3543 emenda
1392 3484 1451 3542 sol·

191 3606 263 3647 vere
287 3599 316 3648 et
339 3592 413 3651 dare
439 3594 581 3665 voluerit,
605 3602 657 3652 aut
680 3611 808 3667 presens
831 3601 935 3652 nostra
959 3594 1126 3667 disposicio
1146 3592 1237 3650 nobis
1259 3591 1313 3649 vel
1336 3606 1454 3649 sueces-

190 3698 313 3754 soribus
337 3701 450 3757 nostris
473 3716 533 3758 non
558 3702 719 3774 placuerit,
743 3702 797 3758 sed
821 3704 888 3774 ipsa
912 3700 1054 3775 prediola
1085 3700 1235 3757 rehabere
1258 3697 1455 3756 voluerimus

191 3818 244 3859 seu
269 3805 433 3876 voluerint,
466 3814 538 3864 tunc
568 3808 714 3864 omnibus
745 3807 875 3864 edificiis
907 3806 1042 3882 cujusvis
1065 3805 1198 3863 nominis
1221 3803 1379 3862 vocabulo
1402 3817 1457 3860 vo·

192 3909 299 3981 citatis,
326 3928 385 3983 que
411 3921 512 3970 rector
535 3915 632 3988 ipsius
656 3915 784 3971 ecclesie
807 3915 903 3971 sancti
937 3913 1065 3997 Joannis
1097 3912 1234 3985 Baptiste
1256 3925 1352 3983 super
1386 3924 1455 3982 pre·

192 4015 283 4074 dictis
307 4019 457 4090 prediolis
481 4022 544 4077 suis
568 4021 746 4095 sumptibus
770 4028 799 4077 et
823 4021 965 4094 expensis
996 4018 1064 4076 fieri
1097 4017 1211 4087 fecerit,
1244 4016 1397 4075 estimatis
1428 4019 1457 4073 et

192 4123 310 4194 solutis,
333 4125 422 4183 dictis
445 4144 568 4200 quoque
593 4127 732 4185 ducentis
756 4128 932 4199 octuaginta
954 4133 984 4183 et
1008 4127 1108 4184 tribus
1131 4123 1251 4180 ducatis
1281 4122 1356 4196 puri
1378 4122 1457 4195 auri,

193 4229 285 4302 plane
309 4232 369 4305 ipsi
392 4235 520 4291 ecclesie
543 4235 626 4292 beati
650 4235 777 4317 Joannis
800 4234 938 4306 Baptiste
963 4231 1139 4307 persolutis,
1162 4227 1285 4303 prefata
1315 4227 1458 4302 prediola

194 4338 344 4396 rehabere
366 4341 523 4414 possimus
547 4349 575 4398 et
600 4343 726 4413 possint,
752 4341 913 4397 valeamus
936 4346 1029 4411 atque
1052 4338 1187 4395 valeant.
1212 4334 1261 4392 Ad
1277 4350 1339 4408 que
1355 4335 1458 4394 omnia

194 4450 225 4505 et
247 4446 370 4518 singula
393 4463 448 4505 nos
472 4454 582 4521 sponte
605 4448 817 4520 obligavimus
841 4448 939 4504 immo
957 4446 1135 4517 obligamus
1150 4442 1263 4499 harum
1279 4446 1457 4499 nostrarum

194 4554 371 4612 testimonio
394 4555 578 4612 litterarum.
603 4555 635 4612 In
654 4556 740 4613 cuius
754 4554 798 4610 rei
815 4552 1009 4621 memoriam,
1025 4550 1270 4621 firmitatemque
1286 4546 1457 4617 indubiam,

195 4662 391 4735 presentibus
414 4661 555 4734 sigillum
580 4667 721 4718 nostrum
738 4659 885 4716 duximus
900 4656 1151 4731 appendendum,
1167 4653 1372 4728 predictaque
1387 4668 1458 4727 pre·

195 4767 280 4825 diola
303 4768 405 4826 eidem
437 4768 565 4825 ecclesie
589 4769 685 4824 sancti
707 4767 834 4849 Joannis
859 4766 994 4838 Baptiste
1018 4769 1048 4821 et
1071 4763 1135 4820 suis
1157 4761 1302 4835 plebanis
1325 4775 1383 4834 per
1405 4760 1457 4818 ho·

195 4874 352 4933 notabiles
387 4875 479 4946 viros,
517 4873 659 4932 dominos
695 4872 875 4930 Ladislaum
905 4869 1159 4928 archidiaconum
1193 4866 1406 4927 cathedralem
1427 4869 1456 4923 et
