3278 5348
187 451 250 524 44⁶
601 443 768 519 Doc.‚545.
793 474 836 484 -
858 442 915 499 An.
939 437 1030 518 1487.

187 663 340 737 premisso
361 658 583 733 producturum
605 658 853 717 exhibicionibus
878 656 974 728 tactis,
988 658 1257 731 continenciisque
1282 658 1454 716 earumdem

186 785 243 844 per
265 767 369 825 omnia
382 780 437 822 suo
459 763 568 822 ordine
591 765 750 838 expositis,
766 764 912 839 perlectis
934 772 965 820 et
987 778 1060 819 sane
1078 763 1260 833 intellectis,
1284 764 1370 822 idem
1393 779 1456 837 pro·

187 882 311 932 curator
333 873 474 946 parcium
505 871 581 944 ipsis
604 870 746 943 partibus
771 885 827 943 per
857 884 913 926 nos
937 870 968 927 in
1000 869 1162 941 premissis
1185 867 1344 943 judicium
1367 877 1396 927 et
1416 867 1456 944 ju·

185 981 316 1052 sticiam,
338 978 527 1050 finalemque
562 976 821 1034 deliberacionem
845 976 1003 1050 pecierunt
1026 976 1163 1047 elargiri.
1187 974 1273 1033 Sane
1296 977 1371 1033 licet
1394 991 1456 1050 pre·

187 1088 303 1144 libatus
333 1084 465 1143 condam
489 1082 634 1140 dominus
659 1080 877 1154 sigismundus
900 1097 954 1139 rex
978 1083 1010 1139 in
1033 1080 1232 1155 preallegato
1257 1097 1340 1140 anno
1363 1081 1456 1155 gracie

188 1192 357 1249 millesimo
390 1189 605 1247 trecentesimo
628 1175 840 1260 octuagesimo
863 1188 1006 1260 septimo,
1031 1194 1124 1261 prout
1151 1203 1208 1260 per
1234 1197 1392 1261 pretactas
1413 1188 1457 1245 lit·

189 1304 270 1357 teras
282 1296 420 1354 eiusdem
436 1295 695 1364 informabamur,
711 1294 862 1351 antelatas
875 1298 1083 1367 possessiones
1096 1293 1294 1366 Petrowyna,
1309 1294 1456 1366 Hrasthya

188 1419 258 1461 cum
282 1401 461 1459 earumdem
486 1401 706 1458 utilitatibusa
730 1401 946 1473 prenominato
970 1405 1070 1457 castro
1101 1414 1159 1456 suo
1182 1398 1282 1472 Selyn
1306 1415 1457 1474 separasse

188 1518 218 1567 et
241 1515 458 1581 sequestrasse,
480 1505 661 1562 memoratis
684 1505 805 1562 civibus
829 1512 858 1561 et
882 1504 1058 1578 hospitibus
1082 1504 1219 1562 civitatis
1245 1507 1364 1564 montis
1387 1505 1455 1563 Gre

189 1615 287 1672 censis
311 1617 342 1670 in
374 1619 561 1687 perpetuum
585 1612 715 1668 donasse
738 1621 768 1669 et
791 1612 958 1668 contulisse
981 1612 1154 1684 prescripta
1178 1614 1355 1671 statucione
1378 1591 1459 1685 legit·

190 1723 264 1779 tima
288 1720 460 1788 subsecuta,
483 1726 594 1792 expost
615 1719 713 1775 eciam
738 1719 768 1775 in
792 1718 973 1790 pretitulato
996 1732 1076 1775 anno
1101 1718 1191 1776 verbi
1214 1719 1372 1776 incarnati
1395 1717 1455 1775 mil·

188 1828 298 1884 lesimo
321 1825 537 1883 trecentesimo
558 1825 759 1897 nonagesimo
775 1830 894 1896 quarto,
912 1824 1119 1897 prenominati
1141 1824 1268 1883 nobiles
1292 1831 1458 1883 castrenses

189 1932 293 2005 campi
315 1931 522 2004 zagrabiensis
556 1930 704 1997 Andreas
736 1930 852 1987 scilicet
875 1929 960 1989 filius
981 1929 1060 2012 Jelk,
1090 1946 1209 1988 necnon
1235 1931 1357 2002 Petrus,
1382 1931 1460 1989 filius

189 2039 324 2110 Georgii,
349 2041 379 2095 in
403 2052 511 2095 eorum
543 2052 578 2093 ac
609 2037 744 2094 aliorum
779 2035 911 2094 fratrum
944 2044 973 2093 et
1003 2036 1143 2095 filiorum
1166 2053 1299 2096 suorum
1323 2037 1460 2112 personis

191 2145 360 2219 predictam
393 2152 507 2200 terram
537 2159 597 2200 seu
629 2144 854 2216 possessionem
886 2158 994 2201 eorum
1024 2143 1236 2217 Sylaltowyna
1260 2144 1470 2218 appellatam,

190 2256 267 2308 inter
300 2251 505 2324 possessiones
538 2249 753 2321 Petrotvynam
788 2249 975 2307 antedictam
1010 2258 1040 2308 et
1076 2251 1323 2309 Kosthanewecz
1349 2265 1462 2308 nuncu·

192 2370 304 2429 param,
329 2357 467 2413 habitam
492 2364 522 2413 et
545 2357 735 2426 existentem,
760 2357 844 2430 ipsos
859 2356 927 2432 jure
950 2357 1137 2415 hereditario
1152 2358 1397 2430 contingentem,
1412 2370 1461 2413 an·

190 2464 301 2520 notatis
324 2463 447 2519 civibus
470 2464 608 2519 civitatis
632 2463 744 2520 montis
758 2462 930 2534 Grecensis,
953 2462 1130 2521 racionibus
1149 2461 1264 2521 litteris
1288 2464 1320 2522 in
1343 2462 1457 2521 eisdem

189 2568 381 2641 specificatis,
398 2568 518 2626 dedisse
542 2576 572 2626 et
595 2569 792 2639 contullisse;
815 2569 939 2627 tandem
963 2585 1037 2627 vero
1062 2570 1092 2627 itt
1117 2571 1295 2644 prescripto
1317 2586 1400 2628 anno
1415 2584 1459 2627 sa·

190 2676 262 2732 lutis
288 2675 454 2732 millesimo
478 2677 691 2732 trecentesimo
707 2677 906 2748 nonagesimo
922 2677 1038 2749 quinto,
1061 2677 1164 2748 regius
1187 2682 1217 2732 et
1233 2676 1311 2735 dicti
1333 2676 1460 2750 capituli

188 2782 395 2854 zagrabiensis
431 2782 569 2838 homines
605 2782 641 2838 ad
680 2782 901 2839 litteratorium
938 2781 1118 2838 mandatum
1153 2783 1306 2855 prelibati
1343 2782 1457 2840 domini

188 2889 377 2961 sigismundi
400 2890 481 2960 regis
506 2889 686 2957 transmissi,
721 2889 931 2962 pretitulatum
962 2889 1189 2962 possessionem
1216 2889 1402 2961 Petrowyna
1425 2904 1458 2944 ac

189 3007 302 3053 terrant
328 3012 379 3051 seu
398 2997 622 3068 possessionem
640 2994 846 3066 Sylakowyna
860 2997 1047 3053 coniunctim
1071 2995 1130 3052 sub
1154 3010 1216 3052 una
1239 3005 1271 3052 et
1296 2998 1327 3054 itt
1352 2996 1456 3053 eadem

190 3103 358 3158 inclusione
394 3109 556 3170 metarum,
588 3101 754 3173 separatim
778 3117 795 3158 a
820 3108 956 3175 pretacta
988 3102 1179 3175 possessione
1203 3103 1374 3174 ilrazthya.
1406 3116 1458 3175 per

188 3224 258 3263 suns
284 3223 371 3262 veras
397 3216 493 3264 metas
526 3209 765 3277 reambulantes,
798 3211 976 3267 memoratis
1009 3210 1130 3267 civibus
1154 3211 1271 3266 montis
1295 3209 1456 3268 Grecensis

190 3325 341 3386 perpetuo
374 3313 592 3384 possidendam
616 3315 738 3371 nemine
774 3316 1001 3373 contradicente
1031 3322 1203 3372 statuerunt
1227 3323 1257 3372 et
1293 3317 1324 3373 in
1348 3314 1454 3373 eodem

187 3435 267 3475 anno
299 3417 459 3475 iamfatnm
491 3420 715 3490 possessionem
748 3420 904 3492 Hrazthya
938 3438 993 3495 per
1025 3437 1094 3478 suas
1121 3430 1219 3477 melas
1243 3420 1454 3479 distinctima

186 3525 322 3598 predicta
348 3525 538 3596 possessione
563 3525 744 3597 Petrowyna
766 3527 910 3583 similiter
933 3528 1171 3597 reambulantes,
1188 3527 1307 3585 eisdem
1331 3528 1451 3584 ciuibus

185 3641 356 3687 statuerunt
375 3631 468 3688 trodo
492 3632 585 3687 simili
612 3641 761 3705 perpetuo
787 3632 1013 3705 possidendam.
1038 3633 1154 3690 Tamen
1177 3640 1288 3706 expost
1313 3633 1454 3690 videlicet

187 3738 217 3793 in
242 3738 422 3810 pretitulato
456 3752 535 3793 anno
570 3740 672 3808 gracie
704 3739 873 3794 millesimo
905 3739 1121 3796 trecentesimo
1146 3741 1350 3811 nonagesimo
1375 3752 1452 3796 nono

186 3844 385 3916 sepescripto‚
404 3844 628 3915 possessionem
645 3844 828 3915 Petrowyna
845 3859 881 3899 ac
896 3843 1011 3901 dictam
1022 3844 1246 3902 Zenth·l’etber
1263 3845 1453 3901 nominatam

185 3949 243 4004 sub
268 3949 357 4005 metis
381 3958 410 4005 et
434 3950 582 4018 terminis,
606 3950 719 4021 quibus
743 3950 850 4006 eadem
876 3966 933 4023 per
955 3951 1109 4025 sepefatos
1132 3952 1217 4009 cives
1241 3952 1359 4009 montis
1380 3951 1452 4009 Gre

184 4056 282 4110 censis
307 4061 386 4110 tenta
411 4053 518 4112 fuisset
533 4064 562 4111 et
579 4071 725 4128 possessa,
751 4056 791 4112 ab
815 4055 931 4113 eisdem
954 4057 1077 4114 civibus
1092 4057 1226 4115 civitatis
1245 4058 1361 4115 montis
1381 4056 1452 4115 Gre·

184 4161 282 4216 censis
305 4160 447 4217 auferens
470 4167 499 4217 et
523 4163 659 4219 alienans
683 4169 712 4219 et
747 4166 785 4219 de
816 4164 901 4221 omni
925 4162 1143 4238 jurisdiccione
1166 4164 1309 4222 eiusdem
1334 4178 1451 4238 posses-

184 4265 277 4322 sionis
301 4267 484 4337 Petrowyna
508 4267 624 4324 eisdem
656 4269 777 4325 civibus
804 4286 857 4341 per
891 4280 1076 4343 perpetuum
1101 4271 1266 4328 silencium
1292 4273 1452 4344 imponens

183 4371 221 4427 ad
248 4373 519 4444 prescriptumque
551 4381 685 4431 castrum
718 4374 812 4447 Selyn
847 4383 1044 4433 reannectens
1067 4384 1097 4433 et
1119 4377 1360 4451 reincorporans
1383 4390 1450 4433 cunr

186 4478 303 4533 cunctis
326 4477 463 4533 eiusdem
479 4479 665 4537 utilitatibus
690 4482 886 4554 quibuslibet
910 4483 969 4539 sub
993 4482 1109 4540 eisdem
1135 4483 1227 4540 metis
1249 4488 1281 4541 et
1305 4484 1452 4551 terminis,

182 4583 295 4654 quibus
319 4583 426 4640 eadem
444 4599 498 4656 per
514 4585 639 4643 eosdem
663 4589 746 4644 cives
770 4595 852 4645 tenta
877 4587 984 4646 fuisset
1006 4595 1036 4644 et
1059 4603 1210 4661 possessa,
1228 4589 1462 4662 prenominatis,

181 4687 359 4757 Laurencio,
384 4688 510 4747 Nicolao
534 4698 563 4747 et
580 4691 774 4750 Christoforo
791 4695 871 4751 Toth
896 4694 1027 4752 donasse
1050 4700 1080 4751 et
1103 4695 1278 4765 contullise,
1303 4702 1334 4754 et
1356 4695 1452 4754 nichi-

183 4793 318 4850 lominus
340 4795 456 4865 eadem,
470 4805 503 4852 ut
520 4804 694 4869 pretactum
718 4810 771 4870 est,
790 4816 846 4873 per
861 4801 982 4872 regium
1006 4808 1037 4858 et
1061 4801 1135 4859 dicti
1157 4802 1286 4885 capituli
1311 4796 1452 4861 homines

181 4896 275 4973 juxta
299 4900 390 4958 huius
420 4903 508 4974 regni
535 4904 786 4964 consuetudinem
812 4906 929 4965 eisdem
952 4907 1133 4981 Laurencio,
1155 4907 1288 4973 Nicolao
1310 4917 1343 4970 et
1363 4908 1453 4970 cun·-
