3278 5348
618 438 685 494 Doc
710 432 790 517 356.
822 472 848 479 -·
880 439 937 497 An.
963 435 1053 514 1496.
1389 456 1450 519 509

190 545 536 557 -.-—-———-----—

185 667 215 718 et
227 657 483 734 provenientibus
498 653 672 725 tenendam,
689 652 907 728 possidendam
922 655 1038 726 pariter
1051 660 1080 711 et
1093 654 1268 714 habendam
1281 659 1324 717 ita
1339 667 1452 736 tamen,

185 765 268 840 quod
293 764 395 822 dictus
410 762 580 835 Gregorius
603 761 737 820 Shedina
752 761 907 833 ceterique
930 760 1069 817 eiusdem
1093 760 1204 819 domus
1221 768 1363 838 teniores,
1381 785 1452 843 pos·

184 887 327 942 sessores,
350 870 481 942 singulis
504 869 591 927 anuis
615 868 772 942 perpetuis
796 866 907 924 futuris
932 867 1125 938 temporibus
1148 869 1179 925 in
1203 869 1281 929 festo
1295 874 1377 933 beati
1393 875 1452 934 Ge·

186 979 265 1051 orgii
291 974 428 1034 martiris
461 990 555 1033 unum
584 982 708 1032 ortouez
746 980 775 1031 et
802 973 910 1045 viginti
934 973 1051 1030 solidos
1074 990 1127 1031 seu
1162 975 1304 1036 denarios
1335 982 1453 1056 hunga-

187 1084 298 1143 ricales
322 1097 380 1155 pro
410 1088 551 1154 tempore
581 1088 739 1138 currentes
772 1079 962 1150 totidemque
994 1079 1075 1136 beati
1101 1081 1223 1140 Martini
1254 1088 1393 1162 episcopi
1423 1100 1453 1150 et
1494 1094 1502 1113 ·

187 1189 386 1258 contessoris;
409 1202 527 1245 necnon
551 1186 610 1243 tria
627 1200 763 1243 munera:
781 1184 926 1242 videlicet
942 1186 972 1241 in
989 1183 1067 1241 resto
1084 1185 1198 1245 l'asche
1222 1188 1340 1252 domini
1356 1212 1453 1256 uuum

189 1311 313 1352 caseum
347 1294 473 1361 bonum,
503 1291 638 1350 sedecim
662 1306 722 1348 ova
745 1306 781 1347 ac
805 1306 862 1363 pro
887 1305 947 1347 uno
972 1290 1100 1348 denario
1125 1308 1219 1365 panes
1243 1311 1301 1368 pro
1325 1316 1453 1364 munere

196 1403 315 1476 primo;
339 1415 397 1475 pro
420 1399 555 1457 secundo
587 1404 690 1456 autem
715 1413 842 1454 munere
867 1397 1011 1455 videlicet
1033 1398 1064 1455 in
1088 1398 1166 1457 testo
1189 1401 1272 1460 beati
1303 1403 1452 1480 Stephani

188 1510 270 1581 regis
294 1507 372 1564 duos
397 1506 502 1579 pullos
522 1503 650 1580 juvenes
673 1504 773 1560 bonos
789 1508 818 1560 et
842 1518 899 1575 pro
926 1518 986 1560 uno
1010 1503 1135 1562 denario
1160 1523 1269 1580 panes;
1295 1511 1369 1570 item
1393 1532 1452 1588 pro

191 1629 319 1672 munere
344 1613 439 1670 tercio
462 1611 609 1668 videlicet
632 1611 663 1667 in
687 1609 764 1668 testo
795 1611 906 1667 natalis
938 1610 1064 1680 domini,
1096 1611 1174 1670 duos
1198 1630 1330 1688 capones
1354 1622 1453 1685 bonos

189 1726 219 1776 et
242 1732 300 1792 pro
335 1732 396 1775 uno
431 1715 557 1773 denario
591 1729 687 1788 panes
721 1714 812 1772 nobis
835 1729 870 1771 ac
893 1716 1123 1773 successoribus
1146 1721 1258 1777 nostris
1282 1723 1450 1789 abbatibus

188 1832 217 1882 et
248 1824 309 1898 ipsi
337 1828 444 1880 nostro
468 1821 655 1879 monasterio
678 1819 751 1877 dare
775 1826 805 1877 et
828 1821 1054 1880 amministrare
1078 1825 1136 1881 sub
1160 1842 1240 1898 pena
1264 1829 1378 1906 duppli
1401 1837 1451 1896 de·

188 1932 305 1989 bebunt
337 1936 368 1988 et
398 1928 592 1995 tenebuntur,
624 1933 776 2000 eruntque
798 1926 937 1998 obligati.
962 1928 1031 1985 Hoc
1054 1945 1114 1988 uon
1139 1938 1347 2010 pretermisso,
1371 1951 1404 1999 ut
1428 1945 1453 2002 si

187 2037 304 2095 dictum
337 2035 523 2108 Gregorium
557 2033 691 2092 Shedina
715 2035 756 2090 ab
787 2034 844 2091 hac
875 2034 945 2090 luce
980 2036 1115 2107 migrare
1145 2042 1309 2114 contingat,
1342 2056 1454 2108 extunc

187 2142 270 2200 idem
302 2141 472 2213 Gregorius
501 2139 635 2198 Shedina
659 2139 843 2212 cuicumque
875 2140 1020 2198 maluerit
1055 2143 1086 2200 in
1117 2145 1181 2202 vita
1205 2148 1255 2205 vel
1291 2150 1322 2208 in
1353 2165 1453 2215 morte

187 2248 302 2306 donare
326 2263 379 2305 seu
405 2248 510 2319 legare
529 2246 587 2304 uel
612 2246 752 2314 vendere,
777 2262 910 2318 persone
934 2255 1037 2304 tamen
1062 2251 1203 2322 seculari,
1227 2260 1256 2311 et
1281 2273 1351 2314 cum
1375 2264 1452 2320 scitu

185 2363 292 2413 nostro
316 2370 370 2412 seu
402 2368 616 2411 successorum
640 2357 817 2410 nostrorum
841 2368 958 2410 necnon
981 2354 1119 2412 eiusdem
1144 2357 1255 2416 domus
1279 2364 1453 2426 vicinorum

188 2461 292 2534 possit,
325 2461 499 2533 habeatque
547 2465 738 2532 potestatem,
769 2459 959 2531 habebitque
991 2459 1169 2519 facultatem
1202 2466 1342 2542 plenam;
1368 2475 1452 2546 quod

189 2568 247 2624 nisi
272 2566 372 2624 dictus
399 2565 568 2637 Gregorius
591 2564 725 2623 Shedina
749 2579 784 2621 ac
808 2566 862 2622 alii
886 2565 1024 2623 eiusdem
1050 2566 1160 2626 domus
1178 2578 1311 2632 tentores
1334 2586 1363 2636 et
1381 2595 1451 2653 pos·

187 2688 321 2730 sessores
345 2679 450 2729 contra
481 2687 547 2742 nos,
572 2686 825 2743 successoresque
848 2680 969 2728 nostros
994 2682 1023 2728 et
1046 2674 1203 2747 prelatum
1228 2687 1451 2744 monasterium

184 2784 327 2837 nostrum
360 2794 378 2835 a
412 2787 483 2836 nota
507 2777 696 2836 infidelitatis
720 2788 748 2834 et
773 2779 852 2834 vicio
877 2779 1104 2850 ingratitudinis
1129 2783 1282 2843 immunes
1306 2796 1336 2847 et
1359 2792 1448 2850 inno·

188 2887 255 2943 xios
279 2884 420 2942 studeant
438 2899 627 2958 preservare,
644 2885 783 2957 alioquin
807 2900 824 2940 a
847 2883 914 2958 jure
931 2896 959 2941 et
979 2889 1166 2959 proprietate
1183 2892 1323 2953 ciusdem
1337 2897 1448 2957 domus

188 2999 218 3049 et
240 2990 329 3048 fundi
352 2990 463 3049 cadant
487 2997 516 3047 et
540 2989 746 3048 destituantur
769 3005 805 3047 eo
830 2989 920 3060 factu,
944 3008 1004 3063 que
1029 3010 1151 3051 rursum
1177 2997 1214 3053 acl
1240 3015 1302 3070 nos,
1321 3003 1452 3063 domini·

189 3113 306 3170 umque
330 3106 470 3155 nostrum
493 3096 620 3153 devolvi
644 3097 743 3168 possit
765 3102 795 3152 et
818 3098 928 3152 valeat.
954 3097 986 3153 ln
1011 3099 1097 3154 cuius
1122 3102 1164 3157 rei
1188 3109 1381 3178 memoriam,
1399 3110 1451 3168 str-

189 3205 392 3276 mitatemque
417 3210 599 3276 perpetuam
629 3202 824 3275 presentibus
854 3203 966 3259 litteris
998 3206 1110 3262 nostris
1141 3208 1281 3279 sigillum
1313 3225 1453 3275 nostrum

196 3309 358 3366 abbaciale
389 3308 535 3366 duximus
570 3307 817 3381 appendendum.
849 3308 963 3365 Datum
997 3309 1073 3368 feria
1097 3316 1191 3372 tercia
1214 3321 1358 3389 proxima
1382 3331 1452 3380 ante

189 3413 304 3472 festum
328 3421 505 3472 sanctorum
530 3413 637 3471 decem
670 3413 807 3471 millium
831 3415 1003 3472 martirum.
1029 3420 1118 3476 Anno
1141 3419 1260 3481 domini
1284 3427 1453 3486 millesimo

191 3521 495 3594 quadringentesimo
519 3521 718 3592 nonagesimo
742 3529 836 3577 sexto.

295 3655 428 3720 Originale
447 3657 474 3705 in
493 3657 639 3706 membrana
657 3672 746 3721 parum
764 3672 876 3706 exesum.
897 3660 920 3706 E
939 3675 1002 3708 zona
1021 3662 1117 3711 sericea
1131 3665 1199 3714 rubri
1220 3674 1245 3715 et
1255 3669 1344 3717 viridis
1360 3670 1454 3720 coloris

187 3745 317 3809 appendet
336 3745 459 3809 sigillum.
478 3747 510 3794 Iu
527 3746 596 3796 arch.
616 3761 672 3794 ven,
690 3761 744 3809 cap.
765 3747 866 3809 zagrab.
886 3748 955 3795 Acta
974 3764 1025 3797 uon
1045 3759 1191 3813 regestrata.

780 3923 866 3988 386.

297 4035 376 4083 Anno
400 4033 474 4096 1496,
495 4048 518 4095 4.
540 4035 693 4087 decembris.
703 4036 801 4088 Budae.

199 4143 374 4214 Vladislaus,
403 4144 581 4217 Iluugurr'ae
610 4154 656 4205 etc.
680 4165 742 4214 rer,
766 4147 839 4203 cibes
861 4149 1058 4221 zqgrubriurscs
1081 4154 1110 4208 in
1140 4157 1315 4229 episcopatur
1338 4162 1454 4234 zograb.

463 4252 609 4308 territurio
632 4254 715 4308 etrum
725 4260 819 4325 porro
843 4256 949 4312 tributa
973 4258 1081 4314 saluere
1096 4257 1187 4336 subet.

297 4386 488 4444 Wladislaus
523 4386 571 4444 dei
596 4390 698 4458 gracia
722 4406 776 4447 rex
802 4392 958 4461 ilungarie
983 4402 1011 4448 et
1045 4394 1189 4453 Bohcmie
1212 4405 1266 4455 etc.
1291 4400 1454 4460 Fidelibus

194 4494 307 4551 nostris
340 4492 546 4566 prudentibus
579 4501 608 4550 et
632 4496 862 4569 circumspectis
882 4496 977 4571 judici
1001 4509 1031 4556 et
1053 4499 1171 4573 juratis,
1195 4506 1365 4580 ceterisque
1390 4510 1455 4566 uni·

192 4601 288 4656 versis
312 4600 433 4657 civibus
457 4607 484 4656 et
503 4601 610 4657 incolis
627 4602 760 4659 civitatis
776 4604 889 4660 montis
907 4604 1076 4673 Grecensis,
1093 4608 1226 4665 salutem
1250 4619 1279 4667 et
1302 4615 1454 4684 graciam.

191 4707 342 4779 Exposuit
375 4707 527 4764 maiestati
560 4716 664 4764 nostre
695 4708 797 4766 fidelis
824 4719 928 4767 noster
952 4713 1139 4770 reverendus
1164 4717 1194 4772 in
1218 4716 1341 4775 Christo
1367 4726 1455 4793 pater

191 4810 334 4870 dominus
366 4814 530 4883 Osualdus.
556 4815 720 4888 episcopus
751 4818 880 4874 ecclesie
903 4821 1119 4889 zagrabiensis,
1144 4823 1227 4895 quod
1252 4824 1323 4881 licet
1347 4842 1402 4884 vos
1425 4836 1455 4885 et

191 4918 324 4990 quilibet
359 4926 497 4977 vestrum
521 4937 538 4977 a
561 4928 701 4994 tempore
732 4923 819 4980 cuius
841 4924 925 4981 inicii
949 4928 1099 4984 memoria
1122 4928 1283 4987 hominum
1307 4947 1367 4989 non
1391 4935 1455 4991 exi-
