3278 5348
185 387 244 446 232
564 366 637 425 Dor.
663 379 729 444 170.
754 378 818 444 171.
845 399 883 412 -
909 368 1078 446 An..1453.

181 590 301 645 sutores
322 586 496 658 magistros,
512 581 787 645 consuetudinibus
802 588 833 642 et
847 583 1052 656 libertatibus,
1069 584 1147 641 alias
1171 582 1337 657 confectas,
1351 584 1442 643 veluti

182 708 240 751 vos
264 693 343 751 alios
367 691 501 751 artifices
520 699 551 751 et
565 692 759 750 laboratores
782 691 813 749 in
829 690 968 764 pristinis
983 689 1152 749 earundem
1167 690 1446 763 consvetudinibus,

183 800 305 859 artibus
328 804 358 857 et
381 798 613 857 laboratoribus
636 797 801 871 persistere
825 797 1013 867 decrevistis,
1037 811 1222 855 conservare
1244 795 1446 868 intendamus,

183 913 213 966 et
237 905 275 965 de
298 904 366 983 jure
396 920 580 964 conservare
611 905 701 963 liceat
732 909 762 962 et
791 903 906 977 deceat,
929 918 988 978 pro
1010 918 1048 962 eo
1071 909 1173 961 vestre
1196 902 1344 962 fidelitati
1366 918 1446 961 com·

182 1013 336 1071 mittimus
358 1017 389 1070 et
412 1010 597 1070 mandamus
620 1010 822 1081 universitati
843 1015 994 1084 quatenus
1025 1009 1164 1083 prefatos
1199 1016 1321 1069 sutores
1355 1011 1448 1084 impe·

182 1118 258 1191 dire,
281 1133 390 1177 eorum
413 1117 650 1176 consvetudines
672 1117 794 1175 artibus
817 1117 907 1175 sicuti
929 1116 1008 1175 alios
1038 1115 1172 1174 artifices
1194 1120 1225 1174 et
1257 1116 1446 1174 laboratores

183 1223 330 1300 pacificos
353 1223 560 1297 relinquimus
583 1229 617 1282 ut
640 1223 894 1281 communitatem
925 1227 1076 1293 sutorum,
1112 1222 1227 1280 damno
1258 1228 1289 1281 et
1319 1222 1447 1298 impedi-

182 1336 287 1390 mento
309 1331 375 1389 sine
397 1331 482 1389 omni
504 1329 633 1400 tamdiu,
665 1330 762 1388 donec
793 1346 849 1404 per
878 1330 957 1387 alios
989 1328 1122 1387 artifices
1165 1328 1392 1403 disposiciones
1420 1334 1448 1386 et

185 1437 424 1496 constituciones
456 1451 638 1495 conservare
670 1437 789 1495 faciatis
811 1441 997 1509 prenotatas.
1031 1434 1101 1508 Qui,
1135 1435 1161 1493 si
1195 1434 1341 1506 feceritis,
1375 1436 1447 1493 bene

185 1542 320 1617 quidem,
344 1543 485 1616 alioquin
506 1543 721 1601 commisimus
745 1542 872 1600 domino
895 1542 995 1614 Petro,
1018 1541 1255 1616 archiepiscopo
1286 1542 1445 1612 colocensi,

183 1648 302 1708 ibidem
317 1649 400 1708 vices
415 1655 536 1707 nostras
551 1650 670 1723 gerenti
692 1655 724 1706 et
745 1649 825 1707 serie
848 1648 1043 1721 presencium
1066 1648 1301 1720 committimus,
1325 1653 1362 1705 ut
1381 1662 1448 1721 pre·

181 1756 297 1815 libatos
320 1762 439 1814 sutores
462 1759 569 1813 contra
606 1756 763 1829 quoslibet
797 1756 991 1829 impetitores
1014 1768 1073 1829 pro
1096 1753 1235 1827 pristinis
1257 1753 1448 1813 consvetudi·

182 1863 275 1921 nibus
305 1863 364 1920 sub
398 1866 504 1919 nostra
539 1860 711 1919 confiducia
745 1875 928 1919 conservare
951 1864 982 1919 et
1004 1866 1108 1918 tenere
1130 1860 1245 1918 habeat
1268 1859 1449 1918 facultatem

182 1969 365 2028 auctoritate
387 1968 472 2041 regia
495 1972 588 2040 atque
610 1972 716 2025 nostra
740 1967 800 2025 sibi
824 1968 991 2025 commissa
1015 1966 1170 2024 mediante
1200 1967 1233 2024 in
1264 1966 1322 2024 hac
1351 1970 1446 2040 parte,

182 2076 295 2133 harum
317 2079 495 2133 nostrarum
512 2074 688 2131 testimonio
704 2074 889 2131 litterarum.
914 2073 1072 2130 Presentes
1088 2077 1193 2129 autern
1211 2078 1284 2146 post
1299 2072 1447 2129 lecturam

182 2180 273 2239 reddi
295 2178 480 2238 mandamus
503 2180 700 2253 presentanti.
724 2178 840 2237 Datum
864 2177 957 2249 Bude,
980 2177 1058 2235 feria
1080 2178 1175 2236 tercia
1206 2178 1351 2252 proxima
1381 2179 1448 2252 post

182 2285 373 2344 dominicam
394 2285 495 2344 Oculi.
519 2286 610 2342 Anno
634 2285 751 2343 domini
776 2284 1112 2342 MCCCCXXXXXIII.

288 2406 312 2453 E
332 2404 443 2470 simplici
462 2409 622 2469 transumpto
636 2420 700 2455 saec.
721 2405 815 2455 XVII.
835 2406 867 2452 In
884 2404 980 2455 archiv.
1000 2419 1057 2455 ven.
1077 2403 1161 2468 Capit.
1180 2403 1282 2468 zagrab.

774 2597 858 2666 170.

289 2688 370 2737 Anno
392 2700 466 2753 1453,
489 2700 511 2741 1.
528 2688 609 2752 Junii.
629 2686 727 2738 Cileae.

287 2797 463 2856 Fridericus
483 2797 648 2856 Slavoniae
670 2799 779 2868 banus,
804 2803 949 2883 tutorque
972 2804 1003 2856 et
1025 2797 1195 2856 advocatus
1226 2797 1374 2856 ecclesiae
1403 2811 1449 2854 za·

183 2907 363 2979 grabiensis,
387 2905 484 2964 Ciliae
508 2905 711 2980 praesentatis
732 2905 792 2962 sibi
815 2920 872 2978 per
903 2904 1012 2962 Vitum
1043 2904 1266 2978 praepositum,
1296 2906 1448 2962 Marinum

186 3012 385 3070 dubicensem
417 3027 453 3069 ac
484 3010 718 3084 sigismundum
749 3010 1003 3068 varasdinensem
1033 3010 1268 3068 archidiaconos
1298 3018 1329 3069 et
1352 3011 1449 3069 Eliam

186 3118 225 3176 de
249 3117 428 3192 Saploncza,
463 3118 631 3188 custodem,
669 3118 832 3176 canonicos
868 3118 1091 3190 zagrabienses,
1128 3116 1277 3200 Johannis
1315 3115 1449 3190 episcopi

184 3224 391 3296 zagrabiensis
414 3225 525 3282 litteris
551 3238 642 3298 1432.
666 3223 894 3281 continentibus
917 3224 1036 3281 litteras
1059 3222 1232 3281 Eberhardi
1247 3223 1387 3297 episcopi
1404 3237 1449 3279 za·

184 3330 364 3401 grabiensis‚
392 3345 482 3405 1399.
506 3330 544 3388 de
575 3330 705 3388 decimis
738 3331 842 3403 campi
876 3330 1094 3403 zagrabiensis‚
1128 3329 1256 3387 mandat
1293 3328 1449 3388 comitatui

183 3435 375 3506 zagrabiensi
398 3441 428 3493 et
451 3437 624 3509 capetaneis
647 3437 711 3494 suis
735 3437 827 3494 castri
851 3438 882 3495 in
905 3436 1017 3494 Medve
1041 3441 1071 3496 et
1094 3436 1228 3495 civitatis
1243 3435 1449 3510 zagrabiensis

185 3544 215 3596 et
238 3539 406 3598 castellano
438 3556 495 3598 suo
527 3541 565 3598 de
588 3540 730 3615 Stupnik,
754 3548 787 3600 ut
810 3542 933 3601 nobiles
955 3543 1047 3601 castri
1070 3541 1182 3600 Medve
1205 3541 1244 3600 de
1266 3557 1382 3618 campo
1403 3555 1448 3599 za·

184 3645 339 3718 grabiensi
362 3645 401 3703 ad
424 3646 589 3704 solvendas
613 3647 750 3706 decimas
774 3649 953 3723 compellat.
988 3716 990 3720 y

291 3764 397 3828 Georgii
417 3765 588 3814 Mareelovid:
608 3768 735 3831 Regesia.
755 3776 884 3833 utsupra

775 3981 849 4049 171.

290 4103 370 4151 Auno
391 4116 437 4168 145
443 4117 465 4166 3,
489 4117 526 4155 11.
545 4105 626 4168 Junii.
647 4105 794 4166 Zagrabiae.

191 4215 295 4273 Coram
328 4217 504 4290 mogr'strolu
537 4217 662 4273 ciru'tolis
695 4218 833 4275 Malleuer'
864 4219 988 4276 Farkas‘
1025 4219 1095 4283 civis
1128 4216 1244 4276 heredes
1278 4217 1449 4279 monasterio

460 4324 484 4365 s.
507 4305 659 4362 Francr'sci
679 4306 863 4379 aagrrrbiensi
888 4307 1012 4380 legatum
1036 4306 1163 4364 tradunt.

293 4431 357 4489 Nos
381 4432 542 4490 Conradus
564 4432 701 4502 Rawsar,
725 4432 809 4490 filius
833 4434 939 4504 Vlrici‚
963 4431 1066 4508 judex,
1090 4433 1253 4507 Georgius,
1274 4434 1448 4507 Dyonisius,

190 4537 344 4611 Clemens,
375 4538 529 4610 NicolauS,
561 4538 722 4611 Georgius,
756 4540 873 4611 Petrus,
909 4540 1027 4597 Blasius
1062 4544 1093 4598 et
1130 4539 1314 4600 Benedictus
1348 4540 1448 4619 jurati,

187 4645 355 4704 consiliarii
378 4650 408 4703 et
431 4646 567 4703 universi
590 4646 673 4703 cives
689 4661 724 4703 ac
739 4651 803 4704 tota
816 4648 1022 4705 communitas
1046 4647 1162 4705 civium
1185 4647 1322 4707 civitatis
1334 4647 1447 4707 montis

187 4752 359 4811 Grecensis.
390 4752 539 4810 Memorio
574 4752 829 4810 commendamus
861 4759 967 4812 tenore
1003 4754 1197 4828 presencium
1232 4753 1448 4827 significantes,

185 4860 300 4934 quibus
322 4859 447 4933 expedit
471 4859 630 4930 universis,
655 4859 737 4932 quod
761 4860 925 4933 religiosus
950 4876 985 4918 ac
1009 4860 1066 4919 deo
1102 4859 1234 4918 devotus
1271 4860 1331 4931 vir,
1354 4858 1449 4918 frater
