3278 5348
192 467 251 548 148
612 464 685 529 Doc.
709 462 777 528 116.
799 502 843 514 -
865 470 922 529 An.
945 462 1039 549 1438.

188 685 342 760 cepcionis
364 685 454 744 beate
471 685 567 743 Marie
589 686 728 759 virginis,
748 686 891 760 proxime
907 686 1056 760 preteriti,
1079 685 1221 744 homines
1235 690 1268 744 et
1282 683 1457 746 familiares

188 791 400 865 predictorum
422 791 523 849 Vlrici
552 796 582 850 et
605 791 767 865 Vylhelmi
799 791 839 849 ad
869 798 993 866 portam
1024 791 1159 850 civitatis
1188 790 1339 867 predicte,
1362 793 1458 852 tensis

188 898 317 970 balistis,
340 898 501 968 irruentes,
526 900 729 973 quamplures
744 899 827 958 cives
842 899 940 974 ipsius
956 898 1089 958 civitatis
1104 899 1136 957 in
1151 898 1291 958 custodia
1315 898 1457 958 eiusdem

188 1004 321 1062 civitatis
337 1003 508 1075 existentes,
524 1005 637 1063 ictibus
652 1006 835 1078 sagittarum
850 1006 1045 1077 sauciassent,
1061 1022 1100 1064 ex
1116 1006 1230 1080 quibus
1253 1011 1317 1065 tres
1338 1006 1460 1065 mortui

188 1109 326 1169 fuissent.
357 1109 390 1166 In
415 1125 477 1182 quo
509 1108 590 1167 facto
624 1110 719 1169 iidem
750 1117 967 1186 procuratores
1001 1113 1141 1186 ipsorum
1176 1112 1291 1171 civium
1327 1111 1457 1171 eosdem

186 1214 302 1293 judicio
325 1221 356 1274 et
379 1217 513 1274 examini
537 1216 691 1276 dictorum
714 1216 862 1292 Stephani
890 1217 1048 1290 Byczlrele,
1081 1218 1231 1302 johannis
1253 1217 1347 1290 Totlr,
1377 1216 1457 1277 Gre-

187 1324 267 1397 gorii
291 1322 330 1380 de
352 1323 513 1381 Wrnouch
539 1330 569 1381 et
592 1324 674 1383 Petri
698 1324 737 1382 de
759 1323 971 1398 Schytaryeuo
993 1323 1080 1400 juxta
1110 1325 1316 1399 probaciones
1346 1330 1378 1382 et
1401 1324 1457 1383 do·

187 1435 331 1486 cumenta
347 1427 527 1487 eorumdem
544 1430 659 1488 civium
675 1431 707 1488 in
724 1430 805 1489 dicta
821 1431 947 1488 civitate
962 1429 1105 1488 habendo
1121 1430 1345 1488 submisissent.
1367 1430 1455 1500 Item,

188 1533 272 1607 quod
297 1534 375 1592 feria
398 1534 531 1593 secunda
555 1537 698 1609 proxima
729 1543 799 1595 ante
823 1535 936 1595 festum
960 1536 1136 1595 Natiuitatis
1159 1536 1286 1608 domini,
1310 1536 1455 1609 proxime

186 1641 379 1715 preteritum,
414 1640 553 1715 prefatus
586 1639 775 1714 Vylhelmus
810 1659 881 1701 cum
912 1644 976 1701 suis
1006 1643 1214 1716 complicibus
1241 1626 1282 1699 'de
1313 1643 1394 1700 scitu
1424 1647 1453 1699 et

186 1746 347 1805 voluntate
370 1746 443 1804 dicti
467 1746 567 1805 Vlrici
590 1749 712 1807 comitis
735 1764 822 1807 more
845 1748 1027 1807 exercituali
1050 1749 1081 1806 in
1104 1749 1189 1823 ipsos
1211 1747 1296 1805 cives
1319 1748 1453 1807 civitatis

186 1853 324 1927 predicte
347 1852 501 1925 irruendo,
525 1867 543 1910 a
566 1854 695 1912 Nicolao
719 1855 796 1913 alias
827 1855 943 1926 villico,
975 1860 1109 1928 quatuor
1138 1854 1245 1925 boves,
1276 1868 1313 1911 ac
1337 1869 1453 1912 merce

184 1961 272 2018 nario
294 1959 432 2018 eiusdem
455 1975 548 2018 unam
566 1962 711 2032 tunicam,
728 1977 786 2036 pro
802 1962 902 2020 tribus
918 1961 1020 2035 pensis
1035 1967 1184 2034 emptam,
1207 1975 1306 2018 unum
1321 1961 1452 2033 palium,

185 2081 282 2123 unum
305 2063 456 2122 florenum
480 2067 548 2124 auri
568 2067 677 2124 valens
685 2087 692 2137 ;
723 2068 797 2124 item
821 2083 838 2125 a
862 2067 964 2125 Blasio
988 2066 1065 2124 duos
1086 2067 1193 2137 boves,
1225 2065 1303 2124 duas
1326 2080 1452 2136 vaccas;

185 2172 259 2230 item
283 2186 301 2229 a
324 2169 481 2244 Stephano
504 2171 648 2246 lapicida,
675 2172 752 2230 duos
775 2174 880 2244 boves,
915 2187 1009 2230 unam
1033 2187 1161 2230 vaccam
1196 2171 1385 2243 abstulisset,
1417 2187 1452 2230 ac

184 2277 286 2335 filium
310 2291 401 2334 suum
425 2277 560 2336 letaliter
583 2279 792 2349 vulnerasset;
816 2280 889 2337 item
914 2294 931 2336 a
955 2277 1115 2336 Clemente
1139 2284 1202 2336 tres
1224 2278 1323 2336 boves
1331 2295 1339 2349 ;
1376 2279 1450 2337 item

184 2398 203 2441 a
225 2383 316 2441 Petro
340 2382 418 2440 duos
442 2383 555 2454 boves;
578 2385 653 2442 item
676 2399 693 2442 a
718 2382 884 2443 Valentino
908 2385 986 2443 duos
1011 2385 1123 2455 boves;
1146 2385 1220 2442 item
1245 2399 1262 2441 a
1284 2384 1453 2443 Herricho·

184 2491 249 2547 nicz
274 2489 351 2547 duos
374 2490 471 2547 boves
486 2495 516 2546 et
532 2505 658 2548 currum
675 2506 766 2548 suurn
782 2492 957 2565 recepisset.
982 2491 1020 2548 Et
1035 2489 1110 2548 dum
1127 2491 1188 2563 ipsi
1210 2491 1294 2547 cives
1317 2490 1453 2548 civitatis

185 2594 323 2669 predicte
347 2609 405 2669 pro
428 2594 605 2654 defensione
628 2597 841 2670 predictorum
867 2598 963 2654 boum
986 2602 1016 2654 et
1038 2597 1172 2655 aliarum
1194 2610 1303 2653 rerum
1323 2609 1453 2654 suarum

184 2702 358 2772 exivissem,
393 2708 467 2760 tunc
501 2701 641 2776 prefatus
676 2704 863 2774 Vylhelmus
898 2718 970 2760 cum
1002 2702 1071 2760 aliis
1094 2702 1158 2759 suis
1181 2701 1394 2776 complicibus
1417 2718 1454 2760 ac

184 2809 353 2880 armigeris,
377 2809 606 2866 exercitualiter
637 2809 804 2882 dispositis,
837 2810 868 2867 in
892 2809 976 2882 ipsos
999 2806 1146 2866 irruendo
1170 2806 1297 2865 eosdem
1319 2806 1398 2867 diris
1422 2813 1452 2866 et

183 2913 331 2971 letalibus
366 2915 550 2972 vulneribus
577 2916 742 2973 sauciasset
773 2922 803 2973 et
833 2916 945 2973 acriter
975 2916 1177 2973 vulnerasset
1200 2914 1246 2972 Ex
1270 2914 1387 2987 quibus
1410 2914 1453 2973 ci·

184 3020 276 3077 vibus
298 3020 416 3078 ibidem
439 3028 508 3078 octo
531 3021 682 3079 interfecti
707 3020 844 3094 fuissent,
866 3026 896 3079 et
920 3020 1046 3079 tandem
1068 3034 1148 3078 unus
1171 3019 1337 3078 familiaris
1359 3021 1454 3078 unius

184 3127 260 3183 civis
284 3128 381 3184 eciam
398 3127 516 3184 ibidem
540 3128 659 3186 occisus
683 3128 841 3199 extitisset,
866 3135 895 3185 et
919 3127 1084 3185 duodecim
1107 3127 1199 3200 capti,
1223 3131 1253 3182 et
1284 3140 1347 3183 una
1380 3142 1453 3185 cum

183 3232 281 3303 preda
303 3232 442 3305 predicta
466 3232 505 3289 ad
529 3242 666 3291 castrum
690 3234 809 3292 Medwe
833 3233 917 3291 ducti
940 3232 1070 3290 fuissent
1085 3238 1114 3290 et
1130 3231 1233 3290 adhuc
1248 3238 1351 3290 essent
1368 3232 1451 3302 vivi;

184 3336 222 3392 de
257 3338 333 3410 ipsis
364 3339 534 3395 vulneratis
569 3339 675 3397 decem
712 3348 741 3397 et
776 3345 854 3411 octo,
878 3338 916 3396 de
940 3354 1074 3413 quorum
1098 3339 1162 3396 vita
1185 3337 1392 3410 dubitaretur,
1415 3352 1453 3396 ac

183 3443 287 3498 omnia
323 3443 404 3499 bona
439 3450 468 3500 et
503 3460 560 3515 res,
595 3447 740 3517 pecunias
775 3454 805 3503 et
835 3452 944 3516 vestes,
976 3453 1040 3502 tam
1064 3445 1145 3503 circa
1169 3444 1241 3502 illos
1265 3443 1453 3515 interfectos,

184 3563 281 3622 quam
316 3549 413 3605 eciam
449 3550 530 3606 circa
565 3552 705 3624 captivos
741 3552 863 3609 habitas
898 3559 928 3609 et
962 3552 1126 3609 existentes
1160 3550 1328 3623 recepisset
1359 3555 1390 3607 et
1412 3549 1452 3607 ad

183 3655 286 3727 ipsum
311 3662 446 3711 castrum
472 3655 657 3713 deduxisset.
681 3658 749 3729 Que
770 3658 874 3715 omnia
899 3659 996 3716 eciam
1028 3656 1144 3734 judicio
1167 3665 1197 3715 et
1220 3657 1356 3715 examini
1389 3656 1453 3714 dic·

183 3764 286 3817 torum
322 3759 470 3833 Stephani
506 3761 667 3833 Bychkele,
701 3763 848 3845 Johannis
884 3765 973 3835 Toth,
1009 3763 1154 3836 Gregorii
1184 3762 1223 3821 de
1247 3763 1397 3822 Vrnouch
1420 3768 1452 3821 et

182 3866 264 3923 Petri
289 3866 326 3923 de
360 3865 571 3940 Schytaryeuo
602 3871 805 3927 consimiliter
839 3869 924 3944 juxta
962 3871 1165 3944 probaciones
1201 3875 1232 3928 et
1264 3868 1454 3928 documenta

182 3972 365 4029 eorumdem
390 3974 506 4031 civium
530 3974 648 4031 ibidem
672 3975 886 4047 producendas
922 3976 1034 4048 fiendo,
1069 3977 1130 4050 ipsi
1166 3981 1387 4050 procuratores
1421 3983 1453 4034 et

183 4079 265 4136 cives
289 4079 510 4138 submisissent.
535 4080 620 4150 Item,
645 4081 727 4154 quod
753 4082 783 4138 in
808 4082 885 4140 festo
909 4083 1075 4139 beatorum
1098 4081 1211 4139 Cosme
1242 4088 1272 4139 et
1305 4081 1453 4140 Damiani

183 4186 358 4253 martirum,
381 4188 522 4258 proxime
547 4189 740 4260 preteritum,
765 4188 859 4245 iidem
885 4189 1027 4247 homines
1051 4193 1081 4244 et
1104 4186 1276 4246 familiares
1299 4186 1376 4245 dicti
1397 4184 1452 4245 'co-

183 4293 266 4349 mitis
301 4290 554 4350 Bartholomeum
591 4295 772 4367 vitriparem
808 4310 879 4351 cum
915 4293 1124 4351 familiaribus
1158 4293 1222 4351 suis
1252 4292 1291 4350 de
1313 4292 1453 4367 Petouya

182 4396 253 4454 cunr
287 4397 381 4454 rebus
415 4403 443 4453 et
480 4399 568 4456 bonis
600 4393 735 4476 (eorum)
769 4416 876 4459 versus
909 4403 1035 4475 propria
1067 4401 1240 4458 venientem
1265 4400 1325 4458 sub
1348 4410 1452 4461 castro

181 4501 301 4560 Medwe
334 4502 367 4558 in
401 4503 451 4559 via
486 4504 585 4560 libera
623 4511 652 4562 et
687 4507 814 4579 publica
849 4513 1008 4580 repertum
1040 4506 1249 4579 captivassent
1269 4511 1299 4563 et
1322 4513 1453 4580 captum

182 4623 275 4681 penes
299 4607 381 4666 idem
412 4615 548 4667 castrum
579 4609 707 4681 Medwe,
732 4628 795 4685 quo
819 4614 959 4687 ipsorum
984 4612 1153 4686 placuisset
1175 4612 1329 4671 voluntati
1353 4611 1453 4672 dedu·

183 4715 308 4785 xissent,
343 4729 379 4772 ac
413 4715 491 4774 duos
524 4732 620 4790 equos
654 4733 734 4789 suos,
765 4734 881 4777 necnon
913 4718 1059 4793 pecunias
1083 4724 1113 4776 et
1136 4734 1186 4776 res
1210 4732 1247 4776 ac
1269 4717 1353 4777 bona
1377 4734 1453 4794 erga

182 4821 269 4895 ipsos
291 4821 413 4879 habitas
437 4824 630 4897 recepissent,
654 4824 821 4899 ipsumque
849 4825 879 4883 in
903 4824 1108 4898 quadraginta
1131 4823 1255 4883 florenis
1285 4824 1355 4883 auri
1378 4841 1453 4901 pac·

182 4935 305 5000 lassent,
334 4944 371 4986 ex
403 4931 517 5002 quibus
550 4931 660 5003 viginti
683 4929 815 4988 florenos
838 4933 906 4989 auri
930 4933 1007 5006 ipsis
1030 4931 1241 5005 persolvisset,
1264 4939 1296 4990 et
1318 4946 1379 5008 pro
1403 4934 1451 4993 vi·
