3278 5348
196 411 254 483 138
606 408 681 468 Duc.
706 421 771 465 rro.
795 441 837 450 —
860 407 917 465 Aa.
942 402 1032 484 1438.

1159 511 1453 519 —-———-—---—-

194 624 310 682 scilicet
333 623 421 695 Cilic,
444 624 639 696 Orlenburge
660 631 691 682 et
713 623 849 696 Zagorie,
872 622 1072 680 dominorum
1087 635 1226 694 suorum,
1249 621 1328 680 duas
1350 637 1457 680 vaccas

192 729 353 787 cuiusdam
377 731 479 788 coloni
503 731 600 804 ipsius
623 731 757 788 civitatis
780 730 810 788 in
842 729 1035 803 possessione
1058 726 1203 786 Grachan
1235 732 1346 786 vocata
1376 742 1458 786 corn·

190 837 349 906 morantis,
373 837 459 894 omni
481 851 536 895 sua
559 837 624 896 sine
647 838 741 911 culpa
772 836 870 910 recipi
891 844 921 893 et
944 834 983 893 ad
1016 834 1136 892 dictum
1168 840 1306 892 castrum
1337 833 1456 892 Medwe

191 934 302 1002 deduci
324 959 360 1001 ac
383 944 452 1002 usui
475 959 531 1002 suo
560 943 703 1016 deputari
725 943 854 1003 fecisset
877 943 916 1000 Et
939 940 1022 1015 quod
1054 939 1138 998 idem
1160 939 1355 999 Wilhelmus
1379 952 1458 998 anno

190 1051 333 1122 proxime
357 1056 511 1109 transacto
535 1051 616 1109 circa
640 1048 753 1107 festum
775 1049 858 1107 beati
889 1049 971 1122 regis
1001 1046 1132 1107 Osualdi
1160 1047 1332 1106 nonnullos
1364 1048 1457 1118 cives,

191 1156 330 1230 hospites
352 1164 382 1214 et
405 1157 596 1214 habitatores
631 1156 710 1214 dicte
741 1156 874 1214 civitatis
903 1155 1017 1215 montis
1049 1153 1211 1213 Grecensis
1242 1153 1282 1212 de
1312 1153 1459 1212 nundinis

190 1278 244 1321 seu
271 1263 338 1321 loro
362 1264 486 1322 annuali
501 1263 695 1338 pethouiensi
716 1278 786 1320 curu
802 1277 911 1320 eorum
927 1262 1022 1319 rebus
1038 1260 1326 1320 mercimonialibus
1348 1275 1459 1318 versus

189 1371 317 1443 propria
350 1370 588 1444 proficiscentes,
613 1370 663 1426 via
685 1370 715 1427 in
746 1369 855 1439 libera,
889 1368 1034 1427 similiter
1056 1383 1094 1425 ex
1129 1367 1215 1438 scitu,
1239 1367 1403 1425 voluntate
1429 1371 1458 1426 et

189 1476 406 1534 commissione
432 1477 586 1534 dictorum
611 1474 810 1533 dominorum
833 1474 992 1544 comitum,
1017 1473 1216 1532 dominorum
1237 1487 1378 1542 suorum,
1402 1488 1459 1546 per

189 1579 340 1652 quosdam
365 1581 535 1639 familiares
559 1596 594 1638 ac
609 1582 750 1640 homines
766 1595 839 1638 suos
861 1589 891 1638 et
913 1580 1055 1654 ipsorum
1072 1579 1271 1638 dominorum
1295 1579 1457 1651 comitum,

189 1687 337 1759 precipue
361 1703 417 1760 per
444 1685 612 1760 quemdam
637 1687 844 1744 Colomanum
875 1685 1113 1759 Trahenberger
1142 1701 1180 1744 ac
1206 1686 1406 1769 Jeronimum
1428 1690 1458 1743 et

189 1791 366 1859 Martinum
389 1792 490 1849 filium
516 1792 653 1851 ladislai
676 1792 714 1849 dc
737 1792 890 1866 Gorycha,
915 1809 976 1866 que
992 1794 1108 1852 scilicet
1131 1809 1181 1851 res
1204 1792 1455 1851 mercimoniales

188 1897 253 1955 fere
276 1898 315 1955 ad
339 1898 402 1955 duo
425 1900 527 1957 millia
550 1899 736 1957 florenorum
761 1901 829 1957 auri
851 1915 884 1957 se
907 1900 1123 1965 extendissent.
1147 1899 1244 1973 recipi
1266 1907 1297 1956 et
1320 1913 1454 1972 quosue

188 2005 358 2078 placuisset
381 2006 542 2075 voluntati,
572 2004 730 2079 deportari
761 2013 790 2063 ct
822 2006 918 2065 dividi
956 2007 1084 2066 lecisset.
1105 2008 1174 2065 Hiis
1196 2021 1258 2064 non
1292 2012 1455 2065 contentus

191 2108 272 2166 idem
297 2110 489 2169 Wilhclmus
516 2112 659 2169 similiter
682 2128 720 2169 ex
750 2127 907 2183 consensu,
936 2114 1014 2171 scitu
1049 2118 1079 2171 et
1112 2114 1273 2171 voluntate
1297 2113 1455 2172 dictorum

188 2214 385 2274 dominorum
401 2232 529 2274 suorum
553 2218 634 2275 circa
657 2216 771 2275 festum
789 2218 964 2277 Natiuitatis
988 2219 1116 2292 virginis
1139 2218 1284 2290 gloriose,
1308 2220 1453 2292 proxime

190 2321 382 2394 preteritum,
405 2322 556 2379 nonnulla
579 2339 690 2396 pecora
715 2330 744 2381 et
768 2323 900 2396 pecudes
924 2324 1079 2381 dictorum
1112 2324 1229 2383 civium
1260 2322 1299 2381 de
1332 2339 1454 2398 posses·

191 2428 275 2485 siune
299 2428 433 2500 Roycha,
457 2428 525 2486 loro
548 2430 664 2487 scilicet
695 2430 838 2487 similiter
860 2431 986 2488 annuali
1005 2446 1113 2488 versus
1143 2431 1272 2504 propria
1294 2429 1454 2505 ducentes,

186 2535 238 2591 via
273 2534 304 2591 in
338 2535 445 2601 libera,
481 2536 566 2592 omni
589 2535 729 2609 ipsorum
765 2536 881 2594 civium
915 2537 980 2595 sine
1014 2537 1116 2610 culpa,
1147 2537 1244 2611 recipi
1278 2544 1309 2594 et
1340 2538 1453 2596 aufferi

186 2642 274 2698 acin
299 2642 390 2698 certis
414 2642 597 2714 pecuniariis
619 2643 842 2714 quantitatibus
866 2643 985 2717 pactari
1015 2649 1045 2702 et
1067 2643 1207 2717 permitti
1238 2642 1370 2711 lecisset,
1395 2659 1451 2718 po·

188 2748 284 2804 tencia
309 2747 470 2815 mediante,
488 2748 519 2805 in
535 2746 742 2820 preiudicium
765 2754 795 2805 et
820 2748 993 2823 dampnum
1009 2749 1193 2807 eorumdem
1216 2750 1334 2808 civium
1358 2750 1452 2809 valde

188 2867 345 2925 magnum.
370 2852 548 2926 Superque
572 2860 708 2911 vestram
733 2855 905 2913 amiciciam
923 2856 1119 2929 presentibus
1135 2857 1271 2930 petimus
1286 2855 1453 2930 diligenter

186 2968 336 3030 quatenus
359 2967 497 3017 vestrum
523 2961 653 3018 mittatis
677 2961 835 3019 hominem
859 2977 919 3036 pro
944 2963 1122 3021 testimonio
1154 2961 1357 3036 fidedignum,
1390 2979 1451 3038 quo

185 3074 326 3137 presente
357 3065 531 3139 Stephanus
562 3067 614 3123 vel
648 3066 830 3138 Radoslaus,
868 3067 927 3124 filii
961 3068 1091 3139 Nicolai,
1126 3068 1178 3126 vel
1213 3067 1366 3141 Georgius
1399 3075 1451 3127 aut

182 3172 347 3254 Johannes,
372 3171 431 3228 filii
454 3172 537 3229 lwan
561 3171 599 3229 de
623 3172 823 3244 Brezouycza,
846 3190 901 3231 ceu
937 3172 1107 3246 Gregorius
1130 3173 1168 3231 de
1191 3173 1376 3247 Beryrlaucz
1398 3182 1452 3233 aut

183 3277 323 3346 blathias‚
347 3277 432 3335 filius
455 3277 607 3351 Gregorii,
632 3279 690 3336 filii
715 3280 870 3338 Dominici
894 3280 932 3338 de
956 3281 1150 3350 Adamouch,
1165 3281 1237 3339 aliis
1259 3281 1449 3353 absentibus,

186 3383 281 3440 homo
303 3391 414 3455 noster,
438 3386 478 3441 ab
501 3385 646 3442 omnibus
666 3386 779 3459 quibus
796 3387 948 3445 incumbit
964 3403 1083 3445 meram
1108 3387 1147 3445 de
1170 3389 1331 3461 premissis
1357 3405 1449 3463 expe·

185 3490 282 3546 riatur
305 3490 477 3561 veritatem,
495 3508 588 3564 quam
613 3493 736 3550 tandem
753 3494 843 3550 nobis
866 3494 1072 3552 amicabiliter
1088 3494 1273 3552 rescribatis.
1290 3494 1450 3553 Presentes

184 3595 288 3666 sigillo
317 3596 445 3668 Nicolai,
468 3597 526 3654 filii
557 3596 700 3670 Gregorii
735 3598 772 3655 de
807 3599 933 3673 Gepew,
965 3601 1086 3659 comitis
1109 3601 1207 3658 nostri
1229 3601 1449 3673 ragrabiensis.

186 3700 315 3758 lecimus
338 3703 519 3775 consignari.
554 3704 669 3760 Datum
704 3703 855 3776 Zagrabie
889 3712 1000 3763 octavo
1024 3705 1074 3763 die
1104 3705 1174 3763 lesti
1198 3706 1447 3780 Epiphaniarum

181 3807 308 3866 Domini
332 3811 420 3866 Anno
444 3809 581 3867 eiusdem
606 3811 775 3869 millesimo
799 3810 993 3868 CCCCXXX
1017 3820 1137 3870 octavo.

285 4016 323 4066 Iv.
344 4015 514 4080 Kulruljevid.
540 4016 626 4064 Arkiv
651 4033 680 4065 za
704 4018 865 4081 povjestnicu
887 4017 1097 4082 jugoslaveuslru‚
1122 4017 1176 4082 huj.
1197 4019 1241 4067 111
1269 4026 1313 4072 str.
1335 4032 1448 4083 91—92.
