3278 5348
607 429 679 490 Dec,
696 441 775 506 309·
799 462 840 473 —
865 429 921 487 An.
946 425 1037 507 1478.
1391 434 1453 509 389

184 648 250 706 suis
273 646 432 720 inquilinis
455 651 485 705 et
511 646 736 719 pertinentibus
752 644 791 703 ad
807 644 941 703 eosdem.
957 623 1160 718 Singulorum
1183 652 1286 705 autem
1310 663 1348 705 ex
1363 647 1454 706 nobis

186 768 306 824 manus,
330 757 514 838 potestatem
538 759 568 811 et
592 752 765 812 dominium
789 752 830 808 ab
854 750 971 809 eisdem
995 751 1171 826 hospitibus
1193 752 1308 811 nostris
1331 754 1455 826 penitus

186 866 218 918 et
241 860 370 917 omnino
403 859 585 933 excipimus,
609 859 668 916 hoc
684 857 849 915 dumtaxat
871 862 1010 931 excepto,
1034 857 1118 930 quod
1142 857 1282 931 singulos
1304 874 1343 917 ex
1364 859 1456 918 nobis

185 966 293 1024 debita
315 973 346 1024 et
377 964 489 1022 devota
520 964 697 1022 reverencia
731 970 761 1021 et
783 964 901 1021 honore
924 978 1048 1036 semper
1070 969 1305 1038 prosequantur,
1330 963 1456 1037 quodsi

185 1073 344 1148 quispiam
367 1087 406 1130 ex
428 1071 518 1129 nobis
542 1085 740 1144 quacumque
762 1069 922 1128 occasione
946 1070 1067 1142 quesita
1090 1070 1142 1129 vel
1165 1071 1291 1128 inventa
1316 1071 1454 1145 cuipiam

184 1179 327 1254 ipsorum
358 1177 516 1252 hospitum
547 1182 725 1235 nostrorum
754 1176 882 1234 iniurias
915 1176 1060 1234 verbales
1093 1192 1146 1234 seu
1170 1177 1270 1236 reales
1305 1176 1456 1248 intulerit,

183 1300 242 1344 nos
265 1284 303 1343 de
324 1284 389 1355 tali,
412 1285 438 1341 si
455 1298 555 1358 ¹super
571 1284 630 1341 boc
646 1282 786 1356 requisiti
802 1281 961 1353 fuerimus,
979 1282 1097 1340 realem
1109 1287 1143 1341 'et
1159 1283 1274 1341 bonam
1295 1281 1453 1359 justiciam

186 1391 388 1464 conquerenti
411 1405 465 1449 seu
496 1389 758 1463 conquerentibus
788 1389 935 1446 volumus
960 1393 990 1446 et
1014 1389 1168 1447 tenebitur
1201 1390 1386 1461 ministrare,
1408 1387 1455 1465 ju·

184 1497 263 1556 dicis
293 1498 391 1556 eciam
421 1501 474 1555 aut
504 1495 625 1554 comitis
652 1510 705 1554 seu
725 1495 816 1569 spani
837 1495 934 1553 nostri
958 1495 1106 1554 secularis
1128 1511 1188 1570 pro
1213 1502 1353 1570 tempore
1387 1496 1453 1555 exi·

183 1604 302 1675 stentis,
324 1606 441 1661 manus·
457 1608 488 1661 et
510 1607 703 1678 potestatem,
727 1607 927 1676 preterquam
948 1602 1091 1675 superius
1114 1607 1160 1661 est
1182 1617 1374 1677 expressum,
1398 1618 1453 1676 pe·

186 1710 271 1770 nitus
294 1715 325 1768 et
339 1709 466 1768 omnino
481 1710 523 1767 ab
538 1709 656 1767 eisdem
672 1703 848 1783 hflspitibus
864 1708 978 1766 nostris
994 1708 1167 1781 excipimus
1190 1716 1220 1767 et
1243 1723 1452 1767 removemus.

187 1817 228 1875 Et
251 1824 285 1874 ut
315 1816 410 1875 iidem
432 1815 570 1890 hospites
600 1815 699 1873 nostri
721 1813 848 1873 omnino
883 1815 985 1889 quieta
1020 1822 1051 1873 et
1082 1813 1218 1889 perfecta
1242 1814 1385 1874 libertate
1407 1815 1455 1875 uti

184 1927 217 1982 et
248 1921 386 1995 gaudere
413 1936 537 1996 semper
568 1920 695 1995 possint,
725 1921 882 1993 volumus,
912 1919 997 1995 quod
1030 1919 1200 1980 familiares
1223 1921 1321 1981 nostri
1350 1915 1453 1983 etex

185 2029 279 2089 nobis
302 2028 496 2101 singulorum
520 2027 618 2086 nichil
647 2025 725 2104 juris
755 2032 810 2085 aut
838 2028 999 2101 potestatis
1022 2028 1054 2087 in
1077 2041 1129 2084 eos
1151 2027 1296 2099 habeant,
1320 2033 1374 2086 aut
1396 2027 1455 2089 ali·

186 2151 265 2210 quas
296 2132 423 2211 injurias
449 2133 549 2191 reales
572 2148 626 2190 seu
657 2131 801 2190 verbales
832 2133 909 2206 ipsis
939 2136 992 2191 aut
1015 2147 1124 2191 eorum
1155 2132 1293 2207 cuipiam
1314 2133 1455 2209 irrogare

186 2245 410 2316 presummant,
434 2239 518 2314 quod
542 2239 569 2297 si
592 2239 662 2314 quis
685 2253 724 2296 ex
746 2237 956 2297 familiaribus
979 2239 1093 2298 nostris
1114 2247 1166 2296 aut
1191 2239 1391 2313 singulorum
1415 2256 1455 2303 ex

186 2348 278 2406 nobis
302 2348 332 2405 in
365 2346 469 2405 medio
492 2345 674 2403 eorumdem
700 2345 859 2417 hospitum
882 2352 1060 2404 nostrorum
1082 2346 1310 2420 qualecumque
1323 2346 1455 2410 matefi-

187 2427 271 2513 cium
302 2453 539 2528 perpetraverit,
563 2457 616 2510 aut
646 2452 727 2510 alter
756 2467 865 2510 eorum
896 2453 1111 2510 communitati
1140 2453 1192 2511 vel
1224 2467 1333 2512 eorum
1363 2454 1455 2513 alteri

184 2559 350 2636 injuriatus
373 2560 470 2618 verbo
493 2560 546 2617 vel
570 2558 651 2617 facto
676 2558 768 2617 fuerit
791 2564 821 2617 et
844 2558 963 2617 ibidem
995 2575 1051 2632 per
1082 2558 1207 2617 eosdem
1238 2559 1377 2633 hospites
1399 2574 1454 2618 no·

185 2673 267 2726 atros
291 2667 500 2741 deprehensus
523 2664 624 2738 fuerit,
661 2671 773 2724 extunc
806 2666 901 2723 talem
932 2665 1165 2739 delinquentem
1196 2666 1295 2723 libere
1318 2669 1349 2724 et
1370 2667 1454 2740 paci·

185 2773 245 2832 fiee
267 2771 405 2849 judicare
428 2773 546 2847 possint
570 2779 599 2831 et
622 2773 734 2846 punire
757 2772 837 2831 sicut
866 2773 1009 2845 superius
1040 2777 1085 2830 est
1110 2787 1301 2847 expressum.
1335 2773 1454 2832 Verum

185 2881 213 2940 si
248 2879 426 2938 huiusmodi
461 2879 640 2938 maleficum
675 2894 729 2937 seu
754 2878 996 2951 ,delinquentem
1031 2878 1187 2936 famulum
1222 2864 1367 2937 nostrum
1401 2884 1455 2938 aut

185 2987 317 3046 alicuius
340 3003 379 3045 ex
400 2986 491 3044 nobis
515 2986 634 3044 ibidem
665 2984 896 3059 deprehendere
919 3001 980 3044 non
1004 2984 1147 3059 poterint,
1172 2984 1227 3043 sed
1251 2985 1336 3044 idem
1358 2985 1455 3044 male·

185 3093 257 3152 ficio
280 3101 310 3151 et
334 3092 447 3151 delicto
479 3097 657 3167 perpetrato
681 3091 844 3165 aufugerit,
869 3098 981 3149 extunc
1003 3091 1100 3149 salvis
1123 3091 1285 3151 dumtaxat
1307 3086 1453 3164 ecclesiis,

184 3200 280 3259 curiis
301 3205 331 3257 et
354 3199 501 3257 domibus
534 3198 647 3257 nostris
671 3203 701 3256 et
724 3197 1005 3272 prebendariorum
1035 3213 1071 3256 ac
1102 3198 1237 3256 aliorum
1268 3199 1453 3258 clericorum

185 3306 314 3365 ecclesie
336 3310 449 3376 nostre,
474 3306 578 3378 ipsum
603 3305 632 3362 in
657 3319 728 3362 area
751 3310 857 3363 nostra
880 3308 910 3361 et
941 3304 1054 3377 plateis
1083 3305 1273 3378 ubicumque
1296 3305 1455 3379 potuerint

184 3412 342 3471 detinendi
375 3413 509 3470 habeant
543 3411 732 3482 facultatem,
767 3410 915 3485 puniendi
947 3410 1078 3469 eundem
1113 3412 1192 3469 sicut
1213 3412 1308 3486 supra
1332 3417 1377 3470 est
1400 3428 1454 3471 ex·
1502 3436 1506 3440 -

184 3533 327 3592 pressum
351 3524 380 3576 et
395 3519 522 3592 insuper
544 3520 626 3576 bona
642 3519 694 3577 vel
709 3517 873 3576 servicium
891 3516 943 3575 vel
959 3517 1108 3575 salarium
1124 3519 1226 3576 taliter
1243 3518 1451 3593 delinquentis

184 3625 329 3684 dominus
351 3632 405 3684 aut
426 3633 577 3700 patronus
600 3626 698 3699 ipsius
721 3625 857 3683 detinere
881 3624 920 3682 sit
944 3625 1102 3697 obligatus
1125 3625 1253 3697 tamdiu,
1278 3626 1376 3684 donec
1395 3643 1452 3701 per

185 3747 241 3791 nos
274 3731 468 3790 declaratum
498 3731 599 3803 fuerit,
630 3746 693 3806 quo
728 3733 810 3790 bona
833 3737 887 3788 aut
917 3731 1067 3806 salarium
1097 3732 1276 3791 huiusmodi
1311 3732 1453 3807 deputari

184 3839 367 3915 debebunt]
376 3840 471 3897 Extra
494 3847 598 3897 autem
622 3839 775 3912 premissa
797 3839 829 3896 in
852 3838 952 3895 causis
975 3837 1107 3908 levibus,
1132 3844 1162 3895 et
1185 3839 1322 3896 maxime
1346 3838 1452 3910 debiti,

185 3946 319 4019 quilibet
343 3961 380 4002 ex
403 3946 494 4003 nobis
527 3945 565 4002 de
588 3946 652 4003 suis
684 3943 891 4002 familiaribus
923 3949 953 4001 et
975 3943 1154 4001 hominibus
1178 3944 1253 4016 ipsis
1277 3945 1453 4017 hospitibus

186 4053 301 4111 nostris
324 4058 484 4110 eteorum
509 4052 600 4109 alteri
624 4050 884 4123 conquerentibus
907 4065 961 4107 seu
985 4051 1186 4122 conquerenti
1219 4050 1332 4109 bonam
1365 4048 1452 4127 justi·

186 4159 267 4216 ciam
293 4156 393 4216 facere
414 4159 455 4215 sit
478 4159 643 4230 obligatus;
668 4157 751 4231 quod
768 4157 793 4214 si
818 4157 887 4229 quis
909 4173 947 4214 ex
963 4156 1053 4213 nobis
1076 4156 1134 4212 hoc
1159 4155 1260 4213 facere
1283 4155 1384 4214 nollet
1401 4157 1452 4215 vel

186 4263 338 4337 differret,
362 4269 474 4322 extunc
497 4279 552 4321 nos
577 4270 641 4320 tam
664 4262 703 4320 de
727 4262 862 4335 famulis,
894 4278 988 4336 quam
1012 4261 1182 4320 decorum
1210 4262 1343 4320 dominis
1366 4262 1453 4340 justi·

189 4371 268 4429 ciam
294 4370 394 4428 facere
418 4371 677 4444 conquerentibus
700 4385 761 4427 non
785 4376 1014 4444 postponemus.
1038 4369 1072 4426 ln
1094 4370 1218 4441 signum
1241 4375 1345 4427 autem
1368 4384 1453 4429 reco-

185 4477 336 4550 gnicionis
369 4476 499 4536 dominii
522 4477 618 4535 nostri
642 4477 832 4550 temporalis,
866 4477 979 4549 elapsis
1010 4475 1143 4532 sedecim
1175 4477 1261 4533 annis
1292 4476 1454 4546 libertatis,

186 4598 265 4657 quos
289 4583 405 4643 eisdem
436 4600 493 4659 per
516 4585 594 4642 alias
620 4584 738 4641 litteras
763 4589 883 4643 nostras
906 4587 1045 4658 patentes
1068 4583 1206 4655 graciose
1237 4582 1452 4655 concessimus,

185 4690 277 4748 nobis
301 4692 457 4749 annuatim
479 4692 513 4763 ,in
529 4692 608 4749 festo
626 4689 867 4748 circumcisionis
884 4688 1010 4747 Domini
1028 4689 1142 4760 singuli
1159 4689 1197 4747 de
1213 4688 1343 4762 singulis
1359 4689 1453 4750 curiis

184 4796 322 4869 integris,
346 4798 486 4871 quintam
509 4805 632 4873 partem
656 4797 746 4854 unius
769 4795 876 4853 floreni
899 4796 968 4853 auri
992 4795 1200 4867 hungaricalis
1224 4811 1294 4854 cum
1329 4802 1453 4855 moneta
1485 4855 1491 4863 ,

186 4906 262 4961 tunc
284 4910 426 4961 currente
448 4904 570 4963 solvere
586 4903 781 4973 tenebuntur,
798 4903 912 4975 quibus
935 4902 1069 4960 contenti
1093 4917 1253 4977 nunquam
1275 4903 1316 4959 ab
1339 4903 1383 4962 eis
1399 4904 1453 4963 vel
