3278 5348
620 431 696 492 Dor.
720 427 794 508 284.
819 463 861 474 -
883 432 940 490 An.
965 441 1053 509 1473.
1395 451 1410 510 3
1416 451 1433 507 5
1440 451 1456 511 3

191 662 302 705 muros
336 647 476 705 eiusdem
510 647 644 706 civitatis
678 653 783 705 nostre
817 648 931 707 montis
966 647 1128 708 Grecensis
1162 654 1379 722 constructam,
1402 666 1460 725 per

190 752 317 812 eosdem
341 751 452 811 fratres
474 753 566 811 sicuti
588 753 629 810 ab
652 753 779 827 antiquo
803 753 845 811 ita
868 759 899 812 et
921 770 1002 812 nunc
1026 769 1210 829 possessam,
1240 772 1298 830 per
1328 754 1459 814 modum

190 859 322 918 claustri
344 875 397 917 seu
429 859 610 917 monasterii
632 858 734 918 ordini
757 873 865 916 eorum
887 860 1119 918 convenientem
1135 861 1253 934 erigere
1268 866 1298 919 et
1313 861 1459 920 edificare

189 982 228 1025 ac
252 966 329 1024 illuc
353 965 392 1024 de
415 965 497 1024 dicto
522 966 658 1025 claustro
681 967 779 1025 sancti
800 966 921 1025 Nicolai
945 973 1132 1026 conventum
1149 984 1202 1026 seu
1227 967 1456 1026 habitacionem

188 1088 300 1132 eorum
331 1071 498 1131 transferre
527 1073 654 1148 possint.
686 1072 766 1146 Quia
797 1087 872 1131 vero
904 1074 992 1131 locus
1022 1089 1076 1132 seu
1106 1074 1182 1132 situs
1206 1072 1288 1132 dicte
1312 1075 1456 1148 cappelle

188 1193 250 1255 pro
273 1178 471 1238 edificacione
492 1179 651 1238 talismodi
676 1180 853 1238 monasterii
888 1179 1058 1237 admodum
1094 1185 1188 1252 artus,
1218 1180 1405 1252 strictusque
1428 1185 1458 1239 et

187 1283 381 1344 insufficiens
415 1285 482 1344 fore
512 1286 705 1359 perhibetur,
735 1286 829 1358 igitur
851 1299 908 1343 nos
931 1293 1061 1359 propter
1085 1285 1285 1343 devocionem
1309 1291 1457 1357 nostram,

189 1407 286 1466 quam
309 1391 348 1449 ad
373 1392 527 1465 prefatam
551 1392 676 1450 beatam
701 1392 902 1450 Katherinam
928 1391 1082 1464 virginem
1114 1391 1276 1463 habemus,
1304 1390 1456 1465 quasdam

188 1498 268 1556 duas
291 1499 441 1557 sessiones
464 1514 518 1556 seu
542 1497 655 1556 fundos
678 1499 763 1556 curie
786 1497 949 1571 empticios
972 1498 1156 1555 eorumdem
1180 1497 1321 1568 fratrum,
1337 1496 1457 1572 prefate

188 1605 336 1680 cappelle
366 1605 526 1677 contiguas
555 1619 612 1662 suo
643 1604 816 1663 comodiori
848 1603 1009 1661 situacioni
1038 1618 1074 1660 ac
1104 1602 1296 1661 edificacioni
1318 1602 1456 1661 eiusdem

189 1711 379 1782 monasterii,
411 1710 527 1769 eisdem
563 1709 712 1769 fratribus
744 1714 774 1768 et
804 1711 847 1769 eis
876 1711 1112 1768 succedentibus
1135 1711 1167 1769 in
1190 1717 1380 1786 perpetuum
1403 1709 1456 1768 de-

187 1817 293 1876 dimus
317 1822 347 1875 et
370 1817 564 1889 donavimus,
590 1817 687 1876 immo
710 1816 915 1888 concedimus,
940 1816 1113 1891 damusque
1136 1823 1166 1875 et
1189 1817 1341 1875 donamus
1357 1817 1454 1875 salvis

189 1924 312 1983 iuribus
343 1923 459 1994 alienis,
483 1923 595 1981 harum
626 1930 811 1994 nostrarum,
844 1923 958 1996 quibus
989 1923 1130 1995 sigillum
1162 1928 1304 1981 nostrum
1327 1927 1373 1980 est
1402 1938 1456 1997 ap·

186 2046 321 2104 pensum
353 2030 462 2102 vigore
495 2036 526 2087 et
557 2029 734 2088 testimonio
763 2029 938 2087 litterarum
970 2028 1132 2086 mediante.
1169 2029 1284 2086 Datum
1317 2028 1403 2087 Bude
1426 2029 1457 2086 in

186 2135 268 2194 festo
300 2136 382 2194 beati
413 2135 570 2193 Valentini
605 2135 749 2193 martiris.
780 2137 870 2193 Anno
902 2133 1020 2192 domini
1052 2134 1223 2192 millesimo
1249 2133 1456 2208 quadringen-

186 2243 299 2300 tesimo
323 2242 552 2314 septuagesimo
576 2242 681 2299 tercio.
712 2241 890 2313 Regnorum
912 2248 1091 2297 nostrorum
1115 2255 1195 2298 anno
1218 2240 1377 2313 Hungarie
1400 2246 1456 2298 etc.

185 2346 429 2421 quintodecimo,
454 2347 601 2405 Bohemie
625 2361 700 2404 vero
724 2351 845 2420 quarto.

293 2485 318 2533 E
337 2490 497 2548 transumpto
521 2483 711 2533 communitatis
730 2484 825 2532 montis
850 2483 989 2532 Greceusis
1013 2484 1045 2531 de
1070 2498 1137 2532 anno
1157 2485 1233 2547 1473.
1255 2509 1287 2521 -
1306 2484 1339 2534 Iu
1357 2483 1455 2536 archiv.

184 2574 269 2638 regni.
289 2574 352 2623 Act.
367 2573 422 2637 Jes.
441 2573 503 2624 fasc.
526 2573 566 2624 18.
585 2588 622 2624 ur.
644 2584 685 2624 20.
705 2571 823 2624 Farlatti.
842 2571 908 2624 Illir.
929 2571 998 2625 Sacr.
1018 2572 1093 2630 Tom,
1113 2572 1148 2623 V.
1168 2587 1226 2637 pag.
1246 2572 1305 2634 498.

780 2802 867 2869 284.

292 2946 373 2994 Anno
395 2955 469 3009 1473,
493 2956 532 3006 19.
551 2945 644 2996 martii.
664 2944 752 2994 Albae

179 3074 339 3152 Jchannes
367 3073 431 3130 Tuu
452 3072 485 3130 de
508 3073 661 3147 usufructu
688 3073 896 3146 possessionum
918 3071 1033 3142 Dedili,
1063 3051 1245 3131 C‘ernomerec
1266 3063 1325 3135 etc.
1340 3093 1359 3131 a
1382 3092 1454 3132 cotti·

518 3180 657 3237 munitate
678 3180 804 3237 civitatis
826 3178 987 3236 redimendo
1007 3187 1127 3237 recusat.

292 3322 465 3396 Magnificis
501 3323 576 3382 viris
610 3323 699 3381 banis
730 3323 783 3381 vel
813 3323 972 3381 vicebanis
1006 3323 1094 3396 regni
1128 3322 1298 3382 Sclauonie.
1336 3324 1454 3383 Amicis

185 3443 294 3486 eorum
320 3429 517 3501 honorandis,
542 3430 715 3504 capitulum
740 3429 868 3487 ecclesie
883 3430 1018 3487 albensis
1034 3430 1207 3488 amiciciam
1224 3434 1366 3504 paratam
1382 3447 1453 3489 cum

186 3535 313 3594 honore.
337 3535 446 3593 Vestre
469 3535 613 3593 noverint
636 3534 876 3608 magnificencie,
901 3534 985 3608 quod
1008 3552 1064 3593 nos
1080 3536 1199 3595 litteras
1215 3536 1454 3597 introductorias

184 3648 215 3700 et
238 3642 416 3700 statutorias
447 3642 635 3700 serenissimi
665 3642 823 3715 principis
855 3641 974 3700 domini
1004 3643 1127 3714 Mathie,
1160 3642 1209 3700 dei
1239 3643 1342 3715 gracia
1372 3645 1453 3717 regis

184 3748 352 3820 Ilungarie,
376 3747 523 3806 Bohemie
548 3752 613 3818 etc,
637 3747 756 3806 domini
778 3748 876 3806 nostri
899 3749 1129 3820 graciosissimi,
1151 3748 1241 3806 nobis
1257 3750 1453 3822 preceptorie

184 3854 354 3926 loquentes,
370 3867 493 3911 summo
517 3870 588 3912 cum
604 3855 721 3912 honore
744 3854 920 3928 recepimus
940 3854 971 3912 in
987 3855 1044 3911 hec
1059 3855 1172 3912 verba:
1189 3846 1273 3931 (vide
1289 3854 1356 3911 Doc
1382 3869 1452 3929 273.

184 3959 223 4017 de
247 3974 326 4017 auno
354 3974 445 4034 1472.
480 3976 528 4018 ao.
552 3953 651 4038 maii).
683 3960 746 4018 Nos
776 3961 882 4034 itaque
905 3960 1059 4018 mandatis
1082 3960 1179 4033 ipsius
1210 3959 1330 4017 domini
1355 3961 1451 4018 nostri

183 4067 266 4138 regis
301 4082 425 4140 semper
458 4067 586 4125 obedire
620 4067 768 4138 volentes,
805 4075 838 4125 ut
873 4072 1041 4132 teneamur,
1066 4079 1198 4122 unacum
1233 4065 1450 4138 prenominato

182 4172 335 4230 Michaele
359 4171 592 4245 Bencekowycr,
622 4173 746 4231 homine
769 4173 907 4232 eiusdem
933 4164 1052 4228 domini
1074 4170 1172 4228 nostri
1195 4171 1286 4243 regis,
1308 4177 1449 4230 nostrum

183 4279 343 4337 hominem
376 4278 521 4337 videlicet
556 4278 724 4338 discretum
756 4279 957 4338 Benedictum
993 4278 1031 4335 de
1068 4277 1197 4347 Thatha,
1240 4277 1450 4350 presbiterum

183 4385 270 4442 chori
293 4384 422 4443 ecclesie
444 4392 549 4444 nostre
571 4385 710 4459 predicte
727 4401 763 4443 ac
778 4394 931 4444 rectorem
948 4384 1069 4458 capelle
1092 4383 1189 4442 sancti
1212 4382 1348 4441 Ladislai
1370 4384 1452 4456 regis

182 4491 222 4549 ad
245 4491 328 4548 latus
348 4491 488 4550 eiusdem
509 4492 638 4550 ecclesie
661 4498 765 4550 nostre
789 4490 923 4562 fundate,
957 4490 996 4547 ad
1029 4491 1181 4563 premissa
1214 4488 1348 4548 fideliter
1381 4505 1451 4547 exe·

182 4596 306 4670 quenda
330 4603 435 4655 nostro
459 4613 517 4671 pro
541 4600 717 4657 testimonio
741 4599 970 4657 transmisimus
1000 4597 1203 4669 fidedignum.
1232 4595 1294 4669 Qui
1324 4595 1450 4654 tandem

182 4701 294 4761 exinde
324 4702 364 4761 ad
394 4718 451 4762 nos
484 4705 611 4778 reversi,
642 4706 734 4764 nobis
764 4703 961 4763 uniformiter
991 4703 1171 4773 retulerunt,
1201 4701 1360 4775 quomodo
1391 4703 1451 4776 ipsi

183 4808 261 4867 feria
285 4815 396 4882 quarta
427 4811 571 4883 proxima
594 4816 664 4869 ante
687 4811 799 4871 festum
825 4810 907 4869 beati
931 4809 1075 4882 Gregorii
1099 4825 1188 4883 pape,
1215 4808 1357 4881 proxime
1381 4824 1450 4883 pre·

182 4915 319 4988 teritum,
343 4915 382 4973 ad
407 4915 500 4975 iacies
523 4918 769 4992 prescriptarum
791 4916 1021 4992 possessionum
1054 4915 1186 4989 Dedycz,
1217 4914 1451 4986 Chernomercz,

1349 5035 1387 5095 ²3
