3278 5348
183 484 221 543 35
228 485 243 528 2
604 462 677 523 Doc.
700 457 772 539 283.
798 493 838 504 -
858 458 914 518 An.
938 471 1026 537 1473.

180 682 271 740 nobis
293 681 409 751 retulit,
428 678 493 755 jam
516 679 608 752 plene
631 676 711 735 datis
734 683 764 733 et
787 676 961 749 persolutis,
985 674 1175 755 vendidisset
1198 681 1230 734 et
1258 675 1447 744 contulisset,

182 787 279 845 immo
303 802 341 844 ex
363 800 511 844 consensu
535 785 711 842 vicinorum
727 782 948 857 predictorum,
964 780 1106 839 vendidit
1127 786 1158 839 et
1180 781 1316 840 contulit
1349 795 1452 839 coram

182 894 273 951 nobis
291 891 358 968 jure
382 897 533 966 perpetuo
557 894 588 948 et
610 888 857 947 irrevocabiliter
879 885 1108 960 possidendam,
1132 886 1310 959 tenendam,
1336 887 1451 961 pariter

184 1006 214 1057 et
236 998 413 1057 habendam
442 1012 478 1055 ac
504 995 591 1072 juxta
614 994 830 1053 condicionem
852 1003 883 1051 et
913 993 1144 1067 privilegiatam
1169 993 1352 1051 libertatem
1378 993 1454 1050 dicte

182 1105 317 1163 civitatis
341 1105 383 1161 ab
406 1104 534 1177 antiquo
556 1101 757 1159 laudabiliter
771 1101 981 1174 approbatam
997 1098 1294 1172 quomodocumque
1319 1099 1453 1156 voluerit

183 1210 417 1286 disponendam,
451 1211 493 1267 ita
524 1215 637 1278 tamen,
661 1206 746 1280 quod
779 1206 894 1280 prefati
916 1205 1027 1264 fratres
1050 1205 1210 1263 Heremite
1233 1212 1395 1280 presentes
1426 1208 1455 1261 et

183 1315 280 1373 futuri
309 1317 340 1374 in
372 1311 482 1374 eodem
514 1314 651 1372 claustro
682 1328 736 1370 seu
769 1312 956 1370 monasterio
988 1311 1077 1368 beate
1109 1311 1207 1368 Marie
1238 1311 1372 1384 virginis
1398 1323 1453 1384 pro

183 1427 323 1496 tempore
345 1421 488 1494 degentes
505 1419 635 1478 eandem
658 1420 771 1477 turrim
796 1419 856 1476 sub
872 1419 954 1475 bona
971 1416 1178 1491 disposicione
1195 1416 1332 1475 debeant
1349 1423 1451 1475 tenere

184 1534 214 1585 et
245 1542 378 1585 servare.
410 1529 477 1584 Hoc
499 1527 596 1584 eciam
628 1526 710 1582 clare
741 1538 888 1598 expresso
911 1528 941 1580 et
971 1522 1157 1596 specificato,
1183 1521 1269 1596 quod
1295 1523 1324 1582 si
1346 1522 1452 1581 eadem

184 1634 277 1691 turris
308 1640 449 1707 tempore
479 1633 683 1689 obssessionis
714 1632 766 1688 vel
796 1630 1038 1703 expugnacionis
1069 1646 1127 1704 per
1157 1630 1282 1702 aliquos
1315 1628 1453 1688 inimicos

183 1738 322 1798 eiusdem
345 1740 478 1797 civitatis
501 1743 555 1795 aut
586 1737 779 1810 Paganorum
812 1736 912 1793 eidem
946 1736 1063 1794 civitati
1092 1738 1264 1793 necessaria
1298 1735 1393 1794 fuerit
1414 1733 1453 1792 ad

184 1844 422 1915 defendendum,
451 1851 524 1901 tunc
554 1843 665 1916 prelati
689 1842 800 1900 fratres
831 1842 989 1900 Heremite
1019 1843 1121 1915 ipsam
1155 1842 1267 1899 turrim
1300 1842 1392 1900 nobis
1424 1848 1452 1897 et

183 1957 287 2014 nostre
309 1951 524 2008 communitati
558 1957 698 2024 apertam
721 1955 751 2006 et
774 1949 888 2006 intrare
911 1948 1046 2007 liberam
1069 1948 1143 2006 dare
1169 1947 1303 2007 debeant
1325 1954 1357 2007 et
1373 1953 1452 2006 tene·

183 2064 283 2115 antur.
307 2057 341 2114 lu
371 2057 457 2113 cuius
481 2057 526 2114 rei
556 2056 741 2113 memoriam
764 2062 856 2128 atque
879 2057 1100 2122 testimonium,
1121 2054 1367 2128 firmitatemque
1383 2069 1450 2127 per·

187 2170 321 2235 petuam,
338 2163 533 2236 presentibus
548 2162 689 2234 sigillum
704 2168 847 2220 nostrum
863 2177 1026 2220 commune
1043 2162 1190 2221 duximus
1203 2161 1447 2236 appendendum

184 2269 301 2327 Datum
331 2269 362 2327 in
393 2269 472 2327 festo
508 2269 590 2326 beati
625 2268 783 2325 Vincencii
818 2269 972 2340 martyris.
1009 2271 1097 2326 Anno
1128 2269 1250 2327 domini
1283 2268 1450 2326 millesimo

184 2374 489 2447 quadringentesimo
521 2373 750 2448 septuagesimo
775 2375 879 2431 tercio.

291 2514 395 2559 Summa
419 2511 613 2575 privilegiorum
639 2510 788 2559 monasterii
815 2510 990 2562 Remetensis.
1010 2510 1091 2562 lise.
1110 2511 1143 2558 In
1159 2509 1255 2560 archiv.
1280 2509 1342 2561 incl.
1368 2508 1450 2558 Acnd.

185 2599 281 2651 Scient,
301 2599 398 2650 Slnvor.
419 2601 510 2649 merid.

775 2812 863 2886 283.

291 2965 363 3006 Anno
385 2968 459 3019 1473,
483 2968 520 3017 14.
541 2955 671 3005 februarii.
691 2955 787 3005 Budae.

187 3083 333 3153 Motln'as,
358 3084 535 3156 Huvrgartivc
557 3090 604 3139 cic.
628 3100 691 3151 rex,
707 3090 830 3155 patmm
853 3081 914 3142 ord.
940 3080 1286 3139 Praedicatorumsaluti
1297 3082 1451 3150 consulens,

186 3209 281 3247 eornm
314 3209 329 3246 c
362 3190 496 3246 suburbio
530 3191 609 3245 intra
642 3189 767 3246 civitatis
797 3191 899 3245 montis
930 3187 1086 3247 Grecensis
1107 3207 1207 3247 muros
1227 3188 1452 3262 recipiendorum

185 3296 278 3370 ibique
300 3304 392 3368 prope
414 3296 548 3352 sacellum
580 3314 604 3356 s.
634 3295 814 3354 Catharr'nac
843 3298 914 3354 novi
934 3296 1060 3353 coenobii
1080 3294 1264 3353 consistendi
1279 3294 1453 3369 facultatem

766 3403 874 3459 tribuit.

292 3545 354 3602 Nos
378 3547 508 3603 Mathias
529 3563 582 3603 rex
599 3548 764 3618 Hungarie,
782 3546 927 3604 Bohemie
949 3553 1003 3605 etc.
1020 3547 1169 3605 Memorie
1190 3545 1448 3604 commendamus

187 3655 291 3706 tenore
314 3652 508 3722 presencium
532 3653 646 3723 quibus
669 3651 795 3724 expedit
817 3653 976 3710 universis.
1000 3651 1092 3725 Quod
1117 3667 1187 3710 cum
1210 3666 1276 3724 nos,
1300 3653 1389 3710 cuius
1411 3667 1450 3709 ex

184 3756 318 3828 suscepti
348 3757 506 3827 regiminis
536 3757 640 3814 officio
671 3758 797 3815 interest
827 3758 991 3831 providere
1015 3759 1142 3816 utilitati
1172 3758 1371 3817 subditorum
1395 3772 1450 3816 no·

184 3865 329 3932 strorum,
360 3862 507 3935 precipue
538 3863 678 3919 virorum
709 3865 994 3933 ecclesiasticorum,
1025 3864 1237 3936 intelligamus
1259 3864 1370 3923 fideles
1392 3878 1448 3923 no·

189 3971 269 4024 stros
293 3967 422 4025 devotos
446 3968 555 4025 fratres
579 3969 695 4025 ordinis
719 3970 948 4027 Predicatorum
972 3971 1068 4027 sancti
1093 3970 1250 4028 Dominici
1266 3971 1453 4030 confessoris

188 4080 319 4147 propter
343 4073 516 4146 trequentes
548 4077 735 4133 incursiones
758 4077 992 4134 sevissimorum
1016 4076 1222 4135 Thwrcorum
1254 4077 1295 4135 ad
1319 4093 1454 4151 regnum

187 4188 327 4237 nostrum
351 4180 497 4238 Slauonle
520 4188 549 4237 et
573 4184 793 4239 monasterium
818 4185 956 4257 ipsorum
988 4184 1020 4239 in
1050 4184 1168 4241 honore
1203 4183 1302 4241 sancti
1332 4183 1457 4243 Nicolai

189 4287 327 4359 episcopi
350 4293 380 4344 et
403 4286 586 4344 confessoris
610 4294 697 4344 extra
721 4304 825 4347 muros
849 4290 981 4347 civitatis
1011 4297 1116 4348 nostre
1146 4290 1261 4348 montis
1291 4289 1457 4350 Grecensis

185 4390 359 4463 fundatum,
391 4393 603 4465 quodquidem
636 4396 856 4453 monasterium
890 4405 953 4453 tarn
985 4401 1115 4470 propter
1144 4396 1291 4453 timorem
1312 4401 1344 4455 et
1366 4399 1456 4457 varia

188 4498 411 4572 impedimenta
435 4500 575 4572 ipsorum
599 4500 794 4558 Thurcorum
816 4503 848 4559 in
871 4503 1000 4559 nimiam
1024 4504 1146 4561 ruinam
1170 4506 1201 4560 et
1223 4501 1456 4563 desolacionem

189 4603 349 4663 devenisse
373 4605 494 4677 dicitur,
525 4623 630 4665 secure
664 4609 752 4666 nullo
784 4609 877 4667 modo
910 4610 1076 4668 inhabitari
1106 4624 1214 4683 posse;
1237 4610 1332 4668 rebus
1355 4611 1400 4669 lta
1421 4628 1458 4672 se

185 4712 379 4780 habentibus,
404 4718 438 4768 ut
461 4713 555 4770 iidem
580 4711 691 4771 fratres
714 4731 750 4771 eo
774 4717 911 4788 quiecius
935 4716 1123 4773 altissimum
1155 4715 1350 4774 conditorem
1381 4733 1457 4777 exo·

185 4831 254 4874 rare
278 4818 409 4887 valeant,
435 4829 585 4892 quantum
609 4822 640 4878 in
662 4823 752 4878 nobis
776 4832 822 4880 est
845 4823 1052 4880 concessimus
1070 4823 1195 4894 eisdem,
1212 4828 1248 4881 ut
1263 4823 1325 4898 ipsi
1342 4839 1457 4898 quam·

185 4922 258 4981 dam
283 4925 461 4999 cappellam
484 4926 543 4983 sub
566 4926 683 4986 honore
708 4928 796 4986 beate
820 4929 988 4987 Katherine
1012 4931 1142 5004 virginis
1167 4936 1197 4987 et
1220 4929 1362 4990 martiris
1372 4931 1458 4992 intra
