<?xml version="1.0" encoding="UTF-8"?>
<!DOCTYPE html PUBLIC "-//W3C//DTD XHTML 1.0 Transitional//EN"
    "http://www.w3.org/TR/xhtml1/DTD/xhtml1-transitional.dtd">
<html xmlns="http://www.w3.org/1999/xhtml" xml:lang="en" lang="en">
 <head>
  <title>
</title>
<meta http-equiv="Content-Type" content="text/html;charset=utf-8" />
  <meta name='ocr-system' content='tesseract 3.04.00' />
  <meta name='ocr-capabilities' content='ocr_page ocr_carea ocr_par ocr_line ocrx_word'/>
</head>
<body>
  <div class='ocr_page' id='page_1' title='image "./monumentahistor01laszgoog_0654.png"; bbox 0 0 3278 5348; ppageno 0'>
   <div class='ocr_carea' id='block_1_1' title="bbox 105 410 1013 510">
    <p class='ocr_par' dir='ltr' id='par_1_1' title="bbox 105 410 1013 510">
     <span class='ocr_line' id='line_1_1' title="bbox 105 410 1013 510; baseline -0.013 -24"><span class='ocrx_word' id='word_1_1' title='bbox 105 481 122 510; x_wconf 70' lang='lat'>‚</span> <span class='ocrx_word' id='word_1_2' title='bbox 175 425 237 501; x_wconf 84' lang='lat'>386</span> <span class='ocrx_word' id='word_1_3' title='bbox 579 420 653 479; x_wconf 78' lang='lat' dir='ltr'>Dor.</span> <span class='ocrx_word' id='word_1_4' title='bbox 679 432 751 497; x_wconf 76' lang='lat'><em>509.</em></span> <span class='ocrx_word' id='word_1_5' title='bbox 774 451 816 463; x_wconf 94' lang='lat'><em>-</em></span> <span class='ocrx_word' id='word_1_6' title='bbox 841 417 898 477; x_wconf 75' lang='lat' dir='ltr'>An„</span> <span class='ocrx_word' id='word_1_7' title='bbox 923 410 1013 495; x_wconf 80' lang='lat'><em>1478.</em></span> 
     </span>
    </p>
   </div>
   <div class='ocr_carea' id='block_1_2' title="bbox 175 632 1447 4963">
    <p class='ocr_par' dir='ltr' id='par_1_2' title="bbox 175 632 1447 4963">
     <span class='ocr_line' id='line_1_2' title="bbox 176 632 1440 714; baseline -0.007 -17"><span class='ocrx_word' id='word_1_8' title='bbox 176 656 271 714; x_wconf 90' lang='lat' dir='ltr'>quarn</span> <span class='ocrx_word' id='word_1_9' title='bbox 294 636 535 697; x_wconf 83' lang='lat' dir='ltr'>deffendendam</span> <span class='ocrx_word' id='word_1_10' title='bbox 559 641 590 694; x_wconf 90' lang='lat' dir='ltr'>et</span> <span class='ocrx_word' id='word_1_11' title='bbox 612 634 849 694; x_wconf 85' lang='lat' dir='ltr'>custodiendam</span> <span class='ocrx_word' id='word_1_12' title='bbox 865 634 929 691; x_wconf 89' lang='lat' dir='ltr'>sine</span> <span class='ocrx_word' id='word_1_13' title='bbox 949 632 1140 690; x_wconf 91' lang='lat' dir='ltr'>adminiculo</span> <span class='ocrx_word' id='word_1_14' title='bbox 1157 633 1318 691; x_wconf 89' lang='lat' dir='ltr'>laicorum</span> <span class='ocrx_word' id='word_1_15' title='bbox 1340 639 1370 689; x_wconf 91' lang='lat' dir='ltr'>et</span> <span class='ocrx_word' id='word_1_16' title='bbox 1390 633 1440 688; x_wconf 92' lang='lat' dir='ltr'>ho·</span> 
     </span>
     <span class='ocr_line' id='line_1_3' title="bbox 176 737 1440 818; baseline -0.007 -15"><span class='ocrx_word' id='word_1_17' title='bbox 176 746 296 804; x_wconf 90' lang='lat' dir='ltr'>minum</span> <span class='ocrx_word' id='word_1_18' title='bbox 328 744 531 818; x_wconf 90' lang='lat' dir='ltr'>popularium</span> <span class='ocrx_word' id='word_1_19' title='bbox 561 756 759 816; x_wconf 86' lang='lat' dir='ltr'>nequaquam</span> <span class='ocrx_word' id='word_1_20' title='bbox 782 755 839 798; x_wconf 92' lang='lat' dir='ltr'>nos</span> <span class='ocrx_word' id='word_1_21' title='bbox 862 740 923 813; x_wconf 91' lang='lat' dir='ltr'>ipsi</span> <span class='ocrx_word' id='word_1_22' title='bbox 946 737 1089 796; x_wconf 84' lang='lat' dir='ltr'>sufficere</span> <span class='ocrx_word' id='word_1_23' title='bbox 1112 751 1300 812; x_wconf 84' lang='lat' dir='ltr'>possumus;</span> <span class='ocrx_word' id='word_1_24' title='bbox 1328 745 1440 796; x_wconf 89' lang='lat' dir='ltr'>matura</span> 
     </span>
     <span class='ocr_line' id='line_1_4' title="bbox 177 844 1441 925; baseline -0.007 -16"><span class='ocrx_word' id='word_1_25' title='bbox 177 850 344 925; x_wconf 85' lang='lat' dir='ltr'>superinde</span> <span class='ocrx_word' id='word_1_26' title='bbox 367 849 595 907; x_wconf 85' lang='lat' dir='ltr'>deliberacione</span> <span class='ocrx_word' id='word_1_27' title='bbox 618 847 791 922; x_wconf 90' lang='lat' dir='ltr'>prehabita,</span> <span class='ocrx_word' id='word_1_28' title='bbox 808 846 847 904; x_wconf 90' lang='lat' dir='ltr'>de</span> <span class='ocrx_word' id='word_1_29' title='bbox 870 860 1018 903; x_wconf 91' lang='lat' dir='ltr'>consensu</span> <span class='ocrx_word' id='word_1_30' title='bbox 1043 850 1072 902; x_wconf 89' lang='lat' dir='ltr'>et</span> <span class='ocrx_word' id='word_1_31' title='bbox 1095 844 1179 901; x_wconf 91' lang='lat' dir='ltr'>bona</span> <span class='ocrx_word' id='word_1_32' title='bbox 1200 845 1363 903; x_wconf 81' lang='lat' dir='ltr'>voluntate</span> <span class='ocrx_word' id='word_1_33' title='bbox 1378 858 1441 918; x_wconf 91' lang='lat' dir='ltr'>pre·</span> 
     </span>
     <span class='ocr_line' id='line_1_5' title="bbox 177 922 1441 1028; baseline -0.006 -14"><span class='ocrx_word' id='word_1_34' title='bbox 177 956 233 1014; x_wconf 83' lang='lat' dir='ltr'>tati</span> <span class='ocrx_word' id='word_1_35' title='bbox 254 957 371 1014; x_wconf 92' lang='lat' dir='ltr'>domini</span> <span class='ocrx_word' id='word_1_36' title='bbox 395 956 492 1013; x_wconf 91' lang='lat' dir='ltr'>nostri</span> <span class='ocrx_word' id='word_1_37' title='bbox 515 954 661 1028; x_wconf 85' lang='lat' dir='ltr'>episcopi,</span> <span class='ocrx_word' id='word_1_38' title='bbox 682 958 775 1027; x_wconf 90' lang='lat' dir='ltr'>prout</span> <span class='ocrx_word' id='word_1_39' title='bbox 791 954 850 1011; x_wconf 89' lang='lat' dir='ltr'>hoc</span> <span class='ocrx_word' id='word_1_40' title='bbox 873 969 911 1010; x_wconf 86' lang='lat' dir='ltr'>ex</span> <span class='ocrx_word' id='word_1_41' title='bbox 934 952 1033 1025; x_wconf 91' lang='lat' dir='ltr'>ipsius</span> <span class='ocrx_word' id='word_1_42' title='bbox 1057 952 1170 1009; x_wconf 89' lang='lat' dir='ltr'>litteris</span> <span class='ocrx_word' id='word_1_43' title='bbox 1194 922 1441 1024; x_wconf 75' lang='lat' dir='ltr'>privilegialibus</span> 
     </span>
     <span class='ocr_line' id='line_1_6' title="bbox 175 1057 1438 1134; baseline -0.006 -13"><span class='ocrx_word' id='word_1_44' title='bbox 175 1063 266 1122; x_wconf 90' lang='lat' dir='ltr'>nobis</span> <span class='ocrx_word' id='word_1_45' title='bbox 288 1062 428 1134; x_wconf 85' lang='lat' dir='ltr'>graciose</span> <span class='ocrx_word' id='word_1_46' title='bbox 451 1061 530 1118; x_wconf 89' lang='lat' dir='ltr'>inter</span> <span class='ocrx_word' id='word_1_47' title='bbox 561 1065 662 1118; x_wconf 90' lang='lat' dir='ltr'>cetera</span> <span class='ocrx_word' id='word_1_48' title='bbox 693 1058 859 1133; x_wconf 88' lang='lat' dir='ltr'>superinde</span> <span class='ocrx_word' id='word_1_49' title='bbox 883 1058 962 1116; x_wconf 87' lang='lat' dir='ltr'>datis</span> <span class='ocrx_word' id='word_1_50' title='bbox 993 1063 1024 1116; x_wconf 92' lang='lat' dir='ltr'>et</span> <span class='ocrx_word' id='word_1_51' title='bbox 1046 1057 1200 1115; x_wconf 88' lang='lat' dir='ltr'>concessis</span> <span class='ocrx_word' id='word_1_52' title='bbox 1223 1057 1311 1115; x_wconf 92' lang='lat' dir='ltr'>clare</span> <span class='ocrx_word' id='word_1_53' title='bbox 1335 1064 1364 1115; x_wconf 88' lang='lat' dir='ltr'>et</span> <span class='ocrx_word' id='word_1_54' title='bbox 1392 1072 1438 1114; x_wconf 87' lang='lat' dir='ltr'>ex·</span> 
     </span>
     <span class='ocr_line' id='line_1_7' title="bbox 177 1164 1440 1244; baseline -0.006 -17"><span class='ocrx_word' id='word_1_55' title='bbox 177 1186 281 1244; x_wconf 91' lang='lat' dir='ltr'>presse</span> <span class='ocrx_word' id='word_1_56' title='bbox 305 1170 485 1239; x_wconf 81' lang='lat' dir='ltr'>continetur,</span> <span class='ocrx_word' id='word_1_57' title='bbox 510 1183 567 1240; x_wconf 89' lang='lat' dir='ltr'>pro</span> <span class='ocrx_word' id='word_1_58' title='bbox 600 1166 778 1224; x_wconf 90' lang='lat' dir='ltr'>huiusmodi</span> <span class='ocrx_word' id='word_1_59' title='bbox 801 1165 963 1223; x_wconf 91' lang='lat' dir='ltr'>hominum</span> <span class='ocrx_word' id='word_1_60' title='bbox 987 1164 1191 1239; x_wconf 90' lang='lat' dir='ltr'>popularium</span> <span class='ocrx_word' id='word_1_61' title='bbox 1222 1168 1255 1223; x_wconf 89' lang='lat' dir='ltr'>et</span> <span class='ocrx_word' id='word_1_62' title='bbox 1287 1164 1440 1234; x_wconf 90' lang='lat' dir='ltr'>laicorum,</span> 
     </span>
     <span class='ocr_line' id='line_1_8' title="bbox 177 1270 1439 1349; baseline -0.006 -16"><span class='ocrx_word' id='word_1_63' title='bbox 177 1277 231 1349; x_wconf 90' lang='lat' dir='ltr'>qui</span> <span class='ocrx_word' id='word_1_64' title='bbox 254 1276 345 1332; x_wconf 88' lang='lat' dir='ltr'>nobis</span> <span class='ocrx_word' id='word_1_65' title='bbox 368 1275 399 1331; x_wconf 91' lang='lat' dir='ltr'>in</span> <span class='ocrx_word' id='word_1_66' title='bbox 423 1272 562 1331; x_wconf 83' lang='lat' dir='ltr'>custodia</span> <span class='ocrx_word' id='word_1_67' title='bbox 585 1288 620 1330; x_wconf 89' lang='lat' dir='ltr'>ac</span> <span class='ocrx_word' id='word_1_68' title='bbox 644 1271 821 1330; x_wconf 83' lang='lat' dir='ltr'>defensione</span> <span class='ocrx_word' id='word_1_69' title='bbox 845 1270 992 1345; x_wconf 83' lang='lat' dir='ltr'>predictis</span> <span class='ocrx_word' id='word_1_70' title='bbox 1015 1271 1196 1328; x_wconf 92' lang='lat' dir='ltr'>continuum</span> <span class='ocrx_word' id='word_1_71' title='bbox 1224 1277 1366 1345; x_wconf 84' lang='lat' dir='ltr'>prestare</span> <span class='ocrx_word' id='word_1_72' title='bbox 1391 1286 1439 1327; x_wconf 84' lang='lat' dir='ltr'>ra·</span> 
     </span>
     <span class='ocr_line' id='line_1_9' title="bbox 177 1376 1439 1451; baseline -0.006 -11"><span class='ocrx_word' id='word_1_73' title='bbox 177 1382 260 1440; x_wconf 91' lang='lat' dir='ltr'>leant</span> <span class='ocrx_word' id='word_1_74' title='bbox 283 1380 517 1449; x_wconf 88' lang='lat' dir='ltr'>adminiculum,</span> <span class='ocrx_word' id='word_1_75' title='bbox 548 1394 685 1451; x_wconf 88' lang='lat' dir='ltr'>congrua</span> <span class='ocrx_word' id='word_1_76' title='bbox 708 1385 738 1436; x_wconf 87' lang='lat' dir='ltr'>et</span> <span class='ocrx_word' id='word_1_77' title='bbox 768 1377 938 1435; x_wconf 89' lang='lat' dir='ltr'>necessaria</span> <span class='ocrx_word' id='word_1_78' title='bbox 971 1376 1165 1435; x_wconf 85' lang='lat' dir='ltr'>habitacione</span> <span class='ocrx_word' id='word_1_79' title='bbox 1190 1377 1222 1434; x_wconf 92' lang='lat' dir='ltr'>in</span> <span class='ocrx_word' id='word_1_80' title='bbox 1245 1392 1321 1434; x_wconf 91' lang='lat' dir='ltr'>area</span> <span class='ocrx_word' id='word_1_81' title='bbox 1343 1382 1439 1435; x_wconf 87' lang='lat' dir='ltr'>nostra</span> 
     </span>
     <span class='ocr_line' id='line_1_10' title="bbox 178 1483 1440 1560; baseline -0.005 -15"><span class='ocrx_word' id='word_1_82' title='bbox 178 1487 353 1560; x_wconf 87' lang='lat' dir='ltr'>capitulari,</span> <span class='ocrx_word' id='word_1_83' title='bbox 389 1485 427 1542; x_wconf 91' lang='lat' dir='ltr'>de</span> <span class='ocrx_word' id='word_1_84' title='bbox 460 1485 596 1559; x_wconf 90' lang='lat' dir='ltr'>propriis</span> <span class='ocrx_word' id='word_1_85' title='bbox 629 1485 743 1542; x_wconf 90' lang='lat' dir='ltr'>nostris</span> <span class='ocrx_word' id='word_1_86' title='bbox 773 1485 866 1541; x_wconf 91' lang='lat' dir='ltr'>curiis</span> <span class='ocrx_word' id='word_1_87' title='bbox 900 1483 1142 1554; x_wconf 88' lang='lat' dir='ltr'>canonicalibus,</span> <span class='ocrx_word' id='word_1_88' title='bbox 1184 1483 1292 1558; x_wconf 89' lang='lat' dir='ltr'>primo</span> <span class='ocrx_word' id='word_1_89' title='bbox 1326 1490 1356 1541; x_wconf 90' lang='lat' dir='ltr'>et</span> <span class='ocrx_word' id='word_1_90' title='bbox 1376 1487 1440 1541; x_wconf 89' lang='lat' dir='ltr'>ante</span> 
     </span>
     <span class='ocr_line' id='line_1_11' title="bbox 178 1589 1437 1666; baseline -0.005 -15"><span class='ocrx_word' id='word_1_91' title='bbox 178 1595 282 1651; x_wconf 90' lang='lat' dir='ltr'>omnia</span> <span class='ocrx_word' id='word_1_92' title='bbox 306 1608 323 1649; x_wconf 91' lang='lat' dir='ltr'>a</span> <span class='ocrx_word' id='word_1_93' title='bbox 348 1599 435 1666; x_wconf 90' lang='lat' dir='ltr'>parte</span> <span class='ocrx_word' id='word_1_94' title='bbox 458 1590 642 1649; x_wconf 89' lang='lat' dir='ltr'>occidentali</span> <span class='ocrx_word' id='word_1_95' title='bbox 674 1590 886 1661; x_wconf 85' lang='lat' dir='ltr'>existentibus,</span> <span class='ocrx_word' id='word_1_96' title='bbox 910 1596 993 1647; x_wconf 91' lang='lat' dir='ltr'>retro</span> <span class='ocrx_word' id='word_1_97' title='bbox 1018 1589 1162 1647; x_wconf 83' lang='lat' dir='ltr'>videlicet</span> <span class='ocrx_word' id='word_1_98' title='bbox 1196 1591 1301 1648; x_wconf 90' lang='lat' dir='ltr'>curias</span> <span class='ocrx_word' id='word_1_99' title='bbox 1325 1596 1437 1648; x_wconf 88' lang='lat' dir='ltr'>nostras</span> 
     </span>
     <span class='ocr_line' id='line_1_12' title="bbox 178 1696 1440 1770; baseline -0.004 -13"><span class='ocrx_word' id='word_1_100' title='bbox 178 1698 355 1757; x_wconf 91' lang='lat' dir='ltr'>huiusmodi</span> <span class='ocrx_word' id='word_1_101' title='bbox 379 1705 495 1755; x_wconf 89' lang='lat' dir='ltr'>certam</span> <span class='ocrx_word' id='word_1_102' title='bbox 519 1702 549 1754; x_wconf 92' lang='lat' dir='ltr'>et</span> <span class='ocrx_word' id='word_1_103' title='bbox 572 1696 746 1754; x_wconf 90' lang='lat' dir='ltr'>limatatam</span> <span class='ocrx_word' id='word_1_104' title='bbox 771 1696 956 1769; x_wconf 89' lang='lat' dir='ltr'>particulam</span> <span class='ocrx_word' id='word_1_105' title='bbox 981 1702 1062 1753; x_wconf 90' lang='lat' dir='ltr'>terre</span> <span class='ocrx_word' id='word_1_106' title='bbox 1085 1710 1143 1769; x_wconf 91' lang='lat' dir='ltr'>pro</span> <span class='ocrx_word' id='word_1_107' title='bbox 1160 1696 1231 1754; x_wconf 86' lang='lat' dir='ltr'>vico</span> <span class='ocrx_word' id='word_1_108' title='bbox 1255 1712 1311 1754; x_wconf 92' lang='lat' dir='ltr'>seu</span> <span class='ocrx_word' id='word_1_109' title='bbox 1335 1696 1440 1770; x_wconf 86' lang='lat' dir='ltr'>platea,</span> 
     </span>
     <span class='ocr_line' id='line_1_13' title="bbox 179 1801 1438 1878; baseline -0.003 -17"><span class='ocrx_word' id='word_1_110' title='bbox 179 1804 388 1878; x_wconf 88' lang='lat' dir='ltr'>domibusque</span> <span class='ocrx_word' id='word_1_111' title='bbox 418 1820 453 1861; x_wconf 91' lang='lat' dir='ltr'>ac</span> <span class='ocrx_word' id='word_1_112' title='bbox 476 1804 570 1861; x_wconf 91' lang='lat' dir='ltr'>curiis</span> <span class='ocrx_word' id='word_1_113' title='bbox 593 1804 755 1860; x_wconf 87' lang='lat' dir='ltr'>hominum</span> <span class='ocrx_word' id='word_1_114' title='bbox 776 1807 806 1860; x_wconf 93' lang='lat' dir='ltr'>et</span> <span class='ocrx_word' id='word_1_115' title='bbox 837 1802 1029 1876; x_wconf 87' lang='lat' dir='ltr'>populorum</span> <span class='ocrx_word' id='word_1_116' title='bbox 1060 1801 1274 1876; x_wconf 90' lang='lat' dir='ltr'>predictorum</span> <span class='ocrx_word' id='word_1_117' title='bbox 1307 1801 1438 1861; x_wconf 84' lang='lat' dir='ltr'>locandis</span> 
     </span>
     <span class='ocr_line' id='line_1_14' title="bbox 178 1908 1441 1984; baseline -0.003 -16"><span class='ocrx_word' id='word_1_118' title='bbox 178 1920 294 1983; x_wconf 83' lang='lat' dir='ltr'>aptam,</span> <span class='ocrx_word' id='word_1_119' title='bbox 318 1926 374 1984; x_wconf 89' lang='lat' dir='ltr'>per</span> <span class='ocrx_word' id='word_1_120' title='bbox 397 1917 496 1968; x_wconf 90' lang='lat' dir='ltr'>certos</span> <span class='ocrx_word' id='word_1_121' title='bbox 520 1910 678 1967; x_wconf 91' lang='lat' dir='ltr'>consocios</span> <span class='ocrx_word' id='word_1_122' title='bbox 702 1914 732 1966; x_wconf 93' lang='lat' dir='ltr'>et</span> <span class='ocrx_word' id='word_1_123' title='bbox 748 1909 968 1967; x_wconf 88' lang='lat' dir='ltr'>concanonicos</span> <span class='ocrx_word' id='word_1_124' title='bbox 991 1915 1113 1965; x_wconf 86' lang='lat' dir='ltr'>nostros</span> <span class='ocrx_word' id='word_1_125' title='bbox 1125 1908 1165 1966; x_wconf 91' lang='lat' dir='ltr'>ad</span> <span class='ocrx_word' id='word_1_126' title='bbox 1189 1909 1249 1966; x_wconf 91' lang='lat' dir='ltr'>hoc</span> <span class='ocrx_word' id='word_1_127' title='bbox 1272 1909 1441 1984; x_wconf 87' lang='lat' dir='ltr'>specialiter</span> 
     </span>
     <span class='ocr_line' id='line_1_15' title="bbox 183 2012 1441 2090; baseline -0.004 -16"><span class='ocrx_word' id='word_1_128' title='bbox 183 2017 347 2090; x_wconf 91' lang='lat' dir='ltr'>deputatos</span> <span class='ocrx_word' id='word_1_129' title='bbox 382 2022 412 2074; x_wconf 91' lang='lat' dir='ltr'>et</span> <span class='ocrx_word' id='word_1_130' title='bbox 449 2017 645 2073; x_wconf 89' lang='lat' dir='ltr'>transmissos</span> <span class='ocrx_word' id='word_1_131' title='bbox 681 2014 810 2086; x_wconf 80' lang='lat' dir='ltr'>detrahi,</span> <span class='ocrx_word' id='word_1_132' title='bbox 845 2015 971 2087; x_wconf 90' lang='lat' dir='ltr'>seiungi,</span> <span class='ocrx_word' id='word_1_133' title='bbox 1007 2014 1195 2088; x_wconf 88' lang='lat' dir='ltr'>sequestrari</span> <span class='ocrx_word' id='word_1_134' title='bbox 1229 2020 1260 2072; x_wconf 89' lang='lat' dir='ltr'>et</span> <span class='ocrx_word' id='word_1_135' title='bbox 1295 2012 1441 2087; x_wconf 89' lang='lat' dir='ltr'>segregari</span> 
     </span>
     <span class='ocr_line' id='line_1_16' title="bbox 183 2120 1441 2195; baseline -0.004 -14"><span class='ocrx_word' id='word_1_136' title='bbox 183 2123 321 2191; x_wconf 86' lang='lat' dir='ltr'>fecimus,</span> <span class='ocrx_word' id='word_1_137' title='bbox 347 2121 523 2195; x_wconf 88' lang='lat' dir='ltr'>incipiendo</span> <span class='ocrx_word' id='word_1_138' title='bbox 547 2123 650 2195; x_wconf 90' lang='lat' dir='ltr'>primo</span> <span class='ocrx_word' id='word_1_139' title='bbox 674 2127 703 2179; x_wconf 91' lang='lat' dir='ltr'>et</span> <span class='ocrx_word' id='word_1_140' title='bbox 734 2128 803 2179; x_wconf 89' lang='lat' dir='ltr'>ante</span> <span class='ocrx_word' id='word_1_141' title='bbox 837 2122 940 2179; x_wconf 88' lang='lat' dir='ltr'>omnia</span> <span class='ocrx_word' id='word_1_142' title='bbox 972 2122 1077 2179; x_wconf 84' lang='lat' dir='ltr'>vicum</span> <span class='ocrx_word' id='word_1_143' title='bbox 1108 2120 1289 2179; x_wconf 90' lang='lat' dir='ltr'>huiusmodi</span> <span class='ocrx_word' id='word_1_144' title='bbox 1313 2120 1441 2178; x_wconf 89' lang='lat' dir='ltr'>adorno</span> 
     </span>
     <span class='ocr_line' id='line_1_17' title="bbox 183 2213 1438 2301; baseline -0.002 -14"><span class='ocrx_word' id='word_1_145' title='bbox 183 2246 237 2288; x_wconf 89' lang='lat' dir='ltr'>seu</span> <span class='ocrx_word' id='word_1_146' title='bbox 261 2230 355 2299; x_wconf 90' lang='lat' dir='ltr'>curia,</span> <span class='ocrx_word' id='word_1_147' title='bbox 380 2243 474 2301; x_wconf 91' lang='lat' dir='ltr'>quam</span> <span class='ocrx_word' id='word_1_148' title='bbox 498 2244 599 2301; x_wconf 89' lang='lat' dir='ltr'>nuper</span> <span class='ocrx_word' id='word_1_149' title='bbox 613 2227 745 2287; x_wconf 90' lang='lat' dir='ltr'>condam</span> <span class='ocrx_word' id='word_1_150' title='bbox 763 2228 907 2286; x_wconf 92' lang='lat' dir='ltr'>dominus</span> <span class='ocrx_word' id='word_1_151' title='bbox 930 2228 1107 2285; x_wconf 88' lang='lat' dir='ltr'>Demetrius</span> <span class='ocrx_word' id='word_1_152' title='bbox 1130 2227 1367 2285; x_wconf 86' lang='lat' dir='ltr'>archidiaconus</span> <span class='ocrx_word' id='word_1_153' title='bbox 1393 2213 1438 2284; x_wconf 81' lang='lat' dir='ltr'>ka·</span> 
     </span>
     <span class='ocr_line' id='line_1_18' title="bbox 181 2332 1440 2408; baseline -0.006 -13"><span class='ocrx_word' id='word_1_154' title='bbox 181 2336 330 2395; x_wconf 90' lang='lat' dir='ltr'>thedralis</span> <span class='ocrx_word' id='word_1_155' title='bbox 355 2340 385 2392; x_wconf 86' lang='lat' dir='ltr'>et</span> <span class='ocrx_word' id='word_1_156' title='bbox 407 2336 628 2392; x_wconf 86' lang='lat' dir='ltr'>concanonicus</span> <span class='ocrx_word' id='word_1_157' title='bbox 645 2341 749 2395; x_wconf 90' lang='lat' dir='ltr'>noster</span> <span class='ocrx_word' id='word_1_158' title='bbox 764 2335 870 2406; x_wconf 89' lang='lat' dir='ltr'>erexit,</span> <span class='ocrx_word' id='word_1_159' title='bbox 889 2351 970 2392; x_wconf 92' lang='lat' dir='ltr'>nunc</span> <span class='ocrx_word' id='word_1_160' title='bbox 986 2350 1060 2393; x_wconf 90' lang='lat' dir='ltr'>vero</span> <span class='ocrx_word' id='word_1_161' title='bbox 1077 2332 1210 2408; x_wconf 85' lang='lat' dir='ltr'>provida</span> <span class='ocrx_word' id='word_1_162' title='bbox 1224 2334 1340 2393; x_wconf 90' lang='lat' dir='ltr'>mulier</span> <span class='ocrx_word' id='word_1_163' title='bbox 1355 2333 1440 2391; x_wconf 77' lang='lat' dir='ltr'>Lucia</span> 
     </span>
     <span class='ocr_line' id='line_1_19' title="bbox 180 2438 1439 2514; baseline -0.004 -14"><span class='ocrx_word' id='word_1_164' title='bbox 180 2449 299 2513; x_wconf 86' lang='lat' dir='ltr'>vocata,</span> <span class='ocrx_word' id='word_1_165' title='bbox 322 2442 429 2499; x_wconf 91' lang='lat' dir='ltr'>relicta</span> <span class='ocrx_word' id='word_1_166' title='bbox 453 2441 584 2499; x_wconf 91' lang='lat' dir='ltr'>condam</span> <span class='ocrx_word' id='word_1_167' title='bbox 617 2441 711 2499; x_wconf 85' lang='lat' dir='ltr'>Blasii</span> <span class='ocrx_word' id='word_1_168' title='bbox 734 2441 886 2499; x_wconf 86' lang='lat' dir='ltr'>carnificis</span> <span class='ocrx_word' id='word_1_169' title='bbox 909 2441 947 2498; x_wconf 90' lang='lat' dir='ltr'>de</span> <span class='ocrx_word' id='word_1_170' title='bbox 971 2442 1040 2499; x_wconf 88' lang='lat' dir='ltr'>vico</span> <span class='ocrx_word' id='word_1_171' title='bbox 1063 2440 1186 2498; x_wconf 90' lang='lat' dir='ltr'>abbatis</span> <span class='ocrx_word' id='word_1_172' title='bbox 1210 2441 1304 2499; x_wconf 92' lang='lat' dir='ltr'>titulo</span> <span class='ocrx_word' id='word_1_173' title='bbox 1332 2438 1439 2514; x_wconf 86' lang='lat' dir='ltr'>empci-</span> 
     </span>
     <span class='ocr_line' id='line_1_20' title="bbox 181 2545 1440 2623; baseline -0.005 -17"><span class='ocrx_word' id='word_1_174' title='bbox 181 2550 248 2606; x_wconf 90' lang='lat' dir='ltr'>onis</span> <span class='ocrx_word' id='word_1_175' title='bbox 284 2549 419 2623; x_wconf 85' lang='lat' dir='ltr'>possidet</span> <span class='ocrx_word' id='word_1_176' title='bbox 455 2555 484 2605; x_wconf 93' lang='lat' dir='ltr'>et</span> <span class='ocrx_word' id='word_1_177' title='bbox 519 2548 678 2618; x_wconf 86' lang='lat' dir='ltr'>inhabitat,</span> <span class='ocrx_word' id='word_1_178' title='bbox 715 2553 745 2606; x_wconf 93' lang='lat' dir='ltr'>et</span> <span class='ocrx_word' id='word_1_179' title='bbox 780 2547 889 2606; x_wconf 92' lang='lat' dir='ltr'>deinde</span> <span class='ocrx_word' id='word_1_180' title='bbox 924 2545 1120 2622; x_wconf 92' lang='lat' dir='ltr'>procedendo</span> <span class='ocrx_word' id='word_1_181' title='bbox 1155 2547 1367 2620; x_wconf 90' lang='lat' dir='ltr'>perlongum</span> <span class='ocrx_word' id='word_1_182' title='bbox 1389 2560 1440 2618; x_wconf 91' lang='lat' dir='ltr'>per</span> 
     </span>
     <span class='ocr_line' id='line_1_21' title="bbox 180 2654 1442 2726; baseline -0.005 -13"><span class='ocrx_word' id='word_1_183' title='bbox 180 2663 283 2713; x_wconf 91' lang='lat' dir='ltr'>ortum</span> <span class='ocrx_word' id='word_1_184' title='bbox 307 2654 441 2713; x_wconf 81' lang='lat' dir='ltr'>fratrum</span> <span class='ocrx_word' id='word_1_185' title='bbox 466 2656 563 2712; x_wconf 92' lang='lat' dir='ltr'>sancti</span> <span class='ocrx_word' id='word_1_186' title='bbox 586 2655 740 2712; x_wconf 89' lang='lat' dir='ltr'>Francisci</span> <span class='ocrx_word' id='word_1_187' title='bbox 765 2662 795 2712; x_wconf 89' lang='lat' dir='ltr'>et</span> <span class='ocrx_word' id='word_1_188' title='bbox 811 2654 937 2712; x_wconf 89' lang='lat' dir='ltr'>tandem</span> <span class='ocrx_word' id='word_1_189' title='bbox 954 2670 1062 2712; x_wconf 90' lang='lat' dir='ltr'>versus</span> <span class='ocrx_word' id='word_1_190' title='bbox 1078 2654 1335 2726; x_wconf 83' lang='lat' dir='ltr'>septemtrionem</span> <span class='ocrx_word' id='word_1_191' title='bbox 1352 2665 1442 2725; x_wconf 89' lang='lat' dir='ltr'>usque</span> 
     </span>
     <span class='ocr_line' id='line_1_22' title="bbox 180 2760 1439 2834; baseline -0.004 -14"><span class='ocrx_word' id='word_1_192' title='bbox 180 2763 212 2820; x_wconf 90' lang='lat' dir='ltr'>in</span> <span class='ocrx_word' id='word_1_193' title='bbox 235 2762 330 2819; x_wconf 88' lang='lat' dir='ltr'>finem</span> <span class='ocrx_word' id='word_1_194' title='bbox 355 2762 539 2819; x_wconf 88' lang='lat' dir='ltr'>municionis</span> <span class='ocrx_word' id='word_1_195' title='bbox 563 2761 724 2834; x_wconf 90' lang='lat' dir='ltr'>prelibate‚</span> <span class='ocrx_word' id='word_1_196' title='bbox 749 2763 791 2819; x_wconf 90' lang='lat' dir='ltr'>ita</span> <span class='ocrx_word' id='word_1_197' title='bbox 806 2762 960 2830; x_wconf 85' lang='lat' dir='ltr'>videlicet,</span> <span class='ocrx_word' id='word_1_198' title='bbox 985 2760 1071 2834; x_wconf 93' lang='lat' dir='ltr'>quod</span> <span class='ocrx_word' id='word_1_199' title='bbox 1095 2761 1174 2818; x_wconf 91' lang='lat' dir='ltr'>inter</span> <span class='ocrx_word' id='word_1_200' title='bbox 1198 2761 1302 2818; x_wconf 87' lang='lat' dir='ltr'>curias</span> <span class='ocrx_word' id='word_1_201' title='bbox 1325 2765 1439 2818; x_wconf 84' lang='lat' dir='ltr'>nostras</span> 
     </span>
     <span class='ocr_line' id='line_1_23' title="bbox 180 2867 1441 2942; baseline -0.004 -16"><span class='ocrx_word' id='word_1_202' title='bbox 180 2868 334 2942; x_wconf 90' lang='lat' dir='ltr'>predictas</span> <span class='ocrx_word' id='word_1_203' title='bbox 358 2874 388 2926; x_wconf 90' lang='lat' dir='ltr'>et</span> <span class='ocrx_word' id='word_1_204' title='bbox 411 2869 491 2925; x_wconf 90' lang='lat' dir='ltr'>inter</span> <span class='ocrx_word' id='word_1_205' title='bbox 513 2868 617 2925; x_wconf 89' lang='lat' dir='ltr'>vicum</span> <span class='ocrx_word' id='word_1_206' title='bbox 645 2884 698 2926; x_wconf 92' lang='lat' dir='ltr'>seu</span> <span class='ocrx_word' id='word_1_207' title='bbox 728 2868 865 2941; x_wconf 89' lang='lat' dir='ltr'>plateam</span> <span class='ocrx_word' id='word_1_208' title='bbox 889 2867 1066 2926; x_wconf 87' lang='lat' dir='ltr'>huiusmodi</span> <span class='ocrx_word' id='word_1_209' title='bbox 1090 2868 1141 2924; x_wconf 88' lang='lat' dir='ltr'>via</span> <span class='ocrx_word' id='word_1_210' title='bbox 1164 2867 1294 2940; x_wconf 89' lang='lat' dir='ltr'>publica</span> <span class='ocrx_word' id='word_1_211' title='bbox 1317 2873 1346 2924; x_wconf 93' lang='lat' dir='ltr'>et</span> <span class='ocrx_word' id='word_1_212' title='bbox 1362 2879 1441 2922; x_wconf 93' lang='lat' dir='ltr'>com-</span> 
     </span>
     <span class='ocr_line' id='line_1_24' title="bbox 181 2973 1440 3049; baseline -0.007 -16"><span class='ocrx_word' id='word_1_213' title='bbox 181 2977 282 3034; x_wconf 91' lang='lat' dir='ltr'>munis</span> <span class='ocrx_word' id='word_1_214' title='bbox 305 2991 402 3049; x_wconf 89' lang='lat' dir='ltr'>usque</span> <span class='ocrx_word' id='word_1_215' title='bbox 426 2976 456 3033; x_wconf 90' lang='lat' dir='ltr'>in</span> <span class='ocrx_word' id='word_1_216' title='bbox 477 2976 572 3033; x_wconf 88' lang='lat' dir='ltr'>finem</span> <span class='ocrx_word' id='word_1_217' title='bbox 589 2975 806 3047; x_wconf 75' lang='lat' dir='ltr'>protendetur,</span> <span class='ocrx_word' id='word_1_218' title='bbox 823 2974 968 3048; x_wconf 89' lang='lat' dir='ltr'>quodque</span> <span class='ocrx_word' id='word_1_219' title='bbox 992 2973 1131 3047; x_wconf 90' lang='lat' dir='ltr'>quelibet</span> <span class='ocrx_word' id='word_1_220' title='bbox 1154 2974 1275 3045; x_wconf 88' lang='lat' dir='ltr'>integra</span> <span class='ocrx_word' id='word_1_221' title='bbox 1292 2973 1377 3030; x_wconf 89' lang='lat' dir='ltr'>curia</span> <span class='ocrx_word' id='word_1_222' title='bbox 1392 2984 1440 3026; x_wconf 91' lang='lat' dir='ltr'>seu</span> 
     </span>
     <span class='ocr_line' id='line_1_25' title="bbox 180 3079 1438 3155; baseline -0.006 -15"><span class='ocrx_word' id='word_1_223' title='bbox 180 3084 274 3140; x_wconf 88' lang='lat' dir='ltr'>sessio</span> <span class='ocrx_word' id='word_1_224' title='bbox 298 3082 328 3139; x_wconf 90' lang='lat' dir='ltr'>in</span> <span class='ocrx_word' id='word_1_225' title='bbox 351 3082 514 3139; x_wconf 86' lang='lat' dir='ltr'>latitudine</span> <span class='ocrx_word' id='word_1_226' title='bbox 538 3082 716 3155; x_wconf 90' lang='lat' dir='ltr'>quindecim</span> <span class='ocrx_word' id='word_1_227' title='bbox 744 3083 833 3140; x_wconf 92' lang='lat' dir='ltr'>ulnas</span> <span class='ocrx_word' id='word_1_228' title='bbox 856 3097 955 3152; x_wconf 87' lang='lat' dir='ltr'>eneas,</span> <span class='ocrx_word' id='word_1_229' title='bbox 987 3081 1101 3154; x_wconf 90' lang='lat' dir='ltr'>quibus</span> <span class='ocrx_word' id='word_1_230' title='bbox 1131 3079 1342 3136; x_wconf 90' lang='lat' dir='ltr'>communiter</span> <span class='ocrx_word' id='word_1_231' title='bbox 1363 3090 1438 3135; x_wconf 91' lang='lat' dir='ltr'>nunc</span> 
     </span>
     <span class='ocr_line' id='line_1_26' title="bbox 179 3181 1441 3260; baseline -0.006 -15"><span class='ocrx_word' id='word_1_232' title='bbox 179 3189 229 3245; x_wconf 92' lang='lat' dir='ltr'>hic</span> <span class='ocrx_word' id='word_1_233' title='bbox 253 3188 402 3259; x_wconf 91' lang='lat' dir='ltr'>Zagrabie</span> <span class='ocrx_word' id='word_1_234' title='bbox 426 3189 519 3260; x_wconf 90' lang='lat' dir='ltr'>panni</span> <span class='ocrx_word' id='word_1_235' title='bbox 536 3203 553 3244; x_wconf 92' lang='lat' dir='ltr'>a</span> <span class='ocrx_word' id='word_1_236' title='bbox 577 3189 801 3247; x_wconf 89' lang='lat' dir='ltr'>mercatoribus</span> <span class='ocrx_word' id='word_1_237' title='bbox 818 3194 1035 3246; x_wconf 89' lang='lat' dir='ltr'>mensurantur</span> <span class='ocrx_word' id='word_1_238' title='bbox 1051 3185 1268 3257; x_wconf 90' lang='lat' dir='ltr'>continebitur,</span> <span class='ocrx_word' id='word_1_239' title='bbox 1285 3181 1441 3257; x_wconf 77' lang='lat' dir='ltr'>longitudo</span> 
     </span>
     <span class='ocr_line' id='line_1_27' title="bbox 180 3287 1441 3368; baseline -0.005 -17"><span class='ocrx_word' id='word_1_240' title='bbox 180 3301 283 3351; x_wconf 90' lang='lat' dir='ltr'>autem</span> <span class='ocrx_word' id='word_1_241' title='bbox 308 3294 391 3351; x_wconf 90' lang='lat' dir='ltr'>curie</span> <span class='ocrx_word' id='word_1_242' title='bbox 412 3300 441 3350; x_wconf 90' lang='lat' dir='ltr'>et</span> <span class='ocrx_word' id='word_1_243' title='bbox 465 3294 609 3351; x_wconf 88' lang='lat' dir='ltr'>sessionis</span> <span class='ocrx_word' id='word_1_244' title='bbox 632 3292 800 3353; x_wconf 88' lang='lat' dir='ltr'>cuiuslibet</span> <span class='ocrx_word' id='word_1_245' title='bbox 813 3310 910 3368; x_wconf 91' lang='lat' dir='ltr'>usque</span> <span class='ocrx_word' id='word_1_246' title='bbox 933 3293 972 3351; x_wconf 89' lang='lat' dir='ltr'>ad</span> <span class='ocrx_word' id='word_1_247' title='bbox 989 3308 1077 3366; x_wconf 88' lang='lat' dir='ltr'>sepes</span> <span class='ocrx_word' id='word_1_248' title='bbox 1100 3307 1155 3349; x_wconf 92' lang='lat' dir='ltr'>seu</span> <span class='ocrx_word' id='word_1_249' title='bbox 1179 3291 1332 3363; x_wconf 88' lang='lat' dir='ltr'>parietem</span> <span class='ocrx_word' id='word_1_250' title='bbox 1349 3287 1441 3346; x_wconf 91' lang='lat' dir='ltr'>muni·</span> 
     </span>
     <span class='ocr_line' id='line_1_28' title="bbox 180 3396 1442 3474; baseline -0.006 -17"><span class='ocrx_word' id='word_1_251' title='bbox 180 3401 276 3458; x_wconf 90' lang='lat' dir='ltr'>cionis</span> <span class='ocrx_word' id='word_1_252' title='bbox 308 3399 483 3472; x_wconf 88' lang='lat' dir='ltr'>supradicte</span> <span class='ocrx_word' id='word_1_253' title='bbox 514 3399 714 3469; x_wconf 86' lang='lat' dir='ltr'>extendetur;</span> <span class='ocrx_word' id='word_1_254' title='bbox 746 3400 893 3458; x_wconf 90' lang='lat' dir='ltr'>addentes</span> <span class='ocrx_word' id='word_1_255' title='bbox 923 3415 982 3474; x_wconf 91' lang='lat' dir='ltr'>pro</span> <span class='ocrx_word' id='word_1_256' title='bbox 1013 3400 1095 3457; x_wconf 91' lang='lat' dir='ltr'>bono</span> <span class='ocrx_word' id='word_1_257' title='bbox 1126 3397 1220 3471; x_wconf 89' lang='lat' dir='ltr'>pacis,</span> <span class='ocrx_word' id='word_1_258' title='bbox 1253 3396 1338 3470; x_wconf 90' lang='lat' dir='ltr'>quod</span> <span class='ocrx_word' id='word_1_259' title='bbox 1369 3396 1442 3453; x_wconf 89' lang='lat' dir='ltr'>inter</span> 
     </span>
     <span class='ocr_line' id='line_1_29' title="bbox 180 3501 1442 3580; baseline -0.004 -18"><span class='ocrx_word' id='word_1_260' title='bbox 180 3507 265 3564; x_wconf 89' lang='lat' dir='ltr'>viam</span> <span class='ocrx_word' id='word_1_261' title='bbox 297 3508 457 3580; x_wconf 89' lang='lat' dir='ltr'>publicam</span> <span class='ocrx_word' id='word_1_262' title='bbox 481 3506 543 3562; x_wconf 91' lang='lat' dir='ltr'>iam</span> <span class='ocrx_word' id='word_1_263' title='bbox 575 3506 689 3563; x_wconf 85' lang='lat' dir='ltr'>dictam</span> <span class='ocrx_word' id='word_1_264' title='bbox 721 3513 752 3564; x_wconf 90' lang='lat' dir='ltr'>et</span> <span class='ocrx_word' id='word_1_265' title='bbox 774 3507 875 3563; x_wconf 90' lang='lat' dir='ltr'>curias</span> <span class='ocrx_word' id='word_1_266' title='bbox 900 3513 1018 3563; x_wconf 91' lang='lat' dir='ltr'>nostras</span> <span class='ocrx_word' id='word_1_267' title='bbox 1050 3519 1138 3578; x_wconf 90' lang='lat' dir='ltr'>sepes</span> <span class='ocrx_word' id='word_1_268' title='bbox 1162 3502 1373 3561; x_wconf 90' lang='lat' dir='ltr'>indesinenter</span> <span class='ocrx_word' id='word_1_269' title='bbox 1394 3501 1442 3558; x_wconf 88' lang='lat' dir='ltr'>ha·</span> 
     </span>
     <span class='ocr_line' id='line_1_30' title="bbox 181 3610 1441 3684; baseline -0.004 -15"><span class='ocrx_word' id='word_1_270' title='bbox 181 3613 318 3680; x_wconf 91' lang='lat' dir='ltr'>beantur,</span> <span class='ocrx_word' id='word_1_271' title='bbox 350 3627 428 3683; x_wconf 88' lang='lat' dir='ltr'>quos</span> <span class='ocrx_word' id='word_1_272' title='bbox 459 3613 594 3684; x_wconf 89' lang='lat' dir='ltr'>quilibet</span> <span class='ocrx_word' id='word_1_273' title='bbox 625 3612 826 3671; x_wconf 90' lang='lat' dir='ltr'>dominorum</span> <span class='ocrx_word' id='word_1_274' title='bbox 857 3613 1078 3671; x_wconf 88' lang='lat' dir='ltr'>canonicorum</span> <span class='ocrx_word' id='word_1_275' title='bbox 1109 3611 1192 3668; x_wconf 91' lang='lat' dir='ltr'>circa</span> <span class='ocrx_word' id='word_1_276' title='bbox 1214 3610 1338 3667; x_wconf 89' lang='lat' dir='ltr'>curiam</span> <span class='ocrx_word' id='word_1_277' title='bbox 1357 3621 1441 3666; x_wconf 90' lang='lat' dir='ltr'>suam</span> 
     </span>
     <span class='ocr_line' id='line_1_31' title="bbox 181 3715 1440 3792; baseline 0 -20"><span class='ocrx_word' id='word_1_278' title='bbox 181 3717 302 3789; x_wconf 87' lang='lat' dir='ltr'>disponi</span> <span class='ocrx_word' id='word_1_279' title='bbox 327 3716 427 3773; x_wconf 85' lang='lat' dir='ltr'>facere</span> <span class='ocrx_word' id='word_1_280' title='bbox 458 3718 516 3774; x_wconf 89' lang='lat' dir='ltr'>erit</span> <span class='ocrx_word' id='word_1_281' title='bbox 538 3719 704 3792; x_wconf 88' lang='lat' dir='ltr'>obligatus.</span> <span class='ocrx_word' id='word_1_282' title='bbox 729 3721 797 3779; x_wconf 90' lang='lat' dir='ltr'>Hoc</span> <span class='ocrx_word' id='word_1_283' title='bbox 819 3720 914 3792; x_wconf 91' lang='lat' dir='ltr'>igitur</span> <span class='ocrx_word' id='word_1_284' title='bbox 937 3718 1032 3777; x_wconf 90' lang='lat' dir='ltr'>modo</span> <span class='ocrx_word' id='word_1_285' title='bbox 1063 3723 1093 3776; x_wconf 90' lang='lat' dir='ltr'>et</span> <span class='ocrx_word' id='word_1_286' title='bbox 1124 3716 1233 3775; x_wconf 90' lang='lat' dir='ltr'>ordine</span> <span class='ocrx_word' id='word_1_287' title='bbox 1256 3715 1440 3791; x_wconf 86' lang='lat' dir='ltr'>particulam</span> 
     </span>
     <span class='ocr_line' id='line_1_32' title="bbox 180 3820 1443 3898; baseline -0.002 -20"><span class='ocrx_word' id='word_1_288' title='bbox 180 3830 260 3878; x_wconf 90' lang='lat' dir='ltr'>terre</span> <span class='ocrx_word' id='word_1_289' title='bbox 285 3822 346 3877; x_wconf 91' lang='lat' dir='ltr'>iam</span> <span class='ocrx_word' id='word_1_290' title='bbox 378 3820 492 3877; x_wconf 84' lang='lat' dir='ltr'>dictam</span> <span class='ocrx_word' id='word_1_291' title='bbox 526 3832 751 3896; x_wconf 88' lang='lat' dir='ltr'>sequestratam</span> <span class='ocrx_word' id='word_1_292' title='bbox 784 3833 813 3884; x_wconf 90' lang='lat' dir='ltr'>et</span> <span class='ocrx_word' id='word_1_293' title='bbox 845 3832 1039 3898; x_wconf 86' lang='lat' dir='ltr'>segregatam</span> <span class='ocrx_word' id='word_1_294' title='bbox 1071 3839 1129 3898; x_wconf 92' lang='lat' dir='ltr'>pro</span> <span class='ocrx_word' id='word_1_295' title='bbox 1161 3823 1261 3881; x_wconf 91' lang='lat' dir='ltr'>libero</span> <span class='ocrx_word' id='word_1_296' title='bbox 1293 3822 1364 3880; x_wconf 88' lang='lat' dir='ltr'>vico</span> <span class='ocrx_word' id='word_1_297' title='bbox 1393 3833 1443 3877; x_wconf 91' lang='lat' dir='ltr'>seu</span> 
     </span>
     <span class='ocr_line' id='line_1_33' title="bbox 180 3926 1444 4000; baseline 0 -18"><span class='ocrx_word' id='word_1_298' title='bbox 180 3927 283 4000; x_wconf 89' lang='lat' dir='ltr'>platea</span> <span class='ocrx_word' id='word_1_299' title='bbox 307 3931 335 3981; x_wconf 92' lang='lat' dir='ltr'>et</span> <span class='ocrx_word' id='word_1_300' title='bbox 359 3940 416 3996; x_wconf 93' lang='lat' dir='ltr'>pro</span> <span class='ocrx_word' id='word_1_301' title='bbox 438 3926 614 3997; x_wconf 89' lang='lat' dir='ltr'>hospitibus</span> <span class='ocrx_word' id='word_1_302' title='bbox 639 3937 669 3989; x_wconf 93' lang='lat' dir='ltr'>et</span> <span class='ocrx_word' id='word_1_303' title='bbox 693 3932 954 3990; x_wconf 90' lang='lat' dir='ltr'>inhabitatoribus</span> <span class='ocrx_word' id='word_1_304' title='bbox 977 3930 1095 3988; x_wconf 91' lang='lat' dir='ltr'>ibidem</span> <span class='ocrx_word' id='word_1_305' title='bbox 1120 3927 1321 3999; x_wconf 89' lang='lat' dir='ltr'>collocandis,</span> <span class='ocrx_word' id='word_1_306' title='bbox 1338 3932 1444 3985; x_wconf 81' lang='lat' dir='ltr'>extunc</span> 
     </span>
     <span class='ocr_line' id='line_1_34' title="bbox 179 4030 1439 4111; baseline -0.001 -22"><span class='ocrx_word' id='word_1_307' title='bbox 179 4031 337 4104; x_wconf 90' lang='lat' dir='ltr'>perpetuis</span> <span class='ocrx_word' id='word_1_308' title='bbox 372 4032 567 4101; x_wconf 90' lang='lat' dir='ltr'>temporibus</span> <span class='ocrx_word' id='word_1_309' title='bbox 598 4037 802 4096; x_wconf 87' lang='lat' dir='ltr'>obtinendum</span> <span class='ocrx_word' id='word_1_310' title='bbox 825 4044 855 4096; x_wconf 89' lang='lat' dir='ltr'>et</span> <span class='ocrx_word' id='word_1_311' title='bbox 879 4036 1101 4111; x_wconf 88' lang='lat' dir='ltr'>possidendum</span> <span class='ocrx_word' id='word_1_312' title='bbox 1136 4033 1365 4110; x_wconf 86' lang='lat' dir='ltr'>deputavimus,</span> <span class='ocrx_word' id='word_1_313' title='bbox 1395 4030 1439 4089; x_wconf 83' lang='lat' dir='ltr'>de</span> 
     </span>
     <span class='ocr_line' id='line_1_35' title="bbox 180 4136 1443 4218; baseline 0.003 -25"><span class='ocrx_word' id='word_1_314' title='bbox 180 4136 282 4195; x_wconf 88' lang='lat' dir='ltr'>dimus</span> <span class='ocrx_word' id='word_1_315' title='bbox 304 4143 335 4194; x_wconf 90' lang='lat' dir='ltr'>et</span> <span class='ocrx_word' id='word_1_316' title='bbox 366 4137 559 4210; x_wconf 89' lang='lat' dir='ltr'>donavimus,</span> <span class='ocrx_word' id='word_1_317' title='bbox 590 4142 688 4200; x_wconf 91' lang='lat' dir='ltr'>immo</span> <span class='ocrx_word' id='word_1_318' title='bbox 722 4144 915 4218; x_wconf 89' lang='lat' dir='ltr'>deputamus,</span> <span class='ocrx_word' id='word_1_319' title='bbox 948 4143 1058 4201; x_wconf 91' lang='lat' dir='ltr'>damus</span> <span class='ocrx_word' id='word_1_320' title='bbox 1089 4150 1118 4200; x_wconf 93' lang='lat' dir='ltr'>et</span> <span class='ocrx_word' id='word_1_321' title='bbox 1142 4141 1296 4199; x_wconf 88' lang='lat' dir='ltr'>donamus</span> <span class='ocrx_word' id='word_1_322' title='bbox 1319 4141 1443 4198; x_wconf 86' lang='lat' dir='ltr'>liberta·</span> 
     </span>
     <span class='ocr_line' id='line_1_36' title="bbox 179 4243 1444 4325; baseline 0.002 -26"><span class='ocrx_word' id='word_1_323' title='bbox 179 4243 262 4299; x_wconf 89' lang='lat' dir='ltr'>tibus</span> <span class='ocrx_word' id='word_1_324' title='bbox 293 4250 323 4300; x_wconf 92' lang='lat' dir='ltr'>et</span> <span class='ocrx_word' id='word_1_325' title='bbox 353 4246 560 4317; x_wconf 87' lang='lat' dir='ltr'>prerogativis</span> <span class='ocrx_word' id='word_1_326' title='bbox 590 4249 795 4323; x_wconf 84' lang='lat' dir='ltr'>infrascriptis</span> <span class='ocrx_word' id='word_1_327' title='bbox 826 4244 963 4325; x_wconf 91' lang='lat' dir='ltr'>hospites</span> <span class='ocrx_word' id='word_1_328' title='bbox 994 4255 1024 4308; x_wconf 92' lang='lat' dir='ltr'>et</span> <span class='ocrx_word' id='word_1_329' title='bbox 1057 4248 1280 4307; x_wconf 90' lang='lat' dir='ltr'>inhabitatores</span> <span class='ocrx_word' id='word_1_330' title='bbox 1312 4245 1444 4321; x_wconf 83' lang='lat' dir='ltr'>prefatos</span> 
     </span>
     <span class='ocr_line' id='line_1_37' title="bbox 179 4350 1445 4430; baseline 0.001 -24"><span class='ocrx_word' id='word_1_331' title='bbox 179 4350 314 4422; x_wconf 88' lang='lat' dir='ltr'>gaudere</span> <span class='ocrx_word' id='word_1_332' title='bbox 338 4352 478 4409; x_wconf 87' lang='lat' dir='ltr'>volentes</span> <span class='ocrx_word' id='word_1_333' title='bbox 501 4358 531 4410; x_wconf 94' lang='lat' dir='ltr'>et</span> <span class='ocrx_word' id='word_1_334' title='bbox 554 4357 769 4416; x_wconf 90' lang='lat' dir='ltr'>concedentes:</span> <span class='ocrx_word' id='word_1_335' title='bbox 795 4359 899 4416; x_wconf 89' lang='lat' dir='ltr'>Primo</span> <span class='ocrx_word' id='word_1_336' title='bbox 924 4357 1078 4428; x_wconf 90' lang='lat' dir='ltr'>videlicet,</span> <span class='ocrx_word' id='word_1_337' title='bbox 1099 4355 1159 4430; x_wconf 91' lang='lat' dir='ltr'>ipsi</span> <span class='ocrx_word' id='word_1_338' title='bbox 1182 4353 1314 4427; x_wconf 89' lang='lat' dir='ltr'>singulis</span> <span class='ocrx_word' id='word_1_339' title='bbox 1337 4350 1445 4410; x_wconf 84' lang='lat' dir='ltr'>futuris</span> 
     </span>
     <span class='ocr_line' id='line_1_38' title="bbox 179 4457 1445 4537; baseline 0 -23"><span class='ocrx_word' id='word_1_340' title='bbox 179 4459 338 4530; x_wconf 90' lang='lat' dir='ltr'>perpetuis</span> <span class='ocrx_word' id='word_1_341' title='bbox 369 4458 455 4516; x_wconf 89' lang='lat' dir='ltr'>annis</span> <span class='ocrx_word' id='word_1_342' title='bbox 489 4460 521 4517; x_wconf 94' lang='lat' dir='ltr'>in</span> <span class='ocrx_word' id='word_1_343' title='bbox 553 4460 630 4518; x_wconf 85' lang='lat' dir='ltr'>festo</span> <span class='ocrx_word' id='word_1_344' title='bbox 653 4464 737 4521; x_wconf 88' lang='lat' dir='ltr'>beati</span> <span class='ocrx_word' id='word_1_345' title='bbox 773 4464 900 4537; x_wconf 90' lang='lat' dir='ltr'>Georgii</span> <span class='ocrx_word' id='word_1_346' title='bbox 932 4464 1072 4522; x_wconf 90' lang='lat' dir='ltr'>martiris</span> <span class='ocrx_word' id='word_1_347' title='bbox 1106 4467 1176 4520; x_wconf 89' lang='lat' dir='ltr'>ante</span> <span class='ocrx_word' id='word_1_348' title='bbox 1213 4459 1382 4534; x_wconf 91' lang='lat' dir='ltr'>prandium</span> <span class='ocrx_word' id='word_1_349' title='bbox 1416 4457 1445 4515; x_wconf 92' lang='lat' dir='ltr'>itt</span> 
     </span>
     <span class='ocr_line' id='line_1_39' title="bbox 179 4564 1447 4642; baseline 0.002 -23"><span class='ocrx_word' id='word_1_350' title='bbox 179 4578 276 4620; x_wconf 87' lang='lat' dir='ltr'>unum</span> <span class='ocrx_word' id='word_1_351' title='bbox 300 4565 478 4636; x_wconf 86' lang='lat' dir='ltr'>congregati</span> <span class='ocrx_word' id='word_1_352' title='bbox 502 4566 616 4638; x_wconf 89' lang='lat' dir='ltr'>eligere</span> <span class='ocrx_word' id='word_1_353' title='bbox 647 4570 767 4642; x_wconf 90' lang='lat' dir='ltr'>possint</span> <span class='ocrx_word' id='word_1_354' title='bbox 791 4576 821 4628; x_wconf 90' lang='lat' dir='ltr'>et</span> <span class='ocrx_word' id='word_1_355' title='bbox 845 4570 979 4628; x_wconf 88' lang='lat' dir='ltr'>debeant</span> <span class='ocrx_word' id='word_1_356' title='bbox 1011 4570 1091 4628; x_wconf 91' lang='lat' dir='ltr'>inter</span> <span class='ocrx_word' id='word_1_357' title='bbox 1114 4584 1147 4627; x_wconf 90' lang='lat' dir='ltr'>se</span> <span class='ocrx_word' id='word_1_358' title='bbox 1174 4571 1309 4642; x_wconf 85' lang='lat' dir='ltr'>quatuor</span> <span class='ocrx_word' id='word_1_359' title='bbox 1331 4564 1447 4642; x_wconf 86' lang='lat' dir='ltr'>juratos</span> 
     </span>
     <span class='ocr_line' id='line_1_40' title="bbox 180 4670 1446 4750; baseline 0.001 -22"><span class='ocrx_word' id='word_1_360' title='bbox 180 4671 276 4728; x_wconf 89' lang='lat' dir='ltr'>bonos</span> <span class='ocrx_word' id='word_1_361' title='bbox 300 4672 392 4742; x_wconf 88' lang='lat' dir='ltr'>viros,</span> <span class='ocrx_word' id='word_1_362' title='bbox 418 4673 471 4744; x_wconf 90' lang='lat' dir='ltr'>qui</span> <span class='ocrx_word' id='word_1_363' title='bbox 501 4672 626 4730; x_wconf 89' lang='lat' dir='ltr'>tandem</span> <span class='ocrx_word' id='word_1_364' title='bbox 649 4676 794 4734; x_wconf 89' lang='lat' dir='ltr'>similiter</span> <span class='ocrx_word' id='word_1_365' title='bbox 820 4677 930 4735; x_wconf 90' lang='lat' dir='ltr'>eodem</span> <span class='ocrx_word' id='word_1_366' title='bbox 954 4676 1005 4735; x_wconf 94' lang='lat' dir='ltr'>die</span> <span class='ocrx_word' id='word_1_367' title='bbox 1028 4683 1097 4735; x_wconf 91' lang='lat' dir='ltr'>ante</span> <span class='ocrx_word' id='word_1_368' title='bbox 1118 4672 1290 4750; x_wconf 89' lang='lat' dir='ltr'>prandium</span> <span class='ocrx_word' id='word_1_369' title='bbox 1312 4670 1446 4750; x_wconf 86' lang='lat' dir='ltr'>judicem</span> 
     </span>
     <span class='ocr_line' id='line_1_41' title="bbox 178 4777 1447 4855; baseline 0.004 -23"><span class='ocrx_word' id='word_1_370' title='bbox 178 4777 263 4833; x_wconf 90' lang='lat' dir='ltr'>illius</span> <span class='ocrx_word' id='word_1_371' title='bbox 287 4780 358 4836; x_wconf 92' lang='lat' dir='ltr'>anni</span> <span class='ocrx_word' id='word_1_372' title='bbox 382 4794 439 4850; x_wconf 94' lang='lat' dir='ltr'>pro</span> <span class='ocrx_word' id='word_1_373' title='bbox 463 4794 517 4835; x_wconf 90' lang='lat' dir='ltr'>sua</span> <span class='ocrx_word' id='word_1_374' title='bbox 543 4783 764 4840; x_wconf 91' lang='lat' dir='ltr'>communitate</span> <span class='ocrx_word' id='word_1_375' title='bbox 796 4783 912 4855; x_wconf 88' lang='lat' dir='ltr'>eligant</span> <span class='ocrx_word' id='word_1_376' title='bbox 945 4799 1016 4841; x_wconf 92' lang='lat' dir='ltr'>cum</span> <span class='ocrx_word' id='word_1_377' title='bbox 1048 4782 1168 4841; x_wconf 87' lang='lat' dir='ltr'>effectu.</span> <span class='ocrx_word' id='word_1_378' title='bbox 1192 4778 1256 4854; x_wconf 84' lang='lat' dir='ltr'>Qut</span> <span class='ocrx_word' id='word_1_379' title='bbox 1277 4778 1374 4839; x_wconf 84' lang='lat' dir='ltr'>iudex</span> <span class='ocrx_word' id='word_1_380' title='bbox 1394 4791 1447 4837; x_wconf 88' lang='lat' dir='ltr'>eos</span> 
     </span>
     <span class='ocr_line' id='line_1_42' title="bbox 177 4884 1447 4963; baseline 0.002 -23"><span class='ocrx_word' id='word_1_381' title='bbox 177 4894 206 4941; x_wconf 91' lang='lat' dir='ltr'>et</span> <span class='ocrx_word' id='word_1_382' title='bbox 231 4885 372 4957; x_wconf 87' lang='lat' dir='ltr'>ipsorum</span> <span class='ocrx_word' id='word_1_383' title='bbox 394 4885 533 4958; x_wconf 90' lang='lat' dir='ltr'>singulos</span> <span class='ocrx_word' id='word_1_384' title='bbox 565 4900 601 4943; x_wconf 95' lang='lat' dir='ltr'>ac</span> <span class='ocrx_word' id='word_1_385' title='bbox 631 4887 710 4946; x_wconf 91' lang='lat' dir='ltr'>alios</span> <span class='ocrx_word' id='word_1_386' title='bbox 742 4889 967 4948; x_wconf 89' lang='lat' dir='ltr'>inhabitatores</span> <span class='ocrx_word' id='word_1_387' title='bbox 997 4889 1116 4948; x_wconf 91' lang='lat' dir='ltr'>ibidem</span> <span class='ocrx_word' id='word_1_388' title='bbox 1148 4889 1265 4948; x_wconf 89' lang='lat' dir='ltr'>habeat</span> <span class='ocrx_word' id='word_1_389' title='bbox 1294 4891 1327 4944; x_wconf 88' lang='lat' dir='ltr'>et</span> <span class='ocrx_word' id='word_1_390' title='bbox 1350 4884 1447 4963; x_wconf 78' lang='lat' dir='ltr'>possit</span> 
     </span>
    </p>
   </div>
   <div class='ocr_carea' id='block_1_3' title="bbox 0 0 1645 5348">
    <p class='ocr_par' dir='ltr' id='par_1_3' title="bbox 0 0 1645 5348">
     <span class='ocr_line' id='line_1_43' title="bbox 0 0 1645 5348; baseline 0 0"><span class='ocrx_word' id='word_1_391' title='bbox 0 0 1645 5348; x_wconf 95' lang='lat' dir='ltr'> </span> 
     </span>
    </p>
   </div>
  </div>
 </body>
</html>
