<?xml version="1.0" encoding="UTF-8"?>
<!DOCTYPE html PUBLIC "-//W3C//DTD XHTML 1.0 Transitional//EN"
    "http://www.w3.org/TR/xhtml1/DTD/xhtml1-transitional.dtd">
<html xmlns="http://www.w3.org/1999/xhtml" xml:lang="en" lang="en">
 <head>
  <title>
</title>
<meta http-equiv="Content-Type" content="text/html;charset=utf-8" />
  <meta name='ocr-system' content='tesseract 3.04.00' />
  <meta name='ocr-capabilities' content='ocr_page ocr_carea ocr_par ocr_line ocrx_word'/>
</head>
<body>
  <div class='ocr_page' id='page_1' title='image "./monumentahistor01laszgoog_0341.png"; bbox 0 0 3278 5348; ppageno 0'>
   <div class='ocr_carea' id='block_1_1' title="bbox 625 420 1456 502">
    <p class='ocr_par' dir='ltr' id='par_1_1' title="bbox 625 420 1456 502">
     <span class='ocr_line' id='line_1_1' title="bbox 625 420 1456 502; baseline 0.001 -21"><span class='ocrx_word' id='word_1_1' title='bbox 625 423 697 484; x_wconf 78' lang='lat' dir='ltr'>Dec.</span> <span class='ocrx_word' id='word_1_2' title='bbox 719 420 771 502; x_wconf 70' lang='lat'>64.</span> <span class='ocrx_word' id='word_1_3' title='bbox 794 457 837 468; x_wconf 94' lang='lat'>—</span> <span class='ocrx_word' id='word_1_4' title='bbox 861 425 917 483; x_wconf 85' lang='lat' dir='ltr'>An.</span> <span class='ocrx_word' id='word_1_5' title='bbox 942 438 1031 502; x_wconf 73' lang='lat'>1433.</span> <span class='ocrx_word' id='word_1_6' title='bbox 1419 438 1456 495; x_wconf 80' lang='lat'>7⁵</span> 
     </span>
    </p>
   </div>
   <div class='ocr_carea' id='block_1_2' title="bbox 181 638 1461 4735">
    <p class='ocr_par' dir='ltr' id='par_1_2' title="bbox 182 638 1461 4009">
     <span class='ocr_line' id='line_1_2' title="bbox 196 638 1461 714; baseline -0.001 -19"><span class='ocrx_word' id='word_1_7' title='bbox 196 638 359 711; x_wconf 79' lang='lat' dir='ltr'>revolucio,</span> <span class='ocrx_word' id='word_1_8' title='bbox 383 639 466 698; x_wconf 91' lang='lat' dir='ltr'>circa</span> <span class='ocrx_word' id='word_1_9' title='bbox 488 639 603 698; x_wconf 84' lang='lat' dir='ltr'>festum</span> <span class='ocrx_word' id='word_1_10' title='bbox 627 640 851 713; x_wconf 90' lang='lat' dir='ltr'>Penthecostes,</span> <span class='ocrx_word' id='word_1_11' title='bbox 875 646 948 699; x_wconf 93' lang='lat' dir='ltr'>tunc</span> <span class='ocrx_word' id='word_1_12' title='bbox 970 641 1164 714; x_wconf 90' lang='lat' dir='ltr'>preteritum,</span> <span class='ocrx_word' id='word_1_13' title='bbox 1199 656 1270 697; x_wconf 92' lang='lat' dir='ltr'>cum</span> <span class='ocrx_word' id='word_1_14' title='bbox 1293 639 1461 712; x_wconf 91' lang='lat' dir='ltr'>quamplu-</span> 
     </span>
     <span class='ocr_line' id='line_1_3' title="bbox 195 745 1460 821; baseline -0.001 -18"><span class='ocrx_word' id='word_1_15' title='bbox 195 745 279 803; x_wconf 85' lang='lat' dir='ltr'>ribus</span> <span class='ocrx_word' id='word_1_16' title='bbox 303 747 462 819; x_wconf 87' lang='lat' dir='ltr'>equitibus</span> <span class='ocrx_word' id='word_1_17' title='bbox 484 752 514 804; x_wconf 89' lang='lat' dir='ltr'>et</span> <span class='ocrx_word' id='word_1_18' title='bbox 537 746 696 821; x_wconf 85' lang='lat' dir='ltr'>peditibus</span> <span class='ocrx_word' id='word_1_19' title='bbox 720 763 815 806; x_wconf 90' lang='lat' dir='ltr'>manu</span> <span class='ocrx_word' id='word_1_20' title='bbox 837 753 956 805; x_wconf 92' lang='lat' dir='ltr'>armata</span> <span class='ocrx_word' id='word_1_21' title='bbox 979 747 1019 804; x_wconf 93' lang='lat' dir='ltr'>ad</span> <span class='ocrx_word' id='word_1_22' title='bbox 1043 746 1203 820; x_wconf 87' lang='lat' dir='ltr'>quoddam</span> <span class='ocrx_word' id='word_1_23' title='bbox 1235 745 1330 803; x_wconf 85' lang='lat' dir='ltr'>fenile</span> <span class='ocrx_word' id='word_1_24' title='bbox 1362 745 1460 819; x_wconf 92' lang='lat' dir='ltr'>ipsius</span> 
     </span>
     <span class='ocr_line' id='line_1_4' title="bbox 194 851 1460 926; baseline 0 -19"><span class='ocrx_word' id='word_1_25' title='bbox 194 851 322 924; x_wconf 89' lang='lat' dir='ltr'>capituli</span> <span class='ocrx_word' id='word_1_26' title='bbox 345 866 447 926; x_wconf 90' lang='lat' dir='ltr'>prope</span> <span class='ocrx_word' id='word_1_27' title='bbox 470 853 502 910; x_wconf 92' lang='lat' dir='ltr'>in</span> <span class='ocrx_word' id='word_1_28' title='bbox 524 853 639 910; x_wconf 88' lang='lat' dir='ltr'>silvam</span> <span class='ocrx_word' id='word_1_29' title='bbox 672 853 783 926; x_wconf 92' lang='lat' dir='ltr'>Rodes,</span> <span class='ocrx_word' id='word_1_30' title='bbox 809 854 961 925; x_wconf 89' lang='lat' dir='ltr'>habitum,</span> <span class='ocrx_word' id='word_1_31' title='bbox 985 853 1146 924; x_wconf 88' lang='lat' dir='ltr'>irruentes,</span> <span class='ocrx_word' id='word_1_32' title='bbox 1177 852 1328 910; x_wconf 87' lang='lat' dir='ltr'>fossatum</span> <span class='ocrx_word' id='word_1_33' title='bbox 1361 851 1460 925; x_wconf 91' lang='lat' dir='ltr'>ipsius</span> 
     </span>
     <span class='ocr_line' id='line_1_5' title="bbox 194 955 1459 1034; baseline 0 -20"><span class='ocrx_word' id='word_1_34' title='bbox 194 955 293 1015; x_wconf 77' lang='lat' dir='ltr'>senilis</span> <span class='ocrx_word' id='word_1_35' title='bbox 317 973 389 1015; x_wconf 92' lang='lat' dir='ltr'>cum</span> <span class='ocrx_word' id='word_1_36' title='bbox 413 959 559 1017; x_wconf 86' lang='lat' dir='ltr'>maximis</span> <span class='ocrx_word' id='word_1_37' title='bbox 583 959 746 1018; x_wconf 88' lang='lat' dir='ltr'>laboribus</span> <span class='ocrx_word' id='word_1_38' title='bbox 770 966 800 1018; x_wconf 91' lang='lat' dir='ltr'>et</span> <span class='ocrx_word' id='word_1_39' title='bbox 822 960 966 1034; x_wconf 84' lang='lat' dir='ltr'>expensis</span> <span class='ocrx_word' id='word_1_40' title='bbox 990 960 1021 1017; x_wconf 92' lang='lat' dir='ltr'>in</span> <span class='ocrx_word' id='word_1_41' title='bbox 1043 959 1172 1033; x_wconf 90' lang='lat' dir='ltr'>antiquo</span> <span class='ocrx_word' id='word_1_42' title='bbox 1203 959 1269 1016; x_wconf 89' lang='lat' dir='ltr'>eius</span> <span class='ocrx_word' id='word_1_43' title='bbox 1297 973 1388 1015; x_wconf 91' lang='lat' dir='ltr'>cursu</span> <span class='ocrx_word' id='word_1_44' title='bbox 1412 972 1459 1014; x_wconf 93' lang='lat' dir='ltr'>re-</span> 
     </span>
     <span class='ocr_line' id='line_1_6' title="bbox 195 1063 1457 1140; baseline -0.001 -19"><span class='ocrx_word' id='word_1_45' title='bbox 195 1070 352 1136; x_wconf 84' lang='lat' dir='ltr'>novatum,</span> <span class='ocrx_word' id='word_1_46' title='bbox 376 1064 494 1139; x_wconf 90' lang='lat' dir='ltr'>repleri</span> <span class='ocrx_word' id='word_1_47' title='bbox 517 1070 643 1123; x_wconf 89' lang='lat' dir='ltr'>etcum</span> <span class='ocrx_word' id='word_1_48' title='bbox 673 1065 838 1140; x_wconf 88' lang='lat' dir='ltr'>superficie</span> <span class='ocrx_word' id='word_1_49' title='bbox 871 1071 952 1124; x_wconf 87' lang='lat' dir='ltr'>terre</span> <span class='ocrx_word' id='word_1_50' title='bbox 984 1066 1089 1124; x_wconf 89' lang='lat' dir='ltr'>taliter</span> <span class='ocrx_word' id='word_1_51' title='bbox 1122 1065 1271 1138; x_wconf 88' lang='lat' dir='ltr'>adequari</span> <span class='ocrx_word' id='word_1_52' title='bbox 1307 1063 1457 1134; x_wconf 79' lang='lat' dir='ltr'>fecissent,</span> 
     </span>
     <span class='ocr_line' id='line_1_7' title="bbox 193 1168 1458 1246; baseline -0.002 -19"><span class='ocrx_word' id='word_1_53' title='bbox 193 1176 225 1228; x_wconf 91' lang='lat' dir='ltr'>ut</span> <span class='ocrx_word' id='word_1_54' title='bbox 246 1186 304 1227; x_wconf 92' lang='lat' dir='ltr'>nec</span> <span class='ocrx_word' id='word_1_55' title='bbox 327 1169 480 1229; x_wconf 82' lang='lat' dir='ltr'>fossatum</span> <span class='ocrx_word' id='word_1_56' title='bbox 503 1171 549 1230; x_wconf 88' lang='lat' dir='ltr'>ibi</span> <span class='ocrx_word' id='word_1_57' title='bbox 571 1170 666 1230; x_wconf 87' lang='lat' dir='ltr'>fuisse</span> <span class='ocrx_word' id='word_1_58' title='bbox 688 1173 894 1246; x_wconf 85' lang='lat' dir='ltr'>apparuisset,</span> <span class='ocrx_word' id='word_1_59' title='bbox 917 1177 947 1230; x_wconf 91' lang='lat' dir='ltr'>et</span> <span class='ocrx_word' id='word_1_60' title='bbox 971 1171 1097 1229; x_wconf 88' lang='lat' dir='ltr'>tandem</span> <span class='ocrx_word' id='word_1_61' title='bbox 1119 1186 1232 1245; x_wconf 92' lang='lat' dir='ltr'>pecora</span> <span class='ocrx_word' id='word_1_62' title='bbox 1263 1177 1293 1228; x_wconf 89' lang='lat' dir='ltr'>et</span> <span class='ocrx_word' id='word_1_63' title='bbox 1323 1168 1458 1243; x_wconf 90' lang='lat' dir='ltr'>pecudes</span> 
     </span>
     <span class='ocr_line' id='line_1_8' title="bbox 192 1273 1458 1352; baseline -0.002 -19"><span class='ocrx_word' id='word_1_64' title='bbox 192 1276 288 1350; x_wconf 87' lang='lat' dir='ltr'>ipsius</span> <span class='ocrx_word' id='word_1_65' title='bbox 324 1276 461 1335; x_wconf 88' lang='lat' dir='ltr'>civitatis</span> <span class='ocrx_word' id='word_1_66' title='bbox 495 1277 527 1335; x_wconf 92' lang='lat' dir='ltr'>in</span> <span class='ocrx_word' id='word_1_67' title='bbox 561 1277 666 1351; x_wconf 90' lang='lat' dir='ltr'>ipsum</span> <span class='ocrx_word' id='word_1_68' title='bbox 702 1277 795 1336; x_wconf 83' lang='lat' dir='ltr'>fenile</span> <span class='ocrx_word' id='word_1_69' title='bbox 826 1278 937 1352; x_wconf 90' lang='lat' dir='ltr'>inpelli</span> <span class='ocrx_word' id='word_1_70' title='bbox 967 1283 997 1335; x_wconf 90' lang='lat' dir='ltr'>et</span> <span class='ocrx_word' id='word_1_71' title='bbox 1019 1279 1079 1335; x_wconf 90' lang='lat' dir='ltr'>sub</span> <span class='ocrx_word' id='word_1_72' title='bbox 1101 1283 1295 1335; x_wconf 86' lang='lat' dir='ltr'>armatorum</span> <span class='ocrx_word' id='word_1_73' title='bbox 1318 1273 1458 1334; x_wconf 88' lang='lat' dir='ltr'>custodia</span> 
     </span>
     <span class='ocr_line' id='line_1_9' title="bbox 194 1381 1458 1459; baseline -0.001 -20"><span class='ocrx_word' id='word_1_74' title='bbox 194 1381 342 1455; x_wconf 87' lang='lat' dir='ltr'>pluribus</span> <span class='ocrx_word' id='word_1_75' title='bbox 365 1381 476 1441; x_wconf 91' lang='lat' dir='ltr'>diebus</span> <span class='ocrx_word' id='word_1_76' title='bbox 499 1391 530 1441; x_wconf 93' lang='lat' dir='ltr'>et</span> <span class='ocrx_word' id='word_1_77' title='bbox 552 1383 697 1442; x_wconf 88' lang='lat' dir='ltr'>noctibus</span> <span class='ocrx_word' id='word_1_78' title='bbox 720 1385 806 1459; x_wconf 87' lang='lat' dir='ltr'>pasci</span> <span class='ocrx_word' id='word_1_79' title='bbox 822 1384 1054 1458; x_wconf 88' lang='lat' dir='ltr'>disposuissent,</span> <span class='ocrx_word' id='word_1_80' title='bbox 1071 1400 1128 1457; x_wconf 93' lang='lat' dir='ltr'>per</span> <span class='ocrx_word' id='word_1_81' title='bbox 1143 1383 1227 1457; x_wconf 91' lang='lat' dir='ltr'>quod</span> <span class='ocrx_word' id='word_1_82' title='bbox 1244 1385 1349 1457; x_wconf 91' lang='lat' dir='ltr'>ipsum</span> <span class='ocrx_word' id='word_1_83' title='bbox 1365 1381 1458 1439; x_wconf 84' lang='lat' dir='ltr'>fenile</span> 
     </span>
     <span class='ocr_line' id='line_1_10' title="bbox 191 1486 1456 1563; baseline -0.001 -18"><span class='ocrx_word' id='word_1_84' title='bbox 191 1486 416 1546; x_wconf 85' lang='lat' dir='ltr'>destruxissent</span> <span class='ocrx_word' id='word_1_85' title='bbox 439 1493 470 1547; x_wconf 93' lang='lat' dir='ltr'>et</span> <span class='ocrx_word' id='word_1_86' title='bbox 493 1488 724 1558; x_wconf 89' lang='lat' dir='ltr'>anichilassent;</span> <span class='ocrx_word' id='word_1_87' title='bbox 751 1489 789 1547; x_wconf 95' lang='lat' dir='ltr'>de</span> <span class='ocrx_word' id='word_1_88' title='bbox 813 1505 874 1563; x_wconf 91' lang='lat' dir='ltr'>quo</span> <span class='ocrx_word' id='word_1_89' title='bbox 899 1505 960 1548; x_wconf 91' lang='lat' dir='ltr'>nou</span> <span class='ocrx_word' id='word_1_90' title='bbox 982 1491 1118 1548; x_wconf 89' lang='lat' dir='ltr'>contenti</span> <span class='ocrx_word' id='word_1_91' title='bbox 1141 1488 1254 1563; x_wconf 80' lang='lat' dir='ltr'>prefati</span> <span class='ocrx_word' id='word_1_92' title='bbox 1277 1487 1380 1563; x_wconf 88' lang='lat' dir='ltr'>jurati,</span> <span class='ocrx_word' id='word_1_93' title='bbox 1400 1503 1456 1545; x_wconf 93' lang='lat' dir='ltr'>nec</span> 
     </span>
     <span class='ocr_line' id='line_1_11' title="bbox 191 1593 1456 1671; baseline -0.002 -19"><span class='ocrx_word' id='word_1_94' title='bbox 191 1609 250 1653; x_wconf 91' lang='lat' dir='ltr'>non</span> <span class='ocrx_word' id='word_1_95' title='bbox 273 1594 421 1653; x_wconf 90' lang='lat' dir='ltr'>Nicolaus</span> <span class='ocrx_word' id='word_1_96' title='bbox 454 1593 551 1671; x_wconf 84' lang='lat' dir='ltr'>judex</span> <span class='ocrx_word' id='word_1_97' title='bbox 586 1601 616 1653; x_wconf 87' lang='lat' dir='ltr'>et</span> <span class='ocrx_word' id='word_1_98' title='bbox 649 1595 758 1654; x_wconf 87' lang='lat' dir='ltr'>Petrus</span> <span class='ocrx_word' id='word_1_99' title='bbox 788 1597 955 1670; x_wconf 90' lang='lat' dir='ltr'>Hungarus</span> <span class='ocrx_word' id='word_1_100' title='bbox 985 1597 1130 1654; x_wconf 90' lang='lat' dir='ltr'>similiter</span> <span class='ocrx_word' id='word_1_101' title='bbox 1163 1594 1266 1671; x_wconf 85' lang='lat' dir='ltr'>judex,</span> <span class='ocrx_word' id='word_1_102' title='bbox 1290 1610 1362 1651; x_wconf 89' lang='lat' dir='ltr'>cum</span> <span class='ocrx_word' id='word_1_103' title='bbox 1385 1594 1456 1651; x_wconf 89' lang='lat' dir='ltr'>aliis</span> 
     </span>
     <span class='ocr_line' id='line_1_12' title="bbox 191 1699 1455 1777; baseline -0.002 -19"><span class='ocrx_word' id='word_1_104' title='bbox 191 1700 288 1773; x_wconf 89' lang='lat' dir='ltr'>ipsius</span> <span class='ocrx_word' id='word_1_105' title='bbox 311 1700 445 1759; x_wconf 85' lang='lat' dir='ltr'>civitatis</span> <span class='ocrx_word' id='word_1_106' title='bbox 468 1703 590 1761; x_wconf 84' lang='lat' dir='ltr'>civibus</span> <span class='ocrx_word' id='word_1_107' title='bbox 614 1703 646 1761; x_wconf 95' lang='lat' dir='ltr'>in</span> <span class='ocrx_word' id='word_1_108' title='bbox 669 1717 749 1760; x_wconf 92' lang='lat' dir='ltr'>anno</span> <span class='ocrx_word' id='word_1_109' title='bbox 773 1704 916 1777; x_wconf 84' lang='lat' dir='ltr'>proxime</span> <span class='ocrx_word' id='word_1_110' title='bbox 940 1703 1090 1776; x_wconf 90' lang='lat' dir='ltr'>preterito</span> <span class='ocrx_word' id='word_1_111' title='bbox 1113 1703 1145 1761; x_wconf 93' lang='lat' dir='ltr'>in</span> <span class='ocrx_word' id='word_1_112' title='bbox 1168 1703 1319 1760; x_wconf 91' lang='lat' dir='ltr'>maiorem</span> <span class='ocrx_word' id='word_1_113' title='bbox 1342 1699 1455 1774; x_wconf 87' lang='lat' dir='ltr'>prefati</span> 
     </span>
     <span class='ocr_line' id='line_1_13' title="bbox 191 1807 1455 1883; baseline -0.001 -19"><span class='ocrx_word' id='word_1_114' title='bbox 191 1807 319 1880; x_wconf 91' lang='lat' dir='ltr'>capituli</span> <span class='ocrx_word' id='word_1_115' title='bbox 342 1808 587 1880; x_wconf 87' lang='lat' dir='ltr'>oppressionem,</span> <span class='ocrx_word' id='word_1_116' title='bbox 610 1823 738 1881; x_wconf 77' lang='lat' dir='ltr'>gregem</span> <span class='ocrx_word' id='word_1_117' title='bbox 760 1809 859 1882; x_wconf 91' lang='lat' dir='ltr'>ipsius</span> <span class='ocrx_word' id='word_1_118' title='bbox 881 1809 1015 1866; x_wconf 83' lang='lat' dir='ltr'>civitatis</span> <span class='ocrx_word' id='word_1_119' title='bbox 1047 1825 1104 1883; x_wconf 87' lang='lat' dir='ltr'>per</span> <span class='ocrx_word' id='word_1_120' title='bbox 1135 1815 1234 1866; x_wconf 92' lang='lat' dir='ltr'>totam</span> <span class='ocrx_word' id='word_1_121' title='bbox 1264 1814 1392 1864; x_wconf 89' lang='lat' dir='ltr'>estatem</span> <span class='ocrx_word' id='word_1_122' title='bbox 1424 1808 1455 1864; x_wconf 90' lang='lat' dir='ltr'>in</span> 
     </span>
     <span class='ocr_line' id='line_1_14' title="bbox 191 1912 1455 1988; baseline -0.001 -18"><span class='ocrx_word' id='word_1_123' title='bbox 191 1912 257 1987; x_wconf 87' lang='lat' dir='ltr'>ipso</span> <span class='ocrx_word' id='word_1_124' title='bbox 291 1912 378 1971; x_wconf 82' lang='lat' dir='ltr'>senili</span> <span class='ocrx_word' id='word_1_125' title='bbox 415 1914 561 1972; x_wconf 89' lang='lat' dir='ltr'>similiter</span> <span class='ocrx_word' id='word_1_126' title='bbox 595 1915 655 1972; x_wconf 93' lang='lat' dir='ltr'>sub</span> <span class='ocrx_word' id='word_1_127' title='bbox 690 1914 830 1972; x_wconf 89' lang='lat' dir='ltr'>custodia</span> <span class='ocrx_word' id='word_1_128' title='bbox 853 1915 1065 1988; x_wconf 90' lang='lat' dir='ltr'>plurimorum</span> <span class='ocrx_word' id='word_1_129' title='bbox 1089 1919 1281 1972; x_wconf 88' lang='lat' dir='ltr'>armatorum</span> <span class='ocrx_word' id='word_1_130' title='bbox 1303 1914 1386 1987; x_wconf 92' lang='lat' dir='ltr'>pasci</span> <span class='ocrx_word' id='word_1_131' title='bbox 1411 1912 1455 1969; x_wconf 87' lang='lat' dir='ltr'>ie-</span> 
     </span>
     <span class='ocr_line' id='line_1_15' title="bbox 190 2017 1454 2094; baseline 0 -18"><span class='ocrx_word' id='word_1_132' title='bbox 190 2019 300 2078; x_wconf 88' lang='lat' dir='ltr'>cissent</span> <span class='ocrx_word' id='word_1_133' title='bbox 324 2026 354 2077; x_wconf 90' lang='lat' dir='ltr'>et</span> <span class='ocrx_word' id='word_1_134' title='bbox 377 2019 534 2088; x_wconf 91' lang='lat' dir='ltr'>custodiri,</span> <span class='ocrx_word' id='word_1_135' title='bbox 559 2020 774 2094; x_wconf 87' lang='lat' dir='ltr'>disponentes:</span> <span class='ocrx_word' id='word_1_136' title='bbox 799 2027 833 2078; x_wconf 92' lang='lat' dir='ltr'>ut</span> <span class='ocrx_word' id='word_1_137' title='bbox 854 2021 880 2078; x_wconf 90' lang='lat' dir='ltr'>si</span> <span class='ocrx_word' id='word_1_138' title='bbox 903 2022 972 2094; x_wconf 91' lang='lat' dir='ltr'>quis</span> <span class='ocrx_word' id='word_1_139' title='bbox 995 2023 1090 2079; x_wconf 91' lang='lat' dir='ltr'>homo</span> <span class='ocrx_word' id='word_1_140' title='bbox 1114 2021 1241 2094; x_wconf 90' lang='lat' dir='ltr'>capituli</span> <span class='ocrx_word' id='word_1_141' title='bbox 1266 2022 1297 2078; x_wconf 93' lang='lat' dir='ltr'>in</span> <span class='ocrx_word' id='word_1_142' title='bbox 1318 2020 1388 2093; x_wconf 91' lang='lat' dir='ltr'>ipso</span> <span class='ocrx_word' id='word_1_143' title='bbox 1411 2017 1454 2076; x_wconf 80' lang='lat' dir='ltr'>fe-</span> 
     </span>
     <span class='ocr_line' id='line_1_16' title="bbox 189 2125 1453 2200; baseline 0 -18"><span class='ocrx_word' id='word_1_144' title='bbox 189 2125 244 2183; x_wconf 90' lang='lat' dir='ltr'>nili</span> <span class='ocrx_word' id='word_1_145' title='bbox 279 2127 478 2199; x_wconf 89' lang='lat' dir='ltr'>reperiretur,</span> <span class='ocrx_word' id='word_1_146' title='bbox 510 2126 628 2185; x_wconf 91' lang='lat' dir='ltr'>ibidem</span> <span class='ocrx_word' id='word_1_147' title='bbox 652 2127 895 2200; x_wconf 89' lang='lat' dir='ltr'>interficeretur;</span> <span class='ocrx_word' id='word_1_148' title='bbox 930 2143 1066 2200; x_wconf 91' lang='lat' dir='ltr'>quorum</span> <span class='ocrx_word' id='word_1_149' title='bbox 1102 2133 1186 2184; x_wconf 91' lang='lat' dir='ltr'>metu</span> <span class='ocrx_word' id='word_1_150' title='bbox 1222 2127 1328 2184; x_wconf 90' lang='lat' dir='ltr'>nullus</span> <span class='ocrx_word' id='word_1_151' title='bbox 1358 2127 1453 2183; x_wconf 90' lang='lat' dir='ltr'>horno</span> 
     </span>
     <span class='ocr_line' id='line_1_17' title="bbox 192 2230 1456 2307; baseline -0.001 -18"><span class='ocrx_word' id='word_1_152' title='bbox 192 2230 265 2289; x_wconf 90' lang='lat' dir='ltr'>dicti</span> <span class='ocrx_word' id='word_1_153' title='bbox 288 2232 420 2305; x_wconf 91' lang='lat' dir='ltr'>capituli</span> <span class='ocrx_word' id='word_1_154' title='bbox 441 2232 481 2289; x_wconf 94' lang='lat' dir='ltr'>ad</span> <span class='ocrx_word' id='word_1_155' title='bbox 504 2233 610 2306; x_wconf 91' lang='lat' dir='ltr'>ipsum</span> <span class='ocrx_word' id='word_1_156' title='bbox 633 2233 726 2291; x_wconf 79' lang='lat' dir='ltr'>fenile</span> <span class='ocrx_word' id='word_1_157' title='bbox 749 2247 807 2307; x_wconf 91' lang='lat' dir='ltr'>pro</span> <span class='ocrx_word' id='word_1_158' title='bbox 832 2233 897 2290; x_wconf 89' lang='lat' dir='ltr'>eius</span> <span class='ocrx_word' id='word_1_159' title='bbox 919 2234 1073 2291; x_wconf 90' lang='lat' dir='ltr'>revisione</span> <span class='ocrx_word' id='word_1_160' title='bbox 1096 2242 1126 2292; x_wconf 93' lang='lat' dir='ltr'>et</span> <span class='ocrx_word' id='word_1_161' title='bbox 1156 2232 1295 2291; x_wconf 90' lang='lat' dir='ltr'>custodia</span> <span class='ocrx_word' id='word_1_162' title='bbox 1325 2234 1369 2290; x_wconf 92' lang='lat' dir='ltr'>ire</span> <span class='ocrx_word' id='word_1_163' title='bbox 1402 2230 1456 2288; x_wconf 92' lang='lat' dir='ltr'>de-</span> 
     </span>
     <span class='ocr_line' id='line_1_18' title="bbox 190 2337 1455 2414; baseline 0.001 -20"><span class='ocrx_word' id='word_1_164' title='bbox 190 2337 316 2410; x_wconf 90' lang='lat' dir='ltr'>buisset,</span> <span class='ocrx_word' id='word_1_165' title='bbox 339 2352 402 2411; x_wconf 91' lang='lat' dir='ltr'>quo</span> <span class='ocrx_word' id='word_1_166' title='bbox 425 2339 470 2396; x_wconf 92' lang='lat' dir='ltr'>sic</span> <span class='ocrx_word' id='word_1_167' title='bbox 493 2345 539 2397; x_wconf 93' lang='lat' dir='ltr'>tot</span> <span class='ocrx_word' id='word_1_168' title='bbox 560 2337 625 2414; x_wconf 88' lang='lat' dir='ltr'>jam</span> <span class='ocrx_word' id='word_1_169' title='bbox 648 2341 770 2398; x_wconf 89' lang='lat' dir='ltr'>vicibus</span> <span class='ocrx_word' id='word_1_170' title='bbox 801 2342 958 2399; x_wconf 88' lang='lat' dir='ltr'>destructo</span> <span class='ocrx_word' id='word_1_171' title='bbox 993 2348 1022 2398; x_wconf 91' lang='lat' dir='ltr'>et</span> <span class='ocrx_word' id='word_1_172' title='bbox 1057 2341 1224 2398; x_wconf 89' lang='lat' dir='ltr'>anichilato</span> <span class='ocrx_word' id='word_1_173' title='bbox 1259 2356 1315 2412; x_wconf 91' lang='lat' dir='ltr'>per</span> <span class='ocrx_word' id='word_1_174' title='bbox 1349 2339 1455 2396; x_wconf 91' lang='lat' dir='ltr'>huius·</span> 
     </span>
     <span class='ocr_line' id='line_1_19' title="bbox 191 2444 1454 2519; baseline -0.001 -18"><span class='ocrx_word' id='word_1_175' title='bbox 191 2444 275 2502; x_wconf 90' lang='lat' dir='ltr'>modi</span> <span class='ocrx_word' id='word_1_176' title='bbox 309 2445 451 2518; x_wconf 88' lang='lat' dir='ltr'>ipsorum</span> <span class='ocrx_word' id='word_1_177' title='bbox 481 2452 601 2504; x_wconf 91' lang='lat' dir='ltr'>metum</span> <span class='ocrx_word' id='word_1_178' title='bbox 633 2453 663 2504; x_wconf 93' lang='lat' dir='ltr'>et</span> <span class='ocrx_word' id='word_1_179' title='bbox 698 2446 864 2504; x_wconf 89' lang='lat' dir='ltr'>tiranidem</span> <span class='ocrx_word' id='word_1_180' title='bbox 899 2448 1018 2506; x_wconf 91' lang='lat' dir='ltr'>dictum</span> <span class='ocrx_word' id='word_1_181' title='bbox 1041 2446 1136 2505; x_wconf 83' lang='lat' dir='ltr'>fenile</span> <span class='ocrx_word' id='word_1_182' title='bbox 1159 2448 1199 2504; x_wconf 91' lang='lat' dir='ltr'>ab</span> <span class='ocrx_word' id='word_1_183' title='bbox 1223 2448 1292 2519; x_wconf 86' lang='lat' dir='ltr'>ipso</span> <span class='ocrx_word' id='word_1_184' title='bbox 1315 2444 1454 2518; x_wconf 89' lang='lat' dir='ltr'>capitulo</span> 
     </span>
     <span class='ocr_line' id='line_1_20' title="bbox 193 2551 1453 2628; baseline 0 -21"><span class='ocrx_word' id='word_1_185' title='bbox 193 2551 328 2609; x_wconf 91' lang='lat' dir='ltr'>alienare</span> <span class='ocrx_word' id='word_1_186' title='bbox 352 2556 383 2608; x_wconf 91' lang='lat' dir='ltr'>et</span> <span class='ocrx_word' id='word_1_187' title='bbox 405 2552 466 2609; x_wconf 92' lang='lat' dir='ltr'>sibi</span> <span class='ocrx_word' id='word_1_188' title='bbox 488 2551 565 2625; x_wconf 92' lang='lat' dir='ltr'>ipsis</span> <span class='ocrx_word' id='word_1_189' title='bbox 595 2554 812 2625; x_wconf 87' lang='lat' dir='ltr'>potencialiter</span> <span class='ocrx_word' id='word_1_190' title='bbox 846 2555 1052 2628; x_wconf 91' lang='lat' dir='ltr'>appropriare</span> <span class='ocrx_word' id='word_1_191' title='bbox 1087 2558 1279 2623; x_wconf 90' lang='lat' dir='ltr'>conarentur,</span> <span class='ocrx_word' id='word_1_192' title='bbox 1311 2551 1453 2624; x_wconf 85' lang='lat' dir='ltr'>potencia</span> 
     </span>
     <span class='ocr_line' id='line_1_21' title="bbox 187 2657 1451 2733; baseline 0 -19"><span class='ocrx_word' id='word_1_193' title='bbox 187 2657 348 2728; x_wconf 88' lang='lat' dir='ltr'>mediante,</span> <span class='ocrx_word' id='word_1_194' title='bbox 372 2659 403 2716; x_wconf 93' lang='lat' dir='ltr'>in</span> <span class='ocrx_word' id='word_1_195' title='bbox 426 2658 525 2732; x_wconf 90' lang='lat' dir='ltr'>ipsius</span> <span class='ocrx_word' id='word_1_196' title='bbox 550 2659 679 2733; x_wconf 90' lang='lat' dir='ltr'>capituli</span> <span class='ocrx_word' id='word_1_197' title='bbox 702 2660 910 2733; x_wconf 90' lang='lat' dir='ltr'>preiudicium</span> <span class='ocrx_word' id='word_1_198' title='bbox 934 2660 967 2718; x_wconf 84' lang='lat' dir='ltr'>ei</span> <span class='ocrx_word' id='word_1_199' title='bbox 987 2659 1161 2733; x_wconf 88' lang='lat' dir='ltr'>dampnum</span> <span class='ocrx_word' id='word_1_200' title='bbox 1184 2657 1278 2717; x_wconf 85' lang='lat' dir='ltr'>valde</span> <span class='ocrx_word' id='word_1_201' title='bbox 1295 2673 1451 2729; x_wconf 91' lang='lat' dir='ltr'>magnum.</span> 
     </span>
     <span class='ocr_line' id='line_1_22' title="bbox 189 2761 1452 2839; baseline -0.001 -17"><span class='ocrx_word' id='word_1_202' title='bbox 189 2761 277 2822; x_wconf 90' lang='lat' dir='ltr'>Unde</span> <span class='ocrx_word' id='word_1_203' title='bbox 301 2762 382 2821; x_wconf 88' lang='lat' dir='ltr'>facta</span> <span class='ocrx_word' id='word_1_204' title='bbox 404 2765 584 2823; x_wconf 90' lang='lat' dir='ltr'>huiusmodi</span> <span class='ocrx_word' id='word_1_205' title='bbox 608 2766 812 2839; x_wconf 90' lang='lat' dir='ltr'>inquisicione</span> <span class='ocrx_word' id='word_1_206' title='bbox 835 2767 945 2825; x_wconf 87' lang='lat' dir='ltr'>eodem</span> <span class='ocrx_word' id='word_1_207' title='bbox 969 2766 1018 2823; x_wconf 89' lang='lat' dir='ltr'>die</span> <span class='ocrx_word' id='word_1_208' title='bbox 1034 2765 1246 2839; x_wconf 89' lang='lat' dir='ltr'>inquisicionis</span> <span class='ocrx_word' id='word_1_209' title='bbox 1261 2764 1344 2822; x_wconf 91' lang='lat' dir='ltr'>idem</span> <span class='ocrx_word' id='word_1_210' title='bbox 1358 2765 1452 2822; x_wconf 92' lang='lat' dir='ltr'>homo</span> 
     </span>
     <span class='ocr_line' id='line_1_23' title="bbox 192 2871 1452 2948; baseline 0.003 -23"><span class='ocrx_word' id='word_1_211' title='bbox 192 2876 294 2928; x_wconf 84' lang='lat' dir='ltr'>vester</span> <span class='ocrx_word' id='word_1_212' title='bbox 317 2878 459 2945; x_wconf 87' lang='lat' dir='ltr'>presente</span> <span class='ocrx_word' id='word_1_213' title='bbox 482 2871 592 2929; x_wconf 90' lang='lat' dir='ltr'>eodem</span> <span class='ocrx_word' id='word_1_214' title='bbox 616 2878 724 2930; x_wconf 92' lang='lat' dir='ltr'>nostro</span> <span class='ocrx_word' id='word_1_215' title='bbox 747 2875 932 2945; x_wconf 90' lang='lat' dir='ltr'>testimonio,</span> <span class='ocrx_word' id='word_1_216' title='bbox 957 2872 1158 2948; x_wconf 89' lang='lat' dir='ltr'>Stephanum,</span> <span class='ocrx_word' id='word_1_217' title='bbox 1175 2872 1277 2930; x_wconf 88' lang='lat' dir='ltr'>tilium</span> <span class='ocrx_word' id='word_1_218' title='bbox 1293 2872 1452 2929; x_wconf 88' lang='lat' dir='ltr'>Michaelis</span> 
     </span>
     <span class='ocr_line' id='line_1_24' title="bbox 186 2976 1451 3050; baseline 0.001 -16"><span class='ocrx_word' id='word_1_219' title='bbox 186 2976 369 3034; x_wconf 86' lang='lat' dir='ltr'>modernum</span> <span class='ocrx_word' id='word_1_220' title='bbox 393 2992 429 3035; x_wconf 92' lang='lat' dir='ltr'>ac</span> <span class='ocrx_word' id='word_1_221' title='bbox 451 2978 645 3047; x_wconf 90' lang='lat' dir='ltr'>Michaelem,</span> <span class='ocrx_word' id='word_1_222' title='bbox 670 2978 773 3036; x_wconf 89' lang='lat' dir='ltr'>filium</span> <span class='ocrx_word' id='word_1_223' title='bbox 797 2979 978 3050; x_wconf 88' lang='lat' dir='ltr'>Sebastiani,</span> <span class='ocrx_word' id='word_1_224' title='bbox 1002 2980 1196 3036; x_wconf 90' lang='lat' dir='ltr'>Anthonium</span> <span class='ocrx_word' id='word_1_225' title='bbox 1219 2979 1371 3047; x_wconf 87' lang='lat' dir='ltr'>italicum,</span> <span class='ocrx_word' id='word_1_226' title='bbox 1397 2978 1451 3035; x_wconf 84' lang='lat' dir='ltr'>Be-</span> 
     </span>
     <span class='ocr_line' id='line_1_25' title="bbox 184 3083 1452 3159; baseline 0.002 -19"><span class='ocrx_word' id='word_1_227' title='bbox 184 3083 340 3142; x_wconf 86' lang='lat' dir='ltr'>nedictum</span> <span class='ocrx_word' id='word_1_228' title='bbox 356 3084 586 3154; x_wconf 89' lang='lat' dir='ltr'>dombreusem,</span> <span class='ocrx_word' id='word_1_229' title='bbox 611 3090 799 3159; x_wconf 90' lang='lat' dir='ltr'>prenotatos,</span> <span class='ocrx_word' id='word_1_230' title='bbox 823 3086 950 3144; x_wconf 90' lang='lat' dir='ltr'>Petrum</span> <span class='ocrx_word' id='word_1_231' title='bbox 973 3087 1167 3159; x_wconf 84' lang='lat' dir='ltr'>ilungarum,</span> <span class='ocrx_word' id='word_1_232' title='bbox 1192 3084 1362 3156; x_wconf 85' lang='lat' dir='ltr'>Georgium</span> <span class='ocrx_word' id='word_1_233' title='bbox 1387 3101 1452 3143; x_wconf 87' lang='lat' dir='ltr'>sar·</span> 
     </span>
     <span class='ocr_line' id='line_1_26' title="bbox 186 3189 1450 3267; baseline 0.004 -22"><span class='ocrx_word' id='word_1_234' title='bbox 186 3190 283 3246; x_wconf 88' lang='lat' dir='ltr'>torem</span> <span class='ocrx_word' id='word_1_235' title='bbox 308 3196 338 3247; x_wconf 93' lang='lat' dir='ltr'>et</span> <span class='ocrx_word' id='word_1_236' title='bbox 361 3189 535 3259; x_wconf 89' lang='lat' dir='ltr'>Nicolaum,</span> <span class='ocrx_word' id='word_1_237' title='bbox 551 3191 629 3248; x_wconf 89' lang='lat' dir='ltr'>alias</span> <span class='ocrx_word' id='word_1_238' title='bbox 644 3190 771 3267; x_wconf 88' lang='lat' dir='ltr'>judices,</span> <span class='ocrx_word' id='word_1_239' title='bbox 788 3209 844 3249; x_wconf 88' lang='lat' dir='ltr'>nec</span> <span class='ocrx_word' id='word_1_240' title='bbox 860 3208 921 3250; x_wconf 91' lang='lat' dir='ltr'>nou</span> <span class='ocrx_word' id='word_1_241' title='bbox 937 3193 1110 3249; x_wconf 87' lang='lat' dir='ltr'>Fabianum</span> <span class='ocrx_word' id='word_1_242' title='bbox 1128 3192 1309 3259; x_wconf 90' lang='lat' dir='ltr'>litteratum,</span> <span class='ocrx_word' id='word_1_243' title='bbox 1323 3192 1450 3264; x_wconf 87' lang='lat' dir='ltr'>Fryche,</span> 
     </span>
     <span class='ocr_line' id='line_1_27' title="bbox 187 3292 1451 3373; baseline 0.002 -21"><span class='ocrx_word' id='word_1_244' title='bbox 187 3292 330 3368; x_wconf 87' lang='lat' dir='ltr'>Blasium,</span> <span class='ocrx_word' id='word_1_245' title='bbox 359 3295 463 3354; x_wconf 90' lang='lat' dir='ltr'>filium</span> <span class='ocrx_word' id='word_1_246' title='bbox 486 3297 658 3369; x_wconf 89' lang='lat' dir='ltr'>Wytezych</span> <span class='ocrx_word' id='word_1_247' title='bbox 681 3303 712 3356; x_wconf 91' lang='lat' dir='ltr'>et</span> <span class='ocrx_word' id='word_1_248' title='bbox 735 3298 915 3371; x_wconf 84' lang='lat' dir='ltr'>Georgium,</span> <span class='ocrx_word' id='word_1_249' title='bbox 939 3299 1041 3356; x_wconf 88' lang='lat' dir='ltr'>filium</span> <span class='ocrx_word' id='word_1_250' title='bbox 1065 3298 1220 3355; x_wconf 89' lang='lat' dir='ltr'>Francisci</span> <span class='ocrx_word' id='word_1_251' title='bbox 1244 3313 1279 3354; x_wconf 91' lang='lat' dir='ltr'>ac</span> <span class='ocrx_word' id='word_1_252' title='bbox 1302 3297 1382 3355; x_wconf 92' lang='lat' dir='ltr'>alios</span> <span class='ocrx_word' id='word_1_253' title='bbox 1403 3296 1451 3373; x_wconf 87' lang='lat' dir='ltr'>ju·</span> 
     </span>
     <span class='ocr_line' id='line_1_28' title="bbox 184 3402 1450 3478; baseline 0.003 -20"><span class='ocrx_word' id='word_1_254' title='bbox 184 3408 263 3459; x_wconf 89' lang='lat' dir='ltr'>ratos</span> <span class='ocrx_word' id='word_1_255' title='bbox 285 3402 378 3473; x_wconf 82' lang='lat' dir='ltr'>cives,</span> <span class='ocrx_word' id='word_1_256' title='bbox 402 3403 540 3476; x_wconf 90' lang='lat' dir='ltr'>hospites</span> <span class='ocrx_word' id='word_1_257' title='bbox 563 3412 593 3461; x_wconf 89' lang='lat' dir='ltr'>et</span> <span class='ocrx_word' id='word_1_258' title='bbox 616 3409 713 3462; x_wconf 91' lang='lat' dir='ltr'>totam</span> <span class='ocrx_word' id='word_1_259' title='bbox 736 3406 991 3462; x_wconf 89' lang='lat' dir='ltr'>communitatem</span> <span class='ocrx_word' id='word_1_260' title='bbox 1015 3404 1153 3478; x_wconf 89' lang='lat' dir='ltr'>predicte</span> <span class='ocrx_word' id='word_1_261' title='bbox 1177 3404 1311 3461; x_wconf 88' lang='lat' dir='ltr'>civitatis</span> <span class='ocrx_word' id='word_1_262' title='bbox 1335 3405 1450 3463; x_wconf 90' lang='lat' dir='ltr'>montis</span> 
     </span>
     <span class='ocr_line' id='line_1_29' title="bbox 184 3504 1450 3586; baseline 0.003 -21"><span class='ocrx_word' id='word_1_263' title='bbox 184 3504 366 3566; x_wconf 88' lang='lat' dir='ltr'>Grechensis</span> <span class='ocrx_word' id='word_1_264' title='bbox 379 3509 410 3566; x_wconf 93' lang='lat' dir='ltr'>in</span> <span class='ocrx_word' id='word_1_265' title='bbox 426 3507 536 3566; x_wconf 87' lang='lat' dir='ltr'>eadem</span> <span class='ocrx_word' id='word_1_266' title='bbox 551 3510 677 3567; x_wconf 85' lang='lat' dir='ltr'>civitate</span> <span class='ocrx_word' id='word_1_267' title='bbox 693 3511 808 3568; x_wconf 91' lang='lat' dir='ltr'>montis</span> <span class='ocrx_word' id='word_1_268' title='bbox 824 3510 1008 3568; x_wconf 90' lang='lat' dir='ltr'>Grechensis</span> <span class='ocrx_word' id='word_1_269' title='bbox 1025 3517 1130 3568; x_wconf 91' lang='lat' dir='ltr'>contra</span> <span class='ocrx_word' id='word_1_270' title='bbox 1145 3517 1354 3568; x_wconf 91' lang='lat' dir='ltr'>memoratum</span> <span class='ocrx_word' id='word_1_271' title='bbox 1367 3514 1450 3586; x_wconf 91' lang='lat' dir='ltr'>capi-</span> 
     </span>
     <span class='ocr_line' id='line_1_30' title="bbox 184 3613 1450 3688; baseline 0.004 -18"><span class='ocrx_word' id='word_1_272' title='bbox 184 3613 283 3671; x_wconf 89' lang='lat' dir='ltr'>tulum</span> <span class='ocrx_word' id='word_1_273' title='bbox 301 3615 430 3671; x_wconf 87' lang='lat' dir='ltr'>ecclesie</span> <span class='ocrx_word' id='word_1_274' title='bbox 446 3616 655 3687; x_wconf 90' lang='lat' dir='ltr'>zagrabiensis</span> <span class='ocrx_word' id='word_1_275' title='bbox 675 3615 715 3672; x_wconf 90' lang='lat' dir='ltr'>ad</span> <span class='ocrx_word' id='word_1_276' title='bbox 732 3624 857 3673; x_wconf 88' lang='lat' dir='ltr'>octavas</span> <span class='ocrx_word' id='word_1_277' title='bbox 874 3616 943 3674; x_wconf 87' lang='lat' dir='ltr'>festi</span> <span class='ocrx_word' id='word_1_278' title='bbox 959 3618 1041 3674; x_wconf 92' lang='lat' dir='ltr'>beati</span> <span class='ocrx_word' id='word_1_279' title='bbox 1058 3617 1183 3688; x_wconf 86' lang='lat' dir='ltr'>Georgii</span> <span class='ocrx_word' id='word_1_280' title='bbox 1200 3619 1346 3687; x_wconf 66' lang='lat' dir='ltr'>martiris</span> <span class='ocrx_word' id='word_1_281' title='bbox 1370 3635 1450 3676; x_wconf 92' lang='lat' dir='ltr'>nunc</span> 
     </span>
     <span class='ocr_line' id='line_1_31' title="bbox 183 3721 1449 3799; baseline 0.006 -24"><span class='ocrx_word' id='word_1_282' title='bbox 183 3725 333 3789; x_wconf 82' lang='lat' dir='ltr'>venturas,</span> <span class='ocrx_word' id='word_1_283' title='bbox 358 3725 459 3777; x_wconf 89' lang='lat' dir='ltr'>vestre</span> <span class='ocrx_word' id='word_1_284' title='bbox 482 3721 653 3779; x_wconf 91' lang='lat' dir='ltr'>serenitatis</span> <span class='ocrx_word' id='word_1_285' title='bbox 677 3728 835 3780; x_wconf 85' lang='lat' dir='ltr'>evocasset</span> <span class='ocrx_word' id='word_1_286' title='bbox 859 3723 889 3780; x_wconf 92' lang='lat' dir='ltr'>in</span> <span class='ocrx_word' id='word_1_287' title='bbox 913 3724 1114 3796; x_wconf 88' lang='lat' dir='ltr'>presenciam,</span> <span class='ocrx_word' id='word_1_288' title='bbox 1138 3724 1293 3781; x_wconf 90' lang='lat' dir='ltr'>racionem</span> <span class='ocrx_word' id='word_1_289' title='bbox 1317 3724 1355 3781; x_wconf 93' lang='lat' dir='ltr'>de</span> <span class='ocrx_word' id='word_1_290' title='bbox 1378 3741 1449 3799; x_wconf 91' lang='lat' dir='ltr'>pre-</span> 
     </span>
     <span class='ocr_line' id='line_1_32' title="bbox 183 3823 1449 3902; baseline 0.006 -20"><span class='ocrx_word' id='word_1_291' title='bbox 183 3824 281 3882; x_wconf 88' lang='lat' dir='ltr'>missis</span> <span class='ocrx_word' id='word_1_292' title='bbox 311 3823 497 3884; x_wconf 90' lang='lat' dir='ltr'>reddituros.</span> <span class='ocrx_word' id='word_1_293' title='bbox 527 3826 644 3883; x_wconf 93' lang='lat' dir='ltr'>Datum</span> <span class='ocrx_word' id='word_1_294' title='bbox 679 3833 789 3885; x_wconf 87' lang='lat' dir='ltr'>octavo</span> <span class='ocrx_word' id='word_1_295' title='bbox 812 3828 862 3885; x_wconf 91' lang='lat' dir='ltr'>die</span> <span class='ocrx_word' id='word_1_296' title='bbox 886 3828 947 3887; x_wconf 91' lang='lat' dir='ltr'>diei</span> <span class='ocrx_word' id='word_1_297' title='bbox 970 3831 1181 3902; x_wconf 88' lang='lat' dir='ltr'>inquisicionis</span> <span class='ocrx_word' id='word_1_298' title='bbox 1204 3839 1234 3887; x_wconf 91' lang='lat' dir='ltr'>et</span> <span class='ocrx_word' id='word_1_299' title='bbox 1256 3832 1449 3890; x_wconf 89' lang='lat' dir='ltr'>evocacionis</span> 
     </span>
     <span class='ocr_line' id='line_1_33' title="bbox 182 3930 1448 4009; baseline 0.007 -22"><span class='ocrx_word' id='word_1_300' title='bbox 182 3930 399 4002; x_wconf 89' lang='lat' dir='ltr'>predictarum.</span> <span class='ocrx_word' id='word_1_301' title='bbox 424 3933 514 3990; x_wconf 87' lang='lat' dir='ltr'>Anno</span> <span class='ocrx_word' id='word_1_302' title='bbox 529 3932 649 3991; x_wconf 87' lang='lat' dir='ltr'>domini</span> <span class='ocrx_word' id='word_1_303' title='bbox 664 3934 833 3992; x_wconf 90' lang='lat' dir='ltr'>millesimo</span> <span class='ocrx_word' id='word_1_304' title='bbox 851 3935 1155 4009; x_wconf 91' lang='lat' dir='ltr'>quadringentesimo</span> <span class='ocrx_word' id='word_1_305' title='bbox 1171 3938 1327 3996; x_wconf 90' lang='lat' dir='ltr'>tricesimo</span> <span class='ocrx_word' id='word_1_306' title='bbox 1344 3941 1448 3997; x_wconf 91' lang='lat' dir='ltr'>tercio.</span> 
     </span>
    </p>

    <p class='ocr_par' dir='ltr' id='par_1_3' title="bbox 181 4038 1447 4735">
     <span class='ocr_line' id='line_1_34' title="bbox 285 4038 1447 4118; baseline 0.013 -31"><span class='ocrx_word' id='word_1_307' title='bbox 285 4040 329 4106; x_wconf 84' lang='lat' dir='ltr'>(A</span> <span class='ocrx_word' id='word_1_308' title='bbox 358 4043 453 4105; x_wconf 78' lang='lat' dir='ltr'>tergo).</span> <span class='ocrx_word' id='word_1_309' title='bbox 483 4038 619 4097; x_wconf 91' lang='lat' dir='ltr'>Domino</span> <span class='ocrx_word' id='word_1_310' title='bbox 642 4041 715 4112; x_wconf 87' lang='lat' dir='ltr'>regi.</span> <span class='ocrx_word' id='word_1_311' title='bbox 739 4040 800 4098; x_wconf 89' lang='lat' dir='ltr'>Pro</span> <span class='ocrx_word' id='word_1_312' title='bbox 823 4043 1001 4100; x_wconf 91' lang='lat' dir='ltr'>honorabili</span> <span class='ocrx_word' id='word_1_313' title='bbox 1022 4044 1161 4117; x_wconf 90' lang='lat' dir='ltr'>capitulo</span> <span class='ocrx_word' id='word_1_314' title='bbox 1184 4045 1311 4102; x_wconf 90' lang='lat' dir='ltr'>ecclesie</span> <span class='ocrx_word' id='word_1_315' title='bbox 1342 4061 1447 4118; x_wconf 90' lang='lat' dir='ltr'>zagra-</span> 
     </span>
     <span class='ocr_line' id='line_1_35' title="bbox 183 4141 1447 4221; baseline 0.008 -22"><span class='ocrx_word' id='word_1_316' title='bbox 183 4141 298 4201; x_wconf 91' lang='lat' dir='ltr'>biensis</span> <span class='ocrx_word' id='word_1_317' title='bbox 322 4151 428 4201; x_wconf 90' lang='lat' dir='ltr'>contra</span> <span class='ocrx_word' id='word_1_318' title='bbox 451 4143 601 4218; x_wconf 87' lang='lat' dir='ltr'>providos</span> <span class='ocrx_word' id='word_1_319' title='bbox 626 4147 709 4203; x_wconf 84' lang='lat' dir='ltr'>viros</span> <span class='ocrx_word' id='word_1_320' title='bbox 733 4145 935 4221; x_wconf 87' lang='lat' dir='ltr'>Stephanum,</span> <span class='ocrx_word' id='word_1_321' title='bbox 959 4149 1061 4207; x_wconf 90' lang='lat' dir='ltr'>filium</span> <span class='ocrx_word' id='word_1_322' title='bbox 1085 4151 1245 4208; x_wconf 89' lang='lat' dir='ltr'>Michaelis</span> <span class='ocrx_word' id='word_1_323' title='bbox 1261 4151 1447 4209; x_wconf 88' lang='lat' dir='ltr'>modernum</span> 
     </span>
     <span class='ocr_line' id='line_1_36' title="bbox 182 4250 1446 4331; baseline 0.009 -26"><span class='ocrx_word' id='word_1_324' title='bbox 182 4261 216 4306; x_wconf 91' lang='lat' dir='ltr'>ac</span> <span class='ocrx_word' id='word_1_325' title='bbox 249 4250 443 4319; x_wconf 89' lang='lat' dir='ltr'>Michaelem,</span> <span class='ocrx_word' id='word_1_326' title='bbox 467 4250 570 4309; x_wconf 85' lang='lat' dir='ltr'>filium</span> <span class='ocrx_word' id='word_1_327' title='bbox 593 4250 775 4325; x_wconf 84' lang='lat' dir='ltr'>Sebastiam,</span> <span class='ocrx_word' id='word_1_328' title='bbox 799 4256 992 4312; x_wconf 90' lang='lat' dir='ltr'>Anthonium</span> <span class='ocrx_word' id='word_1_329' title='bbox 1017 4251 1182 4314; x_wconf 91' lang='lat' dir='ltr'>Ithalicum</span> <span class='ocrx_word' id='word_1_330' title='bbox 1219 4265 1248 4314; x_wconf 93' lang='lat' dir='ltr'>et</span> <span class='ocrx_word' id='word_1_331' title='bbox 1284 4258 1446 4331; x_wconf 87' lang='lat' dir='ltr'>Briccium‚</span> 
     </span>
     <span class='ocr_line' id='line_1_37' title="bbox 181 4352 1447 4436; baseline 0.007 -24"><span class='ocrx_word' id='word_1_332' title='bbox 181 4352 280 4413; x_wconf 85' lang='lat' dir='ltr'>lilium</span> <span class='ocrx_word' id='word_1_333' title='bbox 304 4355 461 4414; x_wconf 88' lang='lat' dir='ltr'>Benedicti</span> <span class='ocrx_word' id='word_1_334' title='bbox 485 4357 564 4414; x_wconf 87' lang='lat' dir='ltr'>alias</span> <span class='ocrx_word' id='word_1_335' title='bbox 586 4355 703 4433; x_wconf 88' lang='lat' dir='ltr'>judices</span> <span class='ocrx_word' id='word_1_336' title='bbox 726 4375 761 4416; x_wconf 92' lang='lat' dir='ltr'>ac</span> <span class='ocrx_word' id='word_1_337' title='bbox 792 4361 884 4431; x_wconf 89' lang='lat' dir='ltr'>cives,</span> <span class='ocrx_word' id='word_1_338' title='bbox 917 4362 1054 4436; x_wconf 89' lang='lat' dir='ltr'>hospites</span> <span class='ocrx_word' id='word_1_339' title='bbox 1089 4369 1119 4421; x_wconf 92' lang='lat' dir='ltr'>et</span> <span class='ocrx_word' id='word_1_340' title='bbox 1155 4369 1251 4420; x_wconf 91' lang='lat' dir='ltr'>totam</span> <span class='ocrx_word' id='word_1_341' title='bbox 1276 4365 1447 4422; x_wconf 89' lang='lat' dir='ltr'>communi·</span> 
     </span>
     <span class='ocr_line' id='line_1_38' title="bbox 185 4462 1446 4543; baseline 0.006 -24"><span class='ocrx_word' id='word_1_342' title='bbox 185 4466 278 4520; x_wconf 83' lang='lat' dir='ltr'>tatem</span> <span class='ocrx_word' id='word_1_343' title='bbox 301 4462 436 4521; x_wconf 88' lang='lat' dir='ltr'>civitatis</span> <span class='ocrx_word' id='word_1_344' title='bbox 460 4464 574 4522; x_wconf 90' lang='lat' dir='ltr'>montis</span> <span class='ocrx_word' id='word_1_345' title='bbox 598 4463 760 4524; x_wconf 91' lang='lat' dir='ltr'>Grecensis</span> <span class='ocrx_word' id='word_1_346' title='bbox 784 4467 822 4523; x_wconf 91' lang='lat' dir='ltr'>de</span> <span class='ocrx_word' id='word_1_347' title='bbox 844 4466 931 4543; x_wconf 88' lang='lat' dir='ltr'>juxta</span> <span class='ocrx_word' id='word_1_348' title='bbox 947 4468 1140 4541; x_wconf 85' lang='lat' dir='ltr'>Zagrabiam,</span> <span class='ocrx_word' id='word_1_349' title='bbox 1164 4469 1202 4526; x_wconf 89' lang='lat' dir='ltr'>ad</span> <span class='ocrx_word' id='word_1_350' title='bbox 1227 4474 1352 4526; x_wconf 86' lang='lat' dir='ltr'>octavas</span> <span class='ocrx_word' id='word_1_351' title='bbox 1376 4469 1446 4527; x_wconf 83' lang='lat' dir='ltr'>festi</span> 
     </span>
     <span class='ocr_line' id='line_1_39' title="bbox 184 4564 1445 4649; baseline 0.007 -25"><span class='ocrx_word' id='word_1_352' title='bbox 184 4564 265 4626; x_wconf 89' lang='lat' dir='ltr'>beati</span> <span class='ocrx_word' id='word_1_353' title='bbox 287 4567 415 4643; x_wconf 86' lang='lat' dir='ltr'>Georgii</span> <span class='ocrx_word' id='word_1_354' title='bbox 439 4571 575 4630; x_wconf 86' lang='lat' dir='ltr'>martiris</span> <span class='ocrx_word' id='word_1_355' title='bbox 599 4573 629 4629; x_wconf 89' lang='lat' dir='ltr'>in</span> <span class='ocrx_word' id='word_1_356' title='bbox 655 4575 813 4646; x_wconf 90' lang='lat' dir='ltr'>presencia</span> <span class='ocrx_word' id='word_1_357' title='bbox 837 4574 954 4633; x_wconf 92' lang='lat' dir='ltr'>domini</span> <span class='ocrx_word' id='word_1_358' title='bbox 977 4578 1074 4634; x_wconf 89' lang='lat' dir='ltr'>nostri</span> <span class='ocrx_word' id='word_1_359' title='bbox 1091 4576 1173 4649; x_wconf 92' lang='lat' dir='ltr'>regis</span> <span class='ocrx_word' id='word_1_360' title='bbox 1189 4576 1399 4647; x_wconf 87' lang='lat' dir='ltr'>inquisicionis</span> <span class='ocrx_word' id='word_1_361' title='bbox 1415 4582 1445 4633; x_wconf 95' lang='lat' dir='ltr'>et</span> 
     </span>
     <span class='ocr_line' id='line_1_40' title="bbox 184 4676 521 4735; baseline 0.018 -8"><span class='ocrx_word' id='word_1_362' title='bbox 184 4676 373 4734; x_wconf 84' lang='lat' dir='ltr'>evocacionis</span> <span class='ocrx_word' id='word_1_363' title='bbox 396 4676 521 4735; x_wconf 80' lang='lat' dir='ltr'>relacio</span> 
     </span>
    </p>
   </div>
   <div class='ocr_carea' id='block_1_3' title="bbox 181 4808 1443 4968">
    <p class='ocr_par' dir='ltr' id='par_1_4' title="bbox 181 4808 1443 4968">
     <span class='ocr_line' id='line_1_41' title="bbox 282 4808 1443 4886; baseline 0.011 -28"><span class='ocrx_word' id='word_1_364' title='bbox 282 4808 417 4874; x_wconf 81' lang='lat' dir='ltr'>Originale</span> <span class='ocrx_word' id='word_1_365' title='bbox 434 4812 462 4860; x_wconf 87' lang='lat' dir='ltr'>in</span> <span class='ocrx_word' id='word_1_366' title='bbox 480 4812 575 4864; x_wconf 87' lang='lat' dir='ltr'>charta.</span> <span class='ocrx_word' id='word_1_367' title='bbox 595 4814 623 4861; x_wconf 89' lang='lat' dir='ltr'>A</span> <span class='ocrx_word' id='word_1_368' title='bbox 642 4822 715 4878; x_wconf 81' lang='lat' dir='ltr'>tergo</span> <span class='ocrx_word' id='word_1_369' title='bbox 733 4816 871 4879; x_wconf 81' lang='lat' dir='ltr'>vestigium</span> <span class='ocrx_word' id='word_1_370' title='bbox 889 4818 1007 4882; x_wconf 87' lang='lat' dir='ltr'>impressi</span> <span class='ocrx_word' id='word_1_371' title='bbox 1026 4819 1115 4883; x_wconf 88' lang='lat' dir='ltr'>sigilli.</span> <span class='ocrx_word' id='word_1_372' title='bbox 1135 4821 1167 4867; x_wconf 89' lang='lat' dir='ltr'>In</span> <span class='ocrx_word' id='word_1_373' title='bbox 1192 4820 1261 4870; x_wconf 77' lang='lat' dir='ltr'>arch.</span> <span class='ocrx_word' id='word_1_374' title='bbox 1280 4836 1337 4872; x_wconf 83' lang='lat' dir='ltr'>ven.</span> <span class='ocrx_word' id='word_1_375' title='bbox 1358 4822 1443 4886; x_wconf 84' lang='lat' dir='ltr'>Capit.</span> 
     </span>
     <span class='ocr_line' id='line_1_42' title="bbox 181 4894 861 4968; baseline 0.015 -23"><span class='ocrx_word' id='word_1_376' title='bbox 181 4894 243 4947; x_wconf 79' lang='lat' dir='ltr'>eccl.</span> <span class='ocrx_word' id='word_1_377' title='bbox 260 4898 362 4963; x_wconf 77' lang='lat' dir='ltr'>zagrab.</span> <span class='ocrx_word' id='word_1_378' title='bbox 383 4900 445 4951; x_wconf 88' lang='lat' dir='ltr'>Act.</span> <span class='ocrx_word' id='word_1_379' title='bbox 466 4900 528 4966; x_wconf 85' lang='lat' dir='ltr'>Cap.</span> <span class='ocrx_word' id='word_1_380' title='bbox 548 4910 600 4953; x_wconf 80' lang='lat' dir='ltr'>aut.</span> <span class='ocrx_word' id='word_1_381' title='bbox 619 4903 680 4955; x_wconf 84' lang='lat' dir='ltr'>iaso.</span> <span class='ocrx_word' id='word_1_382' title='bbox 703 4915 735 4953; x_wconf 93' lang='lat'>10</span> <span class='ocrx_word' id='word_1_383' title='bbox 762 4919 799 4955; x_wconf 92' lang='lat' dir='ltr'>nr.</span> <span class='ocrx_word' id='word_1_384' title='bbox 821 4917 861 4968; x_wconf 84' lang='lat'>23.</span> 
     </span>
    </p>
   </div>
   <div class='ocr_carea' id='block_1_4' title="bbox 0 0 1644 5348">
    <p class='ocr_par' dir='ltr' id='par_1_5' title="bbox 0 0 1644 5348">
     <span class='ocr_line' id='line_1_43' title="bbox 0 0 1644 5348; baseline 0 6"><span class='ocrx_word' id='word_1_385' title='bbox 0 0 1644 5348; x_wconf 95' lang='lat' dir='ltr'> </span> 
     </span>
    </p>
   </div>
  </div>
 </body>
</html>
