3278 5348
594 1444 1016 1568 ARGUMENTA.

203 1777 218 1815 1.
238 1769 316 1818 Anno
333 1782 408 1830 1400,
431 1769 470 1819 ¹6.
485 1768 609 1831 Augusti.
624 1767 772 1830 Zagrabiae.
787 1768 880 1817 Coram
893 1769 1043 1831 magistratu
1056 1768 1247 1816 communitatis
1257 1767 1325 1817 civit.

235 1858 327 1906 montis
348 1858 485 1907 Grecensis
505 1857 628 1905 Andreae
647 1855 740 1920 Puijan
760 1857 823 1905 civis
842 1857 951 1905 heredes
969 1857 1115 1906 herciscunt
1135 1881 1320 1894 ··········

199 1954 218 1993 2.
237 1946 316 1994 Anno
340 1957 413 2008 1401,
433 1959 456 2009 7.
474 1944 594 2010 januarii.
615 1945 763 2008 Zagrabiae.
777 1945 945 1994 Eberhardus
958 1947 1036 2010 episc.
1050 1945 1150 2008 zagrab.
1165 1945 1327 1994 decessorum

236 2050 339 2083 suorum
360 2018 505 2100 exemplum
532 2035 582 2083 sibi
607 2034 640 2083 ad
664 2035 817 2083 imitandum
843 2050 997 2099 proponens,
1022 2034 1146 2084 ecclesiae
1171 2034 1327 2083 cathedralis

237 2124 428 2187 praebendariis
447 2125 500 2173 rini
519 2124 674 2186 frugumque
692 2124 817 2173 decimam
836 2126 964 2174 condonat
995 2149 1322 2164 ··················

199 2224 220 2272 3.
239 2214 319 2262 Anno
342 2225 417 2276 1401,
440 2225 479 2275 13.
493 2213 587 2264 martii.
605 2212 752 2275 Zagrabiae.
767 2212 943 2262 Communitas
957 2214 1069 2262 civitatis
1083 2213 1177 2262 montis
1190 2214 1328 2261 Grecensis

236 2317 320 2351 coram
339 2301 453 2366 capitulo
472 2300 631 2364 zagrabiensi
651 2307 739 2349 contra
758 2301 952 2364 sigismundum
971 2319 1057 2365 regem
1075 2302 1108 2350 de
1122 2302 1327 2366 possessionibus

237 2391 337 2438 1110160
355 2397 381 2438 01
399 2390 545 2444 Petrovina,
566 2405 631 2452 quae
650 2388 783 2438 nobilibus
802 2391 835 2438 de
854 2390 936 2439 Sused
956 2391 1114 2439 condonatae
1134 2397 1201 2446 sunt,
1220 2397 1326 2441 recusat.

197 2492 218 2540 4.
238 2480 317 2528 Anno
339 2491 414 2540 1401.
434 2480 603 2542 Magistratus
621 2480 690 2528 civit.
708 2481 809 2543 zagrab.
824 2481 951 2529 cambium
964 2481 1031 2528 inter
1043 2482 1190 2529 Emericum
1203 2479 1326 2543 praeben·

236 2566 334 2615 darium
353 2574 379 2615 et
398 2566 554 2615 Michaelam
573 2582 602 2615 ac
621 2567 782 2616 Demetrium
796 2569 865 2616 cives
879 2568 911 2616 de
924 2568 1034 2631 quadam
1047 2569 1131 2628 vinea,
1145 2576 1226 2616 ratum
1239 2567 1326 2615 habet.

198 2667 219 2717 5.
238 2658 317 2704 Anno
338 2667 414 2717 1402,
437 2668 475 2717 14.
495 2655 626 2706 februarii.
647 2656 787 2718 Zagrabiae
829 2657 995 2706 Eberhardus
1021 2658 1100 2721 episc.
1125 2657 1225 2719 zagrab.
1252 2670 1327 2703 ceno·

237 2745 308 2793 nicos
326 2743 505 2806 zagrabienses
524 2744 606 2793 libera
624 2745 731 2794 arbitria
749 2746 782 2794 de
801 2746 854 2795 suis
872 2747 986 2810 ipsorum
999 2746 1075 2795 bonis
1089 2762 1134 2810 per
1147 2751 1327 2794 testamentum

237 2849 311 2897 agere
330 2848 406 2897 posse
425 2832 539 2881 cofirmat
548 2858 1322 2873 ············································

198 2922 220 2971 6.
238 2923 318 2971 Anno
341 2934 415 2985 1402,
438 2934 457 2971 1.
479 2923 547 2986 maji.
568 2922 716 2985 Zagrabiac.
731 2922 908 2972 Communitas
934 2925 1045 2973 civitatis
1070 2925 1165 2972 montis
1190 2923 1328 2972 Grecensis

238 3027 269 3059 ne
287 3010 388 3060 nobiles
407 3011 440 3059 de
458 3009 542 3059 Sused
554 3011 738 3075 possessiones,
752 3027 818 3074 quae
832 3012 932 3060 Hras‘da
944 3019 970 3060 et
984 3013 1123 3060 Petrovina
1134 3018 1265 3067 vocantur,
1279 3011 1328 3060 sibi

237 3105 375 3155 assumant,
394 3105 494 3146 recusat
511 3117 1269 3138 ········································
1283 3128 1285 3132 ι
1299 3124 1323 3137 ··

198 3199 220 3248 7.
239 3188 318 3236 Anno
340 3198 416 3250 1402,
438 3199 458 3236 1.
478 3186 547 3250 maji.
568 3187 715 3250 Zagrabiae.
736 3188 864 3237 Vicebeni
886 3194 912 3236 et
936 3189 1044 3246 comites
1066 3189 1202 3238 comitatus
1227 3188 1328 3250 zagrab.

235 3293 249 3323 a
262 3274 446 3324 communitate
465 3274 577 3324 civitatis
596 3276 692 3324 montis
712 3277 851 3325 Grecensis
871 3277 1000 3340 impensas
1013 3279 1040 3325 in
1054 3293 1129 3326 causa
1143 3278 1265 3326 adversus
1279 3276 1327 3324 Ni·

239 3365 338 3413 colaum
357 3363 467 3412 Pravdie
485 3371 549 3420 acta,
570 3363 692 3412 toleratas
711 3379 766 3413 esse
785 3364 954 3414 testificantur
961 3390 1322 3404 ·····················

198 3454 218 3503 8.
238 3456 317 3502 Anno
340 3462 414 3514 1404,
434 3464 466 3515 24
493 3452 589 3516 aprilis.
611 3454 707 3505 Budae.
729 3454 909 3517 Sigismundus
930 3455 1080 3517 Hungariae
1098 3461 1146 3504 etc.
1166 3469 1327 3510 1010100100-

238 3550 306 3591 tores
324 3540 501 3605 zagrabienses
519 3556 550 3589 ex
564 3541 680 3604 qualibet
698 3544 832 3591 exactione
852 3543 987 3591 tributaria
1004 3543 1093 3591 eximit
1118 3568 1321 3581 ············

198 3642 220 3689 9.
239 3631 318 3679 Anno
335 3640 456 3693 1405,14
475 3630 557 3692 Junii.
571 3630 718 3692 Zagrabiae.
740 3630 908 3680 Eberhardus
921 3632 1057 3695 episcopus
1074 3631 1247 3694 zagrabiensis
1261 3646 1328 3679 com·

237 3718 387 3767 munitatem
406 3716 518 3765 civitatis
536 3718 631 3766 montis
651 3719 789 3767 Grecensis
808 3719 977 3783 quadraginta
997 3734 1093 3767 marcas
1112 3735 1159 3782 pro
1178 3734 1264 3767 annuo
1283 3719 1328 3767 tri·

239 3808 300 3856 buto
319 3807 373 3869 regi
392 3806 525 3863 solvendo,
545 3807 594 3855 sibi
614 3808 776 3872 pependisse,
796 3806 930 3872 profitetur
944 3833 1323 3846 ······················

186 3903 219 3946 lo.
239 3897 318 3945 Anno
340 3895 415 3958 1406,
438 3908 477 3947 10.
494 3897 612 3960 J'anuarii.
632 3897 728 3946 Budae.
752 3897 933 3959 sigismundus
953 3897 1103 3960 Hungariae
1122 3904 1169 3947 etc
1193 3912 1237 3944 1011
1251 3897 1329 3960 privi-

237 3984 333 4048 legium
352 3983 430 4033 Belae
449 3985 498 4035 IV.
517 3985 585 4047 regis
604 3986 636 4034 de
655 3985 820 4034 libertatibus
839 3984 938 4034 civibus
957 3986 1068 4035 civitatis
1083 3986 1178 4034 montis
1192 3986 1329 4034 Grecensis

237 4074 374 4129 concessis,
394 4072 527 4124 0001110101
543 4099 1323 4113 ············································

184 4174 220 4214 11.
240 4163 320 4212 Anno
343 4160 417 4224 1406,
440 4174 478 4224 13.
496 4162 607 4226 januarii
626 4162 722 4213 Budae.
744 4160 924 4226 Sigismundus
947 4163 1097 4226 Hungariae
1116 4171 1157 4211 etc
1176 4179 1227 4224 rex,
1247 4162 1329 4212 Eber-

237 4252 318 4301 hardo
337 4252 459 4317 episcopo
478 4251 636 4315 zagrabiensi
656 4252 768 4306 mandat.
788 4258 816 4299 nt
835 4251 947 4299 civitatis
965 4253 1060 4300 montis
1083 4252 1219 4300 Grecensis
1244 4267 1330 4301 curam

238 4348 369 4404 totamque
386 4341 468 4405 ipsius
485 4341 693 4390 iurisdictionem
713 4341 764 4390 sibi
782 4340 927 4389 committat
941 4365 1322 4379 ······················

183 4442 220 4480 12.
240 4430 321 4478 Anno
343 4431 418 4493 1406,
441 4443 481 4495 13.
497 4430 618 4495 januarii.
639 4429 736 4478 Budae.
757 4429 937 4493 Sigismundns
962 4430 1112 4493 Hungariae
1131 4436 1171 4476 etc
1199 4445 1243 4477 rex
1262 4444 1328 4477 com-

238 4517 388 4567 munitatem
402 4519 513 4569 civitntie
526 4519 621 4568 montis
634 4517 771 4566 Grecensis
784 4517 827 4566 010
838 4523 998 4566 strennarum
1009 4517 1139 4570 tributum.
1152 4518 1221 4579 quod
1231 4516 1330 4569 debuit,

238 4607 288 4656 sibi
308 4606 461 4670 pependisse
478 4605 610 4655 confirmat
619 4629 1323 4644 ···································

182 4708 190 4745 1
198 4708 219 4758 3.
240 4696 319 4744 Anno
336 4705 409 4758 1407,
423 4694 447 4745 8.
461 4695 585 4758 Augusti.
598 4695 788 4760 Vicejanitores
801 4696 869 4758 regis
883 4696 1092 4744 communitatem
1108 4694 1220 4742 civitatis
1235 4692 1329 4740 montis

239 4783 376 4832 Grecensis
394 4799 439 4832 sex
458 4782 567 4832 florenos
586 4799 633 4848 pro
651 4791 762 4843 centnm,
778 4782 897 4849 quolibet
909 4798 977 4832 anno
991 4781 1135 4840 solvendos,
1148 4781 1220 4845 regio
1233 4779 1331 4828 0010110

238 4871 392 4937 pependisse
411 4871 581 4922 testificantur
598 4893 1323 4916 ········································

1348 1674 1434 1729 Pagina

1419 1868 1428 1904 1

1403 4878 1435 4918 12
