<?xml version="1.0" encoding="UTF-8"?>
<!DOCTYPE html PUBLIC "-//W3C//DTD XHTML 1.0 Transitional//EN"
    "http://www.w3.org/TR/xhtml1/DTD/xhtml1-transitional.dtd">
<html xmlns="http://www.w3.org/1999/xhtml" xml:lang="en" lang="en">
 <head>
  <title>
</title>
<meta http-equiv="Content-Type" content="text/html;charset=utf-8" />
  <meta name='ocr-system' content='tesseract 3.04.00' />
  <meta name='ocr-capabilities' content='ocr_page ocr_carea ocr_par ocr_line ocrx_word'/>
</head>
<body>
  <div class='ocr_page' id='page_1' title='image "./monumentahistor01laszgoog_0455.png"; bbox 0 0 3278 5348; ppageno 0'>
   <div class='ocr_carea' id='block_1_1' title="bbox 607 423 1449 502">
    <p class='ocr_par' dir='ltr' id='par_1_1' title="bbox 607 423 1449 502">
     <span class='ocr_line' id='line_1_1' title="bbox 607 423 1449 502; baseline -0.001 -18"><span class='ocrx_word' id='word_1_1' title='bbox 607 426 679 484; x_wconf 87' lang='lat' dir='ltr'>Doc.</span> <span class='ocrx_word' id='word_1_2' title='bbox 704 438 772 502; x_wconf 74' lang='lat'>134.</span> <span class='ocrx_word' id='word_1_3' title='bbox 793 456 835 468; x_wconf 90' lang='lat'>-</span> <span class='ocrx_word' id='word_1_4' title='bbox 856 423 913 483; x_wconf 81' lang='lat' dir='ltr'>An.</span> <span class='ocrx_word' id='word_1_5' title='bbox 938 436 1027 502; x_wconf 72' lang='lat'><em>1441·</em></span> <span class='ocrx_word' id='word_1_6' title='bbox 1391 425 1449 495; x_wconf 81' lang='lat'>187</span> 
     </span>
    </p>
   </div>
   <div class='ocr_carea' id='block_1_2' title="bbox 175 639 1451 2624">
    <p class='ocr_par' dir='ltr' id='par_1_2' title="bbox 175 639 1451 2624">
     <span class='ocr_line' id='line_1_2' title="bbox 177 639 1451 718; baseline -0.003 -15"><span class='ocrx_word' id='word_1_7' title='bbox 177 644 310 717; x_wconf 86' lang='lat' dir='ltr'>singulis</span> <span class='ocrx_word' id='word_1_8' title='bbox 335 642 493 718; x_wconf 90' lang='lat' dir='ltr'>perpetuis</span> <span class='ocrx_word' id='word_1_9' title='bbox 516 641 629 700; x_wconf 84' lang='lat' dir='ltr'>futuris</span> <span class='ocrx_word' id='word_1_10' title='bbox 650 641 847 715; x_wconf 82' lang='lat' dir='ltr'>temporibus</span> <span class='ocrx_word' id='word_1_11' title='bbox 871 642 950 714; x_wconf 90' lang='lat' dir='ltr'>pena</span> <span class='ocrx_word' id='word_1_12' title='bbox 967 640 1026 697; x_wconf 93' lang='lat' dir='ltr'>sub</span> <span class='ocrx_word' id='word_1_13' title='bbox 1050 639 1167 714; x_wconf 88' lang='lat' dir='ltr'>duppli</span> <span class='ocrx_word' id='word_1_14' title='bbox 1187 642 1278 699; x_wconf 90' lang='lat' dir='ltr'>nobis</span> <span class='ocrx_word' id='word_1_15' title='bbox 1295 648 1324 698; x_wconf 87' lang='lat' dir='ltr'>et</span> <span class='ocrx_word' id='word_1_16' title='bbox 1341 656 1451 700; x_wconf 90' lang='lat' dir='ltr'>mona·</span> 
     </span>
     <span class='ocr_line' id='line_1_3' title="bbox 181 735 1448 823; baseline -0.002 -15"><span class='ocrx_word' id='word_1_17' title='bbox 181 735 277 808; x_wconf 86' lang='lat' dir='ltr'>sterio</span> <span class='ocrx_word' id='word_1_18' title='bbox 302 756 409 808; x_wconf 93' lang='lat' dir='ltr'>nostro</span> <span class='ocrx_word' id='word_1_19' title='bbox 442 752 606 823; x_wconf 89' lang='lat' dir='ltr'>prenotato</span> <span class='ocrx_word' id='word_1_20' title='bbox 640 747 714 806; x_wconf 89' lang='lat' dir='ltr'>dare</span> <span class='ocrx_word' id='word_1_21' title='bbox 748 754 778 804; x_wconf 91' lang='lat' dir='ltr'>et</span> <span class='ocrx_word' id='word_1_22' title='bbox 800 747 995 804; x_wconf 88' lang='lat' dir='ltr'>aministrare</span> <span class='ocrx_word' id='word_1_23' title='bbox 1029 746 1187 804; x_wconf 90' lang='lat' dir='ltr'>debebunt</span> <span class='ocrx_word' id='word_1_24' title='bbox 1208 752 1239 805; x_wconf 90' lang='lat' dir='ltr'>et</span> <span class='ocrx_word' id='word_1_25' title='bbox 1260 748 1448 806; x_wconf 89' lang='lat' dir='ltr'>tenebuntur</span> 
     </span>
     <span class='ocr_line' id='line_1_4' title="bbox 179 851 1451 927; baseline -0.002 -12"><span class='ocrx_word' id='word_1_26' title='bbox 179 871 252 914; x_wconf 90' lang='lat' dir='ltr'>curn</span> <span class='ocrx_word' id='word_1_27' title='bbox 277 856 398 915; x_wconf 84' lang='lat' dir='ltr'>effectu.</span> <span class='ocrx_word' id='word_1_28' title='bbox 421 855 490 912; x_wconf 88' lang='lat' dir='ltr'>Hoc</span> <span class='ocrx_word' id='word_1_29' title='bbox 512 853 612 911; x_wconf 83' lang='lat' dir='ltr'>ceiam</span> <span class='ocrx_word' id='word_1_30' title='bbox 634 867 781 927; x_wconf 86' lang='lat' dir='ltr'>expresso</span> <span class='ocrx_word' id='word_1_31' title='bbox 812 857 844 911; x_wconf 92' lang='lat' dir='ltr'>et</span> <span class='ocrx_word' id='word_1_32' title='bbox 874 851 1041 922; x_wconf 89' lang='lat' dir='ltr'>declarato,</span> <span class='ocrx_word' id='word_1_33' title='bbox 1080 851 1164 926; x_wconf 92' lang='lat' dir='ltr'>quod</span> <span class='ocrx_word' id='word_1_34' title='bbox 1188 853 1215 910; x_wconf 92' lang='lat' dir='ltr'>si</span> <span class='ocrx_word' id='word_1_35' title='bbox 1237 852 1376 926; x_wconf 78' lang='lat' dir='ltr'>prefatus</span> <span class='ocrx_word' id='word_1_36' title='bbox 1399 853 1451 912; x_wconf 91' lang='lat' dir='ltr'>Se·</span> 
     </span>
     <span class='ocr_line' id='line_1_5' title="bbox 178 959 1450 1035; baseline -0.002 -15"><span class='ocrx_word' id='word_1_37' title='bbox 178 961 295 1021; x_wconf 90' lang='lat' dir='ltr'>boldus</span> <span class='ocrx_word' id='word_1_38' title='bbox 312 962 363 1020; x_wconf 93' lang='lat' dir='ltr'>vel</span> <span class='ocrx_word' id='word_1_39' title='bbox 387 961 461 1019; x_wconf 92' lang='lat' dir='ltr'>dicti</span> <span class='ocrx_word' id='word_1_40' title='bbox 485 960 584 1035; x_wconf 91' lang='lat' dir='ltr'>ipsius</span> <span class='ocrx_word' id='word_1_41' title='bbox 606 959 737 1017; x_wconf 87' lang='lat' dir='ltr'>heredes</span> <span class='ocrx_word' id='word_1_42' title='bbox 760 962 790 1016; x_wconf 91' lang='lat' dir='ltr'>et</span> <span class='ocrx_word' id='word_1_43' title='bbox 814 973 1005 1017; x_wconf 86' lang='lat' dir='ltr'>successores</span> <span class='ocrx_word' id='word_1_44' title='bbox 1029 966 1082 1016; x_wconf 92' lang='lat' dir='ltr'>aut</span> <span class='ocrx_word' id='word_1_45' title='bbox 1116 959 1211 1016; x_wconf 90' lang='lat' dir='ltr'>ceteri</span> <span class='ocrx_word' id='word_1_46' title='bbox 1243 959 1341 1032; x_wconf 92' lang='lat' dir='ltr'>ipsius</span> <span class='ocrx_word' id='word_1_47' title='bbox 1364 961 1450 1019; x_wconf 91' lang='lat' dir='ltr'>curie</span> 
     </span>
     <span class='ocr_line' id='line_1_6' title="bbox 178 1064 1448 1140; baseline -0.003 -13"><span class='ocrx_word' id='word_1_48' title='bbox 178 1084 231 1127; x_wconf 89' lang='lat' dir='ltr'>seu</span> <span class='ocrx_word' id='word_1_49' title='bbox 254 1068 371 1126; x_wconf 87' lang='lat' dir='ltr'>domus</span> <span class='ocrx_word' id='word_1_50' title='bbox 394 1075 425 1125; x_wconf 90' lang='lat' dir='ltr'>et</span> <span class='ocrx_word' id='word_1_51' title='bbox 447 1066 568 1125; x_wconf 90' lang='lat' dir='ltr'>cellarii</span> <span class='ocrx_word' id='word_1_52' title='bbox 591 1065 745 1140; x_wconf 88' lang='lat' dir='ltr'>prenotati</span> <span class='ocrx_word' id='word_1_53' title='bbox 768 1070 904 1123; x_wconf 89' lang='lat' dir='ltr'>tentores</span> <span class='ocrx_word' id='word_1_54' title='bbox 920 1071 950 1122; x_wconf 93' lang='lat' dir='ltr'>et</span> <span class='ocrx_word' id='word_1_55' title='bbox 966 1079 1158 1138; x_wconf 86' lang='lat' dir='ltr'>possessores</span> <span class='ocrx_word' id='word_1_56' title='bbox 1178 1064 1318 1138; x_wconf 88' lang='lat' dir='ltr'><strong>aliquam</strong></span> <span class='ocrx_word' id='word_1_57' title='bbox 1341 1071 1448 1123; x_wconf 89' lang='lat' dir='ltr'>notam</span> 
     </span>
     <span class='ocr_line' id='line_1_7' title="bbox 178 1170 1447 1245; baseline -0.003 -13"><span class='ocrx_word' id='word_1_58' title='bbox 178 1173 372 1233; x_wconf 87' lang='lat' dir='ltr'>infidelitatis</span> <span class='ocrx_word' id='word_1_59' title='bbox 395 1180 450 1231; x_wconf 90' lang='lat' dir='ltr'>aut</span> <span class='ocrx_word' id='word_1_60' title='bbox 473 1170 702 1245; x_wconf 82' lang='lat' dir='ltr'>ingratitudinis</span> <span class='ocrx_word' id='word_1_61' title='bbox 723 1171 908 1229; x_wconf 86' lang='lat' dir='ltr'>incurrerint</span> <span class='ocrx_word' id='word_1_62' title='bbox 931 1175 1039 1228; x_wconf 89' lang='lat' dir='ltr'>contra</span> <span class='ocrx_word' id='word_1_63' title='bbox 1072 1185 1129 1229; x_wconf 92' lang='lat' dir='ltr'>nos</span> <span class='ocrx_word' id='word_1_64' title='bbox 1162 1176 1193 1228; x_wconf 90' lang='lat' dir='ltr'>et</span> <span class='ocrx_word' id='word_1_65' title='bbox 1223 1171 1447 1229; x_wconf 88' lang='lat' dir='ltr'>monasterium</span> 
     </span>
     <span class='ocr_line' id='line_1_8' title="bbox 177 1274 1450 1353; baseline -0.004 -14"><span class='ocrx_word' id='word_1_66' title='bbox 177 1286 321 1339; x_wconf 87' lang='lat' dir='ltr'>nostrum</span> <span class='ocrx_word' id='word_1_67' title='bbox 343 1284 550 1353; x_wconf 88' lang='lat' dir='ltr'>prenotatum,</span> <span class='ocrx_word' id='word_1_68' title='bbox 567 1283 680 1336; x_wconf 85' lang='lat' dir='ltr'>extunc</span> <span class='ocrx_word' id='word_1_69' title='bbox 702 1278 761 1351; x_wconf 90' lang='lat' dir='ltr'>ipsi</span> <span class='ocrx_word' id='word_1_70' title='bbox 778 1277 819 1334; x_wconf 92' lang='lat' dir='ltr'>ab</span> <span class='ocrx_word' id='word_1_71' title='bbox 835 1276 921 1334; x_wconf 88' lang='lat' dir='ltr'>omni</span> <span class='ocrx_word' id='word_1_72' title='bbox 943 1274 1019 1351; x_wconf 89' lang='lat' dir='ltr'>jure,</span> <span class='ocrx_word' id='word_1_73' title='bbox 1044 1276 1182 1334; x_wconf 90' lang='lat' dir='ltr'>dominio</span> <span class='ocrx_word' id='word_1_74' title='bbox 1205 1281 1236 1335; x_wconf 92' lang='lat' dir='ltr'>et</span> <span class='ocrx_word' id='word_1_75' title='bbox 1258 1277 1450 1351; x_wconf 81' lang='lat' dir='ltr'>proprietate</span> 
     </span>
     <span class='ocr_line' id='line_1_9' title="bbox 177 1381 1447 1456; baseline -0.004 -11"><span class='ocrx_word' id='word_1_76' title='bbox 177 1384 361 1445; x_wconf 88' lang='lat' dir='ltr'>eorumdem</span> <span class='ocrx_word' id='word_1_77' title='bbox 384 1385 469 1443; x_wconf 91' lang='lat' dir='ltr'>curie</span> <span class='ocrx_word' id='word_1_78' title='bbox 491 1399 546 1442; x_wconf 91' lang='lat' dir='ltr'>seu</span> <span class='ocrx_word' id='word_1_79' title='bbox 573 1383 686 1442; x_wconf 91' lang='lat' dir='ltr'>domus</span> <span class='ocrx_word' id='word_1_80' title='bbox 709 1389 739 1440; x_wconf 89' lang='lat' dir='ltr'>et</span> <span class='ocrx_word' id='word_1_81' title='bbox 762 1381 882 1440; x_wconf 89' lang='lat' dir='ltr'>cellarii</span> <span class='ocrx_word' id='word_1_82' title='bbox 906 1382 1018 1440; x_wconf 84' lang='lat' dir='ltr'>cadant</span> <span class='ocrx_word' id='word_1_83' title='bbox 1049 1388 1079 1439; x_wconf 93' lang='lat' dir='ltr'>et</span> <span class='ocrx_word' id='word_1_84' title='bbox 1102 1381 1315 1452; x_wconf 90' lang='lat' dir='ltr'>destituantur,</span> <span class='ocrx_word' id='word_1_85' title='bbox 1346 1389 1377 1440; x_wconf 89' lang='lat' dir='ltr'>et</span> <span class='ocrx_word' id='word_1_86' title='bbox 1399 1383 1447 1456; x_wconf 94' lang='lat' dir='ltr'>ip·</span> 
     </span>
     <span class='ocr_line' id='line_1_10' title="bbox 176 1486 1443 1565; baseline -0.003 -15"><span class='ocrx_word' id='word_1_87' title='bbox 176 1506 286 1550; x_wconf 88' lang='lat' dir='ltr'>sorum</span> <span class='ocrx_word' id='word_1_88' title='bbox 308 1489 476 1565; x_wconf 90' lang='lat' dir='ltr'>disposicio</span> <span class='ocrx_word' id='word_1_89' title='bbox 499 1488 539 1547; x_wconf 91' lang='lat' dir='ltr'>ad</span> <span class='ocrx_word' id='word_1_90' title='bbox 563 1504 619 1547; x_wconf 90' lang='lat' dir='ltr'>nos</span> <span class='ocrx_word' id='word_1_91' title='bbox 643 1488 772 1546; x_wconf 91' lang='lat' dir='ltr'>devolvi</span> <span class='ocrx_word' id='word_1_92' title='bbox 788 1492 818 1545; x_wconf 94' lang='lat' dir='ltr'>et</span> <span class='ocrx_word' id='word_1_93' title='bbox 833 1486 1001 1545; x_wconf 89' lang='lat' dir='ltr'>redundari</span> <span class='ocrx_word' id='word_1_94' title='bbox 1017 1487 1128 1545; x_wconf 88' lang='lat' dir='ltr'>debeat</span> <span class='ocrx_word' id='word_1_95' title='bbox 1151 1488 1220 1562; x_wconf 91' lang='lat' dir='ltr'>ipso</span> <span class='ocrx_word' id='word_1_96' title='bbox 1244 1486 1325 1546; x_wconf 84' lang='lat' dir='ltr'>iacto</span> <span class='ocrx_word' id='word_1_97' title='bbox 1349 1487 1443 1562; x_wconf 91' lang='lat' dir='ltr'>pleno</span> 
     </span>
     <span class='ocr_line' id='line_1_11' title="bbox 175 1593 1443 1668; baseline -0.003 -13"><span class='ocrx_word' id='word_1_98' title='bbox 175 1597 253 1656; x_wconf 89' lang='lat' dir='ltr'>iuris</span> <span class='ocrx_word' id='word_1_99' title='bbox 279 1613 353 1654; x_wconf 94' lang='lat' dir='ltr'>cum</span> <span class='ocrx_word' id='word_1_100' title='bbox 376 1597 498 1655; x_wconf 85' lang='lat' dir='ltr'>effectu.</span> <span class='ocrx_word' id='word_1_101' title='bbox 521 1596 556 1653; x_wconf 90' lang='lat' dir='ltr'>ln</span> <span class='ocrx_word' id='word_1_102' title='bbox 579 1596 666 1654; x_wconf 88' lang='lat' dir='ltr'>cuius</span> <span class='ocrx_word' id='word_1_103' title='bbox 688 1595 733 1653; x_wconf 91' lang='lat' dir='ltr'>rei</span> <span class='ocrx_word' id='word_1_104' title='bbox 763 1594 957 1665; x_wconf 90' lang='lat' dir='ltr'>memoriam,</span> <span class='ocrx_word' id='word_1_105' title='bbox 980 1593 1224 1667; x_wconf 89' lang='lat' dir='ltr'>firmitatemque</span> <span class='ocrx_word' id='word_1_106' title='bbox 1259 1599 1443 1668; x_wconf 90' lang='lat' dir='ltr'>perpetuam</span> 
     </span>
     <span class='ocr_line' id='line_1_12' title="bbox 177 1700 1448 1778; baseline -0.003 -16"><span class='ocrx_word' id='word_1_107' title='bbox 177 1708 339 1778; x_wconf 89' lang='lat' dir='ltr'>presentes</span> <span class='ocrx_word' id='word_1_108' title='bbox 371 1701 472 1761; x_wconf 91' lang='lat' dir='ltr'>eidem</span> <span class='ocrx_word' id='word_1_109' title='bbox 508 1700 714 1760; x_wconf 88' lang='lat' dir='ltr'>concessimus</span> <span class='ocrx_word' id='word_1_110' title='bbox 747 1701 867 1759; x_wconf 90' lang='lat' dir='ltr'>litteras</span> <span class='ocrx_word' id='word_1_111' title='bbox 903 1707 1025 1759; x_wconf 89' lang='lat' dir='ltr'>nostras</span> <span class='ocrx_word' id='word_1_112' title='bbox 1058 1701 1236 1774; x_wconf 90' lang='lat' dir='ltr'>sigillorum</span> <span class='ocrx_word' id='word_1_113' title='bbox 1270 1706 1448 1759; x_wconf 90' lang='lat' dir='ltr'>nostrorum</span> 
     </span>
     <span class='ocr_line' id='line_1_13' title="bbox 179 1806 1443 1885; baseline -0.001 -18"><span class='ocrx_word' id='word_1_114' title='bbox 179 1808 428 1885; x_wconf 86' lang='lat' dir='ltr'>appensionibus</span> <span class='ocrx_word' id='word_1_115' title='bbox 450 1808 621 1866; x_wconf 86' lang='lat' dir='ltr'>roboratas.</span> <span class='ocrx_word' id='word_1_116' title='bbox 650 1806 766 1864; x_wconf 91' lang='lat' dir='ltr'>Datum</span> <span class='ocrx_word' id='word_1_117' title='bbox 790 1808 822 1865; x_wconf 93' lang='lat' dir='ltr'>in</span> <span class='ocrx_word' id='word_1_118' title='bbox 842 1808 1029 1866; x_wconf 90' lang='lat' dir='ltr'>monasterio</span> <span class='ocrx_word' id='word_1_119' title='bbox 1050 1813 1157 1866; x_wconf 89' lang='lat' dir='ltr'>nostro</span> <span class='ocrx_word' id='word_1_120' title='bbox 1179 1814 1342 1882; x_wconf 91' lang='lat' dir='ltr'>prenotato</span> <span class='ocrx_word' id='word_1_121' title='bbox 1365 1807 1443 1866; x_wconf 82' lang='lat' dir='ltr'>feria</span> 
     </span>
     <span class='ocr_line' id='line_1_14' title="bbox 175 1913 1448 1989; baseline -0.002 -15"><span class='ocrx_word' id='word_1_122' title='bbox 175 1922 264 1974; x_wconf 85' lang='lat' dir='ltr'>sexta</span> <span class='ocrx_word' id='word_1_123' title='bbox 280 1915 427 1989; x_wconf 86' lang='lat' dir='ltr'>proxima</span> <span class='ocrx_word' id='word_1_124' title='bbox 438 1919 509 1972; x_wconf 92' lang='lat' dir='ltr'>ante</span> <span class='ocrx_word' id='word_1_125' title='bbox 522 1913 635 1972; x_wconf 86' lang='lat' dir='ltr'>festum</span> <span class='ocrx_word' id='word_1_126' title='bbox 647 1913 822 1972; x_wconf 90' lang='lat' dir='ltr'>sanctisime</span> <span class='ocrx_word' id='word_1_127' title='bbox 834 1915 1002 1973; x_wconf 86' lang='lat' dir='ltr'>Trinitatis.</span> <span class='ocrx_word' id='word_1_128' title='bbox 1018 1917 1107 1973; x_wconf 87' lang='lat' dir='ltr'>Anno</span> <span class='ocrx_word' id='word_1_129' title='bbox 1123 1914 1242 1973; x_wconf 93' lang='lat' dir='ltr'>domini</span> <span class='ocrx_word' id='word_1_130' title='bbox 1254 1914 1448 1972; x_wconf 84' lang='lat' dir='ltr'>MCCCCXL</span> 
     </span>
     <span class='ocr_line' id='line_1_15' title="bbox 177 2019 1448 2097; baseline -0.001 -17"><span class='ocrx_word' id='word_1_131' title='bbox 177 2022 291 2097; x_wconf 90' lang='lat' dir='ltr'>primo.</span> <span class='ocrx_word' id='word_1_132' title='bbox 331 2021 398 2079; x_wconf 92' lang='lat' dir='ltr'>Hoc</span> <span class='ocrx_word' id='word_1_133' title='bbox 424 2021 523 2078; x_wconf 90' lang='lat' dir='ltr'>eciam</span> <span class='ocrx_word' id='word_1_134' title='bbox 551 2019 704 2089; x_wconf 90' lang='lat' dir='ltr'>adiunct0,</span> <span class='ocrx_word' id='word_1_135' title='bbox 739 2019 825 2093; x_wconf 92' lang='lat' dir='ltr'>quod</span> <span class='ocrx_word' id='word_1_136' title='bbox 854 2020 880 2080; x_wconf 92' lang='lat' dir='ltr'>si</span> <span class='ocrx_word' id='word_1_137' title='bbox 912 2020 1050 2095; x_wconf 82' lang='lat' dir='ltr'>prefatus</span> <span class='ocrx_word' id='word_1_138' title='bbox 1088 2020 1259 2092; x_wconf 89' lang='lat' dir='ltr'>Seboldus,</span> <span class='ocrx_word' id='word_1_139' title='bbox 1297 2022 1349 2080; x_wconf 93' lang='lat' dir='ltr'>vel</span> <span class='ocrx_word' id='word_1_140' title='bbox 1373 2021 1448 2080; x_wconf 92' lang='lat' dir='ltr'>dicti</span> 
     </span>
     <span class='ocr_line' id='line_1_16' title="bbox 175 2126 1442 2203; baseline -0.002 -16"><span class='ocrx_word' id='word_1_141' title='bbox 175 2128 279 2203; x_wconf 91' lang='lat' dir='ltr'>ipsius</span> <span class='ocrx_word' id='word_1_142' title='bbox 309 2126 439 2186; x_wconf 88' lang='lat' dir='ltr'>heredes</span> <span class='ocrx_word' id='word_1_143' title='bbox 469 2131 500 2184; x_wconf 91' lang='lat' dir='ltr'>et</span> <span class='ocrx_word' id='word_1_144' title='bbox 529 2140 721 2184; x_wconf 88' lang='lat' dir='ltr'>successores</span> <span class='ocrx_word' id='word_1_145' title='bbox 747 2126 854 2200; x_wconf 92' lang='lat' dir='ltr'>aliquo</span> <span class='ocrx_word' id='word_1_146' title='bbox 883 2132 1062 2202; x_wconf 90' lang='lat' dir='ltr'>temporum</span> <span class='ocrx_word' id='word_1_147' title='bbox 1093 2127 1125 2184; x_wconf 94' lang='lat' dir='ltr'>in</span> <span class='ocrx_word' id='word_1_148' title='bbox 1155 2141 1301 2201; x_wconf 88' lang='lat' dir='ltr'>processu</span> <span class='ocrx_word' id='word_1_149' title='bbox 1326 2126 1442 2186; x_wconf 91' lang='lat' dir='ltr'>dictam</span> 
     </span>
     <span class='ocr_line' id='line_1_17' title="bbox 176 2232 1445 2307; baseline 0.001 -15"><span class='ocrx_word' id='word_1_150' title='bbox 176 2234 299 2292; x_wconf 87' lang='lat' dir='ltr'>curiam</span> <span class='ocrx_word' id='word_1_151' title='bbox 322 2249 376 2291; x_wconf 91' lang='lat' dir='ltr'>seu</span> <span class='ocrx_word' id='word_1_152' title='bbox 403 2232 534 2290; x_wconf 91' lang='lat' dir='ltr'>domum</span> <span class='ocrx_word' id='word_1_153' title='bbox 557 2246 630 2288; x_wconf 91' lang='lat' dir='ltr'>cum</span> <span class='ocrx_word' id='word_1_154' title='bbox 653 2233 835 2306; x_wconf 90' lang='lat' dir='ltr'>prescriptis</span> <span class='ocrx_word' id='word_1_155' title='bbox 858 2233 922 2291; x_wconf 92' lang='lat' dir='ltr'>suis</span> <span class='ocrx_word' id='word_1_156' title='bbox 946 2234 1143 2307; x_wconf 87' lang='lat' dir='ltr'>pertinenciis</span> <span class='ocrx_word' id='word_1_157' title='bbox 1166 2232 1301 2291; x_wconf 88' lang='lat' dir='ltr'>vendere</span> <span class='ocrx_word' id='word_1_158' title='bbox 1324 2233 1445 2303; x_wconf 89' lang='lat' dir='ltr'>vellint,</span> 
     </span>
     <span class='ocr_line' id='line_1_18' title="bbox 178 2337 1443 2413; baseline -0.001 -15"><span class='ocrx_word' id='word_1_159' title='bbox 178 2346 290 2399; x_wconf 84' lang='lat' dir='ltr'>extunc</span> <span class='ocrx_word' id='word_1_160' title='bbox 314 2339 376 2413; x_wconf 93' lang='lat' dir='ltr'>ipsi</span> <span class='ocrx_word' id='word_1_161' title='bbox 405 2337 536 2397; x_wconf 88' lang='lat' dir='ltr'>eandem</span> <span class='ocrx_word' id='word_1_162' title='bbox 571 2337 687 2395; x_wconf 90' lang='lat' dir='ltr'>nemini</span> <span class='ocrx_word' id='word_1_163' title='bbox 721 2338 811 2395; x_wconf 88' lang='lat' dir='ltr'>alteri</span> <span class='ocrx_word' id='word_1_164' title='bbox 845 2339 905 2397; x_wconf 90' lang='lat' dir='ltr'>nisi</span> <span class='ocrx_word' id='word_1_165' title='bbox 943 2338 1098 2396; x_wconf 90' lang='lat' dir='ltr'>mediante</span> <span class='ocrx_word' id='word_1_166' title='bbox 1134 2338 1321 2396; x_wconf 90' lang='lat' dir='ltr'>ammonicia</span> <span class='ocrx_word' id='word_1_167' title='bbox 1344 2339 1443 2413; x_wconf 90' lang='lat' dir='ltr'>ipsius</span> 
     </span>
     <span class='ocr_line' id='line_1_19' title="bbox 178 2443 1446 2519; baseline -0.002 -15"><span class='ocrx_word' id='word_1_168' title='bbox 178 2444 314 2505; x_wconf 89' lang='lat' dir='ltr'>Conradi</span> <span class='ocrx_word' id='word_1_169' title='bbox 336 2445 466 2502; x_wconf 88' lang='lat' dir='ltr'>Rawsar</span> <span class='ocrx_word' id='word_1_170' title='bbox 488 2459 525 2501; x_wconf 91' lang='lat' dir='ltr'>ac</span> <span class='ocrx_word' id='word_1_171' title='bbox 539 2443 663 2501; x_wconf 88' lang='lat' dir='ltr'>domine</span> <span class='ocrx_word' id='word_1_172' title='bbox 675 2459 730 2501; x_wconf 90' lang='lat' dir='ltr'>sue</span> <span class='ocrx_word' id='word_1_173' title='bbox 745 2445 896 2503; x_wconf 90' lang='lat' dir='ltr'>consortis</span> <span class='ocrx_word' id='word_1_174' title='bbox 913 2449 1073 2519; x_wconf 87' lang='lat' dir='ltr'>prenotate</span> <span class='ocrx_word' id='word_1_175' title='bbox 1089 2451 1118 2502; x_wconf 92' lang='lat' dir='ltr'>et</span> <span class='ocrx_word' id='word_1_176' title='bbox 1143 2458 1271 2502; x_wconf 92' lang='lat' dir='ltr'>suorum</span> <span class='ocrx_word' id='word_1_177' title='bbox 1294 2443 1446 2502; x_wconf 91' lang='lat' dir='ltr'>heredum</span> 
     </span>
     <span class='ocr_line' id='line_1_20' title="bbox 182 2550 1390 2624; baseline -0.005 -14"><span class='ocrx_word' id='word_1_178' title='bbox 182 2551 250 2610; x_wconf 85' lang='lat' dir='ltr'>aliis</span> <span class='ocrx_word' id='word_1_179' title='bbox 273 2550 409 2609; x_wconf 90' lang='lat' dir='ltr'>vendere</span> <span class='ocrx_word' id='word_1_180' title='bbox 432 2551 551 2624; x_wconf 89' lang='lat' dir='ltr'>possint</span> <span class='ocrx_word' id='word_1_181' title='bbox 575 2565 631 2607; x_wconf 90' lang='lat' dir='ltr'>nec</span> <span class='ocrx_word' id='word_1_182' title='bbox 653 2550 777 2608; x_wconf 91' lang='lat' dir='ltr'>valeant</span> <span class='ocrx_word' id='word_1_183' title='bbox 800 2550 894 2608; x_wconf 92' lang='lat' dir='ltr'>modo</span> <span class='ocrx_word' id='word_1_184' title='bbox 917 2550 1056 2624; x_wconf 91' lang='lat' dir='ltr'>aliquali.</span> <span class='ocrx_word' id='word_1_185' title='bbox 1079 2550 1206 2623; x_wconf 89' lang='lat' dir='ltr'>Datum,</span> <span class='ocrx_word' id='word_1_186' title='bbox 1230 2555 1264 2608; x_wconf 91' lang='lat' dir='ltr'>ut</span> <span class='ocrx_word' id='word_1_187' title='bbox 1286 2564 1390 2624; x_wconf 90' lang='lat' dir='ltr'>supra.</span> 
     </span>
    </p>
   </div>
   <div class='ocr_carea' id='block_1_3' title="bbox 184 2685 1442 2824">
    <p class='ocr_par' dir='ltr' id='par_1_3' title="bbox 184 2685 1442 2824">
     <span class='ocr_line' id='line_1_21' title="bbox 283 2685 1442 2753; baseline 0.001 -16"><span class='ocrx_word' id='word_1_188' title='bbox 283 2686 433 2752; x_wconf 89' lang='lat' dir='ltr'>Conceptus</span> <span class='ocrx_word' id='word_1_189' title='bbox 451 2686 514 2736; x_wconf 87' lang='lat' dir='ltr'>dicti</span> <span class='ocrx_word' id='word_1_190' title='bbox 534 2685 635 2735; x_wconf 81' lang='lat' dir='ltr'>abbatis</span> <span class='ocrx_word' id='word_1_191' title='bbox 651 2686 789 2750; x_wconf 84' lang='lat' dir='ltr'>Johannis,</span> <span class='ocrx_word' id='word_1_192' title='bbox 810 2688 837 2737; x_wconf 93' lang='lat' dir='ltr'>in</span> <span class='ocrx_word' id='word_1_193' title='bbox 855 2688 943 2737; x_wconf 85' lang='lat' dir='ltr'>charta</span> <span class='ocrx_word' id='word_1_194' title='bbox 962 2686 1083 2753; x_wconf 88' lang='lat' dir='ltr'>simplici.</span> <span class='ocrx_word' id='word_1_195' title='bbox 1112 2688 1174 2739; x_wconf 92' lang='lat' dir='ltr'>Act.</span> <span class='ocrx_word' id='word_1_196' title='bbox 1204 2686 1288 2752; x_wconf 89' lang='lat' dir='ltr'>Capit.</span> <span class='ocrx_word' id='word_1_197' title='bbox 1309 2692 1360 2738; x_wconf 84' lang='lat' dir='ltr'>ant.</span> <span class='ocrx_word' id='word_1_198' title='bbox 1381 2686 1442 2738; x_wconf 81' lang='lat' dir='ltr'>fasc.</span> 
     </span>
     <span class='ocr_line' id='line_1_22' title="bbox 184 2768 360 2824; baseline 0 -17"><span class='ocrx_word' id='word_1_199' title='bbox 184 2768 239 2810; x_wconf 83' lang='lat' dir='ltr'>ror.</span> <span class='ocrx_word' id='word_1_200' title='bbox 258 2774 297 2809; x_wconf 61' lang='lat' dir='ltr'>nr,</span> <span class='ocrx_word' id='word_1_201' title='bbox 318 2771 360 2824; x_wconf 87' lang='lat'>50.</span> 
     </span>
    </p>
   </div>
   <div class='ocr_carea' id='block_1_4' title="bbox 283 2914 849 3106">
    <p class='ocr_par' dir='ltr' id='par_1_4' title="bbox 283 2914 849 3106">
     <span class='ocr_line' id='line_1_23' title="bbox 768 2914 849 2984; baseline 0.012 -1"><span class='ocrx_word' id='word_1_202' title='bbox 768 2914 849 2984; x_wconf 81' lang='lat'>134.</span> 
     </span>
     <span class='ocr_line' id='line_1_24' title="bbox 283 3041 810 3106; baseline 0.002 -16"><span class='ocrx_word' id='word_1_203' title='bbox 283 3041 365 3090; x_wconf 82' lang='lat' dir='ltr'>Anno</span> <span class='ocrx_word' id='word_1_204' title='bbox 386 3053 461 3105; x_wconf 83' lang='lat'>1443,</span> <span class='ocrx_word' id='word_1_205' title='bbox 481 3055 505 3104; x_wconf 86' lang='lat'>4.</span> <span class='ocrx_word' id='word_1_206' title='bbox 523 3042 642 3106; x_wconf 84' lang='lat' dir='ltr'>januarii.</span> <span class='ocrx_word' id='word_1_207' title='bbox 663 3041 810 3104; x_wconf 77' lang='lat' dir='ltr'>Zagrabiae.</span> 
     </span>
    </p>
   </div>
   <div class='ocr_carea' id='block_1_5' title="bbox 179 3148 1443 3225">
    <p class='ocr_par' dir='ltr' id='par_1_5' title="bbox 179 3148 1443 3225">
     <span class='ocr_line' id='line_1_25' title="bbox 179 3148 1443 3225; baseline 0.001 -16"><span class='ocrx_word' id='word_1_208' title='bbox 179 3148 393 3212; x_wconf 72' lang='lat' dir='ltr'>Testamenmm</span> <span class='ocrx_word' id='word_1_209' title='bbox 438 3149 571 3225; x_wconf 67' lang='lat' dir='ltr'>Georgii,</span> <span class='ocrx_word' id='word_1_210' title='bbox 596 3151 659 3223; x_wconf 72' lang='lat' dir='ltr'>filii</span> <span class='ocrx_word' id='word_1_211' title='bbox 687 3152 814 3221; x_wconf 81' lang='lat' dir='ltr'>Mcolai,</span> <span class='ocrx_word' id='word_1_212' title='bbox 840 3151 908 3209; x_wconf 68' lang='lat' dir='ltr'>delli</span> <span class='ocrx_word' id='word_1_213' title='bbox 939 3152 1038 3224; x_wconf 84' lang='lat' dir='ltr'>Baxa,</span> <span class='ocrx_word' id='word_1_214' title='bbox 1061 3152 1132 3211; x_wconf 82' lang='lat' dir='ltr'>ciuis</span> <span class='ocrx_word' id='word_1_215' title='bbox 1152 3154 1255 3210; x_wconf 82' lang='lat' dir='ltr'>montis</span> <span class='ocrx_word' id='word_1_216' title='bbox 1285 3150 1443 3211; x_wconf 84' lang='lat' dir='ltr'>Grecensis.</span> 
     </span>
    </p>
   </div>
   <div class='ocr_carea' id='block_1_6' title="bbox 169 3278 1442 4098">
    <p class='ocr_par' dir='ltr' id='par_1_6' title="bbox 169 3278 1442 4098">
     <span class='ocr_line' id='line_1_26' title="bbox 279 3278 1442 3339; baseline 0.002 -4"><span class='ocrx_word' id='word_1_217' title='bbox 279 3278 314 3336; x_wconf 92' lang='lat' dir='ltr'>ln</span> <span class='ocrx_word' id='word_1_218' title='bbox 337 3279 462 3336; x_wconf 91' lang='lat' dir='ltr'>nomine</span> <span class='ocrx_word' id='word_1_219' title='bbox 486 3278 614 3338; x_wconf 91' lang='lat' dir='ltr'>domini.</span> <span class='ocrx_word' id='word_1_220' title='bbox 647 3279 755 3336; x_wconf 88' lang='lat' dir='ltr'>Amen.</span> <span class='ocrx_word' id='word_1_221' title='bbox 787 3280 873 3337; x_wconf 86' lang='lat' dir='ltr'>Anno</span> <span class='ocrx_word' id='word_1_222' title='bbox 902 3280 1073 3338; x_wconf 89' lang='lat' dir='ltr'>nativitatis</span> <span class='ocrx_word' id='word_1_223' title='bbox 1103 3279 1242 3339; x_wconf 93' lang='lat' dir='ltr'>eiusdem</span> <span class='ocrx_word' id='word_1_224' title='bbox 1273 3280 1442 3338; x_wconf 90' lang='lat' dir='ltr'>millesimo</span> 
     </span>
     <span class='ocr_line' id='line_1_27' title="bbox 172 3382 1442 3471; baseline 0 -28"><span class='ocrx_word' id='word_1_225' title='bbox 172 3384 482 3459; x_wconf 86' lang='lat' dir='ltr'>quadringentesimo</span> <span class='ocrx_word' id='word_1_226' title='bbox 508 3382 746 3457; x_wconf 84' lang='lat' dir='ltr'>quadragesimo</span> <span class='ocrx_word' id='word_1_227' title='bbox 763 3387 867 3457; x_wconf 89' lang='lat' dir='ltr'>terci0,</span> <span class='ocrx_word' id='word_1_228' title='bbox 885 3385 960 3445; x_wconf 83' lang='lat' dir='ltr'>seria</span> <span class='ocrx_word' id='word_1_229' title='bbox 976 3392 1063 3445; x_wconf 81' lang='lat' dir='ltr'>sexta</span> <span class='ocrx_word' id='word_1_230' title='bbox 1079 3387 1223 3471; x_wconf 76' lang='lat' dir='ltr'>proxima</span> <span class='ocrx_word' id='word_1_231' title='bbox 1239 3390 1309 3443; x_wconf 89' lang='lat' dir='ltr'>ante</span> <span class='ocrx_word' id='word_1_232' title='bbox 1328 3384 1442 3443; x_wconf 86' lang='lat' dir='ltr'>festum</span> 
     </span>
     <span class='ocr_line' id='line_1_28' title="bbox 169 3486 1441 3567; baseline 0 -18"><span class='ocrx_word' id='word_1_233' title='bbox 169 3486 420 3566; x_wconf 88' lang='lat' dir='ltr'>Epiphaniarum</span> <span class='ocrx_word' id='word_1_234' title='bbox 443 3489 570 3561; x_wconf 90' lang='lat' dir='ltr'>domini,</span> <span class='ocrx_word' id='word_1_235' title='bbox 594 3491 670 3548; x_wconf 93' lang='lat' dir='ltr'>hora</span> <span class='ocrx_word' id='word_1_236' title='bbox 694 3491 755 3550; x_wconf 89' lang='lat' dir='ltr'>diei</span> <span class='ocrx_word' id='word_1_237' title='bbox 779 3499 863 3550; x_wconf 88' lang='lat' dir='ltr'>sexta</span> <span class='ocrx_word' id='word_1_238' title='bbox 887 3493 940 3552; x_wconf 94' lang='lat' dir='ltr'>vel</span> <span class='ocrx_word' id='word_1_239' title='bbox 963 3495 1059 3567; x_wconf 91' lang='lat' dir='ltr'>quasi.</span> <span class='ocrx_word' id='word_1_240' title='bbox 1083 3495 1148 3567; x_wconf 87' lang='lat' dir='ltr'>Ego</span> <span class='ocrx_word' id='word_1_241' title='bbox 1171 3493 1332 3566; x_wconf 87' lang='lat' dir='ltr'>Georgius,</span> <span class='ocrx_word' id='word_1_242' title='bbox 1356 3492 1441 3550; x_wconf 91' lang='lat' dir='ltr'>filius</span> 
     </span>
     <span class='ocr_line' id='line_1_29' title="bbox 169 3595 1438 3672; baseline 0 -16"><span class='ocrx_word' id='word_1_243' title='bbox 169 3595 308 3656; x_wconf 88' lang='lat' dir='ltr'>condam</span> <span class='ocrx_word' id='word_1_244' title='bbox 343 3595 472 3666; x_wconf 89' lang='lat' dir='ltr'>Nicolai,</span> <span class='ocrx_word' id='word_1_245' title='bbox 496 3595 570 3655; x_wconf 90' lang='lat' dir='ltr'>dicti</span> <span class='ocrx_word' id='word_1_246' title='bbox 604 3596 687 3654; x_wconf 88' lang='lat' dir='ltr'>Baxa</span> <span class='ocrx_word' id='word_1_247' title='bbox 710 3597 749 3655; x_wconf 91' lang='lat' dir='ltr'>de</span> <span class='ocrx_word' id='word_1_248' title='bbox 773 3599 926 3672; x_wconf 89' lang='lat' dir='ltr'>Prybych‚</span> <span class='ocrx_word' id='word_1_249' title='bbox 950 3600 1066 3658; x_wconf 91' lang='lat' dir='ltr'>nobilis</span> <span class='ocrx_word' id='word_1_250' title='bbox 1090 3600 1129 3658; x_wconf 91' lang='lat' dir='ltr'>de</span> <span class='ocrx_word' id='word_1_251' title='bbox 1151 3599 1260 3658; x_wconf 90' lang='lat' dir='ltr'>eadem</span> <span class='ocrx_word' id='word_1_252' title='bbox 1283 3598 1438 3672; x_wconf 85' lang='lat' dir='ltr'>Prybych,</span> 
     </span>
     <span class='ocr_line' id='line_1_30' title="bbox 169 3702 1438 3782; baseline 0.002 -20"><span class='ocrx_word' id='word_1_253' title='bbox 169 3702 313 3776; x_wconf 85' lang='lat' dir='ltr'>civisque</span> <span class='ocrx_word' id='word_1_254' title='bbox 330 3702 463 3761; x_wconf 91' lang='lat' dir='ltr'>civitatis</span> <span class='ocrx_word' id='word_1_255' title='bbox 479 3705 593 3762; x_wconf 90' lang='lat' dir='ltr'>montis</span> <span class='ocrx_word' id='word_1_256' title='bbox 616 3703 778 3763; x_wconf 89' lang='lat' dir='ltr'>Grecensis</span> <span class='ocrx_word' id='word_1_257' title='bbox 800 3705 839 3764; x_wconf 93' lang='lat' dir='ltr'>de</span> <span class='ocrx_word' id='word_1_258' title='bbox 860 3704 947 3782; x_wconf 85' lang='lat' dir='ltr'>juxta</span> <span class='ocrx_word' id='word_1_259' title='bbox 962 3707 1157 3780; x_wconf 85' lang='lat' dir='ltr'>Zagrabiam,</span> <span class='ocrx_word' id='word_1_260' title='bbox 1181 3708 1212 3765; x_wconf 91' lang='lat' dir='ltr'>in</span> <span class='ocrx_word' id='word_1_261' title='bbox 1234 3705 1329 3764; x_wconf 91' lang='lat' dir='ltr'>domo</span> <span class='ocrx_word' id='word_1_262' title='bbox 1351 3705 1438 3764; x_wconf 88' lang='lat' dir='ltr'>habi·</span> 
     </span>
     <span class='ocr_line' id='line_1_31' title="bbox 169 3807 1440 3885; baseline 0.002 -18"><span class='ocrx_word' id='word_1_263' title='bbox 169 3808 303 3867; x_wconf 86' lang='lat' dir='ltr'>tacionis</span> <span class='ocrx_word' id='word_1_264' title='bbox 319 3823 388 3867; x_wconf 87' lang='lat' dir='ltr'>mee</span> <span class='ocrx_word' id='word_1_265' title='bbox 402 3807 488 3867; x_wconf 93' lang='lat' dir='ltr'>civili</span> <span class='ocrx_word' id='word_1_266' title='bbox 503 3809 535 3867; x_wconf 94' lang='lat' dir='ltr'>in</span> <span class='ocrx_word' id='word_1_267' title='bbox 550 3808 659 3868; x_wconf 92' lang='lat' dir='ltr'>eadem</span> <span class='ocrx_word' id='word_1_268' title='bbox 675 3811 799 3869; x_wconf 91' lang='lat' dir='ltr'>civitate</span> <span class='ocrx_word' id='word_1_269' title='bbox 815 3812 929 3870; x_wconf 92' lang='lat' dir='ltr'>montis</span> <span class='ocrx_word' id='word_1_270' title='bbox 945 3812 1108 3871; x_wconf 90' lang='lat' dir='ltr'>Grecensis</span> <span class='ocrx_word' id='word_1_271' title='bbox 1140 3812 1255 3883; x_wconf 90' lang='lat' dir='ltr'>habita,</span> <span class='ocrx_word' id='word_1_272' title='bbox 1268 3812 1440 3885; x_wconf 86' lang='lat' dir='ltr'>egritudine</span> 
     </span>
     <span class='ocr_line' id='line_1_32' title="bbox 171 3913 1439 3993; baseline 0 -18"><span class='ocrx_word' id='word_1_273' title='bbox 171 3913 315 3989; x_wconf 85' lang='lat' dir='ltr'>corporis</span> <span class='ocrx_word' id='word_1_274' title='bbox 338 3930 420 3972; x_wconf 92' lang='lat' dir='ltr'>nunc</span> <span class='ocrx_word' id='word_1_275' title='bbox 436 3920 603 3989; x_wconf 87' lang='lat' dir='ltr'>preventus</span> <span class='ocrx_word' id='word_1_276' title='bbox 626 3933 665 3974; x_wconf 87' lang='lat' dir='ltr'>ex</span> <span class='ocrx_word' id='word_1_277' title='bbox 688 3916 848 3976; x_wconf 89' lang='lat' dir='ltr'>voluntate</span> <span class='ocrx_word' id='word_1_278' title='bbox 869 3917 983 3990; x_wconf 90' lang='lat' dir='ltr'>divina,</span> <span class='ocrx_word' id='word_1_279' title='bbox 1007 3935 1078 3992; x_wconf 87' lang='lat' dir='ltr'>eger</span> <span class='ocrx_word' id='word_1_280' title='bbox 1095 3920 1167 3978; x_wconf 88' lang='lat' dir='ltr'>licet</span> <span class='ocrx_word' id='word_1_281' title='bbox 1186 3934 1325 3993; x_wconf 90' lang='lat' dir='ltr'>corpore,</span> <span class='ocrx_word' id='word_1_282' title='bbox 1348 3933 1439 3975; x_wconf 92' lang='lat' dir='ltr'>sanus</span> 
     </span>
     <span class='ocr_line' id='line_1_33' title="bbox 172 4023 1436 4098; baseline 0.001 -19"><span class='ocrx_word' id='word_1_283' title='bbox 172 4026 278 4079; x_wconf 88' lang='lat' dir='ltr'>tamen</span> <span class='ocrx_word' id='word_1_284' title='bbox 301 4027 412 4092; x_wconf 87' lang='lat' dir='ltr'>mente,</span> <span class='ocrx_word' id='word_1_285' title='bbox 436 4037 577 4095; x_wconf 91' lang='lat' dir='ltr'>puraque</span> <span class='ocrx_word' id='word_1_286' title='bbox 600 4023 735 4096; x_wconf 87' lang='lat' dir='ltr'>loquela,</span> <span class='ocrx_word' id='word_1_287' title='bbox 758 4025 943 4098; x_wconf 91' lang='lat' dir='ltr'>racioneque</span> <span class='ocrx_word' id='word_1_288' title='bbox 963 4027 1044 4084; x_wconf 90' lang='lat' dir='ltr'>bona</span> <span class='ocrx_word' id='word_1_289' title='bbox 1067 4027 1208 4097; x_wconf 84' lang='lat' dir='ltr'>existens,</span> <span class='ocrx_word' id='word_1_290' title='bbox 1229 4024 1267 4083; x_wconf 94' lang='lat' dir='ltr'>de</span> <span class='ocrx_word' id='word_1_291' title='bbox 1290 4024 1436 4082; x_wconf 88' lang='lat' dir='ltr'>omnibus</span> 
     </span>
    </p>
   </div>
   <div class='ocr_carea' id='block_1_7' title="bbox 170 4128 1438 4618">
    <p class='ocr_par' dir='ltr' id='par_1_7' title="bbox 170 4128 1438 4618">
     <span class='ocr_line' id='line_1_34' title="bbox 170 4128 1435 4207; baseline -0.001 -20"><span class='ocrx_word' id='word_1_292' title='bbox 170 4128 420 4203; x_wconf 87' lang='lat' dir='ltr'>possessionibus</span> <span class='ocrx_word' id='word_1_293' title='bbox 432 4129 510 4187; x_wconf 92' lang='lat' dir='ltr'>meis</span> <span class='ocrx_word' id='word_1_294' title='bbox 521 4130 681 4189; x_wconf 89' lang='lat' dir='ltr'>nobilibus</span> <span class='ocrx_word' id='word_1_295' title='bbox 693 4136 723 4189; x_wconf 92' lang='lat' dir='ltr'>et</span> <span class='ocrx_word' id='word_1_296' title='bbox 734 4132 881 4190; x_wconf 91' lang='lat' dir='ltr'>civilibus</span> <span class='ocrx_word' id='word_1_297' title='bbox 896 4133 928 4191; x_wconf 94' lang='lat' dir='ltr'>in</span> <span class='ocrx_word' id='word_1_298' title='bbox 943 4133 1091 4207; x_wconf 88' lang='lat' dir='ltr'>predictis</span> <span class='ocrx_word' id='word_1_299' title='bbox 1108 4132 1252 4205; x_wconf 90' lang='lat' dir='ltr'>Prybych</span> <span class='ocrx_word' id='word_1_300' title='bbox 1266 4135 1296 4188; x_wconf 90' lang='lat' dir='ltr'>et</span> <span class='ocrx_word' id='word_1_301' title='bbox 1311 4131 1435 4188; x_wconf 89' lang='lat' dir='ltr'>civitate</span> 
     </span>
     <span class='ocr_line' id='line_1_35' title="bbox 172 4233 1438 4312; baseline -0.001 -19"><span class='ocrx_word' id='word_1_302' title='bbox 172 4234 289 4295; x_wconf 88' lang='lat' dir='ltr'>montis</span> <span class='ocrx_word' id='word_1_303' title='bbox 305 4233 466 4293; x_wconf 90' lang='lat' dir='ltr'>Grecensis</span> <span class='ocrx_word' id='word_1_304' title='bbox 483 4251 538 4294; x_wconf 92' lang='lat' dir='ltr'>seu</span> <span class='ocrx_word' id='word_1_305' title='bbox 553 4252 661 4295; x_wconf 89' lang='lat' dir='ltr'>earum</span> <span class='ocrx_word' id='word_1_306' title='bbox 674 4238 869 4312; x_wconf 90' lang='lat' dir='ltr'>pertinenciis</span> <span class='ocrx_word' id='word_1_307' title='bbox 886 4246 916 4297; x_wconf 91' lang='lat' dir='ltr'>et</span> <span class='ocrx_word' id='word_1_308' title='bbox 932 4241 1095 4299; x_wconf 90' lang='lat' dir='ltr'>territoriis</span> <span class='ocrx_word' id='word_1_309' title='bbox 1118 4239 1232 4297; x_wconf 87' lang='lat' dir='ltr'>habitis</span> <span class='ocrx_word' id='word_1_310' title='bbox 1253 4243 1284 4295; x_wconf 90' lang='lat' dir='ltr'>et</span> <span class='ocrx_word' id='word_1_311' title='bbox 1307 4236 1438 4294; x_wconf 88' lang='lat' dir='ltr'>existen·</span> 
     </span>
     <span class='ocr_line' id='line_1_36' title="bbox 171 4340 1438 4420; baseline -0.001 -21"><span class='ocrx_word' id='word_1_312' title='bbox 171 4342 257 4400; x_wconf 86' lang='lat' dir='ltr'>tibus</span> <span class='ocrx_word' id='word_1_313' title='bbox 273 4357 324 4401; x_wconf 89' lang='lat' dir='ltr'>me</span> <span class='ocrx_word' id='word_1_314' title='bbox 347 4340 477 4418; x_wconf 88' lang='lat' dir='ltr'>juridice</span> <span class='ocrx_word' id='word_1_315' title='bbox 498 4349 529 4402; x_wconf 91' lang='lat' dir='ltr'>et</span> <span class='ocrx_word' id='word_1_316' title='bbox 551 4345 734 4404; x_wconf 91' lang='lat' dir='ltr'>litteratorie</span> <span class='ocrx_word' id='word_1_317' title='bbox 750 4361 803 4403; x_wconf 90' lang='lat' dir='ltr'>seu</span> <span class='ocrx_word' id='word_1_318' title='bbox 820 4348 1058 4420; x_wconf 88' lang='lat' dir='ltr'>quomodolibet</span> <span class='ocrx_word' id='word_1_319' title='bbox 1073 4348 1165 4406; x_wconf 91' lang='lat' dir='ltr'>aliter</span> <span class='ocrx_word' id='word_1_320' title='bbox 1175 4347 1233 4405; x_wconf 90' lang='lat' dir='ltr'>rite</span> <span class='ocrx_word' id='word_1_321' title='bbox 1246 4351 1275 4402; x_wconf 91' lang='lat' dir='ltr'>et</span> <span class='ocrx_word' id='word_1_322' title='bbox 1287 4341 1438 4415; x_wconf 86' lang='lat' dir='ltr'>legittime</span> 
     </span>
     <span class='ocr_line' id='line_1_37' title="bbox 171 4448 1437 4525; baseline -0.001 -19"><span class='ocrx_word' id='word_1_323' title='bbox 171 4448 434 4521; x_wconf 89' lang='lat' dir='ltr'>concernentibus,</span> <span class='ocrx_word' id='word_1_324' title='bbox 459 4466 494 4508; x_wconf 90' lang='lat' dir='ltr'>ac</span> <span class='ocrx_word' id='word_1_325' title='bbox 518 4451 587 4509; x_wconf 92' lang='lat' dir='ltr'>aliis</span> <span class='ocrx_word' id='word_1_326' title='bbox 611 4452 772 4525; x_wconf 89' lang='lat' dir='ltr'>quibusvis</span> <span class='ocrx_word' id='word_1_327' title='bbox 795 4454 889 4511; x_wconf 89' lang='lat' dir='ltr'>rebus</span> <span class='ocrx_word' id='word_1_328' title='bbox 913 4461 943 4512; x_wconf 91' lang='lat' dir='ltr'>et</span> <span class='ocrx_word' id='word_1_329' title='bbox 966 4455 1056 4513; x_wconf 93' lang='lat' dir='ltr'>bonis</span> <span class='ocrx_word' id='word_1_330' title='bbox 1085 4454 1163 4511; x_wconf 91' lang='lat' dir='ltr'>meis</span> <span class='ocrx_word' id='word_1_331' title='bbox 1196 4450 1368 4509; x_wconf 91' lang='lat' dir='ltr'>mobilibus</span> <span class='ocrx_word' id='word_1_332' title='bbox 1392 4448 1437 4505; x_wconf 89' lang='lat' dir='ltr'>vi·</span> 
     </span>
     <span class='ocr_line' id='line_1_38' title="bbox 171 4553 1437 4618; baseline -0.002 -6"><span class='ocrx_word' id='word_1_333' title='bbox 171 4553 283 4613; x_wconf 89' lang='lat' dir='ltr'>delicet</span> <span class='ocrx_word' id='word_1_334' title='bbox 305 4560 336 4612; x_wconf 90' lang='lat' dir='ltr'>et</span> <span class='ocrx_word' id='word_1_335' title='bbox 358 4555 577 4615; x_wconf 91' lang='lat' dir='ltr'>immobilibus</span> <span class='ocrx_word' id='word_1_336' title='bbox 610 4557 706 4616; x_wconf 90' lang='lat' dir='ltr'>michi</span> <span class='ocrx_word' id='word_1_337' title='bbox 738 4572 756 4615; x_wconf 97' lang='lat' dir='ltr'>a</span> <span class='ocrx_word' id='word_1_338' title='bbox 792 4559 850 4617; x_wconf 94' lang='lat' dir='ltr'>deo</span> <span class='ocrx_word' id='word_1_339' title='bbox 885 4561 1035 4618; x_wconf 91' lang='lat' dir='ltr'>concessis</span> <span class='ocrx_word' id='word_1_340' title='bbox 1059 4560 1121 4617; x_wconf 88' lang='lat' dir='ltr'>tale</span> <span class='ocrx_word' id='word_1_341' title='bbox 1144 4574 1250 4616; x_wconf 91' lang='lat' dir='ltr'>meum</span> <span class='ocrx_word' id='word_1_342' title='bbox 1273 4569 1383 4614; x_wconf 92' lang='lat' dir='ltr'>verum</span> <span class='ocrx_word' id='word_1_343' title='bbox 1407 4559 1437 4610; x_wconf 90' lang='lat' dir='ltr'>et</span> 
     </span>
    </p>
   </div>
   <div class='ocr_carea' id='block_1_8' title="bbox 169 4661 1437 4955">
    <p class='ocr_par' dir='ltr' id='par_1_8' title="bbox 169 4661 1437 4955">
     <span class='ocr_line' id='line_1_39' title="bbox 169 4661 1437 4738; baseline -0.001 -20"><span class='ocrx_word' id='word_1_344' title='bbox 169 4661 318 4719; x_wconf 87' lang='lat' dir='ltr'>ultimum</span> <span class='ocrx_word' id='word_1_345' title='bbox 340 4676 376 4719; x_wconf 97' lang='lat' dir='ltr'>ac</span> <span class='ocrx_word' id='word_1_346' title='bbox 398 4661 582 4721; x_wconf 89' lang='lat' dir='ltr'>inviolabile</span> <span class='ocrx_word' id='word_1_347' title='bbox 605 4663 685 4722; x_wconf 85' lang='lat' dir='ltr'>facio</span> <span class='ocrx_word' id='word_1_348' title='bbox 708 4671 738 4722; x_wconf 92' lang='lat' dir='ltr'>et</span> <span class='ocrx_word' id='word_1_349' title='bbox 761 4665 861 4724; x_wconf 90' lang='lat' dir='ltr'>condo</span> <span class='ocrx_word' id='word_1_350' title='bbox 887 4672 1113 4725; x_wconf 78' lang='lat' dir='ltr'>testamentum.</span> <span class='ocrx_word' id='word_1_351' title='bbox 1144 4667 1220 4724; x_wconf 89' lang='lat' dir='ltr'>Item</span> <span class='ocrx_word' id='word_1_352' title='bbox 1244 4663 1357 4738; x_wconf 90' lang='lat' dir='ltr'>prim0‚</span> <span class='ocrx_word' id='word_1_353' title='bbox 1390 4674 1437 4718; x_wconf 90' lang='lat' dir='ltr'>re·</span> 
     </span>
     <span class='ocr_line' id='line_1_40' title="bbox 170 4766 1436 4849; baseline -0.002 -22"><span class='ocrx_word' id='word_1_354' title='bbox 170 4766 355 4827; x_wconf 87' lang='lat' dir='ltr'>commendo</span> <span class='ocrx_word' id='word_1_355' title='bbox 378 4783 493 4843; x_wconf 89' lang='lat' dir='ltr'>corpus</span> <span class='ocrx_word' id='word_1_356' title='bbox 516 4776 546 4827; x_wconf 92' lang='lat' dir='ltr'>et</span> <span class='ocrx_word' id='word_1_357' title='bbox 568 4769 705 4828; x_wconf 90' lang='lat' dir='ltr'>animam</span> <span class='ocrx_word' id='word_1_358' title='bbox 729 4787 832 4828; x_wconf 90' lang='lat' dir='ltr'>meam</span> <span class='ocrx_word' id='word_1_359' title='bbox 863 4772 922 4831; x_wconf 93' lang='lat' dir='ltr'>deo</span> <span class='ocrx_word' id='word_1_360' title='bbox 953 4772 1159 4847; x_wconf 90' lang='lat' dir='ltr'>omnipotenti</span> <span class='ocrx_word' id='word_1_361' title='bbox 1180 4771 1293 4849; x_wconf 82' lang='lat' dir='ltr'>jugiter</span> <span class='ocrx_word' id='word_1_362' title='bbox 1324 4768 1436 4842; x_wconf 87' lang='lat' dir='ltr'>guber-</span> 
     </span>
     <span class='ocr_line' id='line_1_41' title="bbox 169 4870 1434 4955; baseline 0.002 -23"><span class='ocrx_word' id='word_1_363' title='bbox 169 4871 313 4934; x_wconf 87' lang='lat' dir='ltr'>nandam.</span> <span class='ocrx_word' id='word_1_364' title='bbox 336 4870 425 4949; x_wconf 87' lang='lat' dir='ltr'>Item,</span> <span class='ocrx_word' id='word_1_365' title='bbox 448 4877 657 4950; x_wconf 91' lang='lat' dir='ltr'>possessiones</span> <span class='ocrx_word' id='word_1_366' title='bbox 680 4892 765 4937; x_wconf 89' lang='lat' dir='ltr'>meas</span> <span class='ocrx_word' id='word_1_367' title='bbox 787 4879 908 4938; x_wconf 86' lang='lat' dir='ltr'>nobiles</span> <span class='ocrx_word' id='word_1_368' title='bbox 930 4879 961 4938; x_wconf 92' lang='lat' dir='ltr'>in</span> <span class='ocrx_word' id='word_1_369' title='bbox 984 4878 1125 4955; x_wconf 90' lang='lat' dir='ltr'>predicta</span> <span class='ocrx_word' id='word_1_370' title='bbox 1140 4879 1286 4954; x_wconf 87' lang='lat' dir='ltr'>Prybych</span> <span class='ocrx_word' id='word_1_371' title='bbox 1301 4876 1434 4951; x_wconf 89' lang='lat' dir='ltr'>habitas,</span> 
     </span>
    </p>
   </div>
   <div class='ocr_carea' id='block_1_9' title="bbox 0 0 1644 5348">
    <p class='ocr_par' dir='ltr' id='par_1_9' title="bbox 0 0 1644 5348">
     <span class='ocr_line' id='line_1_42' title="bbox 0 0 1644 5348; baseline 0 0"><span class='ocrx_word' id='word_1_372' title='bbox 0 0 1644 5348; x_wconf 95' lang='lat' dir='ltr'> </span> 
     </span>
    </p>
   </div>
  </div>
 </body>
</html>
