3278 5348
618 441 691 499 Doc.
715 454 766 518 40.
788 474 832 483 -
855 440 911 498 An.
935 450 1026 518 1425.

1045 545 1446 552 ——-—-——-—-—.-—

286 660 364 717 Item
388 659 499 732 primo,
523 657 632 715 eadem
656 657 863 715 communitas
887 656 1021 714 civitatis
1052 655 1197 712 videlicet
1228 655 1343 712 montis
1375 653 1450 712 Gre-

182 765 281 824 censis
304 763 343 823 de
366 762 453 839 juxta
476 762 661 836 Zagrabiam
685 764 800 834 statuit,
823 767 857 819 ut
880 762 1013 836 quilibet
1036 760 1238 819 stacionarius
1261 775 1317 818 seu
1339 766 1445 835 apote-

182 872 282 930 carius
305 884 395 927 veras
417 875 447 927 et
470 866 566 945 justas
590 883 752 927 mensuras
774 884 810 926 ac
832 869 937 926 lances
958 884 1014 926 nec
1043 882 1105 926 non
1135 867 1226 925 ulnas
1257 872 1323 925 tam
1354 868 1448 942 panni

182 992 277 1050 quam
300 976 361 1034 tele
387 981 490 1034 tenere
514 982 544 1032 et
566 990 691 1032 servare
714 981 863 1048 teneatur,
886 980 916 1033 et
939 975 965 1033 si
996 990 1032 1033 ea
1066 972 1255 1043 falsificaret,
1291 989 1342 1031 res
1373 987 1450 1047 quas

183 1083 289 1140 vendit
312 1081 563 1139 mercimoniales
586 1096 644 1153 pro
668 1096 795 1139 excessu
817 1080 998 1139 huiusmodi
1021 1080 1152 1154 perdere
1167 1078 1288 1137 debeat
1311 1079 1350 1136 Et
1365 1077 1451 1153 quod

182 1205 238 1246 nec
261 1203 399 1262 pannum
423 1201 494 1244 cum
517 1187 591 1244 ulna
614 1186 684 1259 tete,
708 1204 764 1246 nec
796 1188 890 1245 telam
922 1202 994 1244 cum
1028 1186 1103 1245 ulna
1140 1185 1234 1260 panni
1270 1200 1450 1243 mensurare

183 1300 350 1369 presumat,
375 1294 454 1351 etsi
477 1293 515 1350 de
538 1294 597 1350 hoc
621 1293 791 1365 excederet,
817 1308 956 1367 pannum
979 1298 1010 1350 et
1033 1292 1128 1350 telam
1151 1291 1306 1351 ammitat.

289 1402 374 1469 Item,
398 1414 492 1474 super
515 1415 575 1457 una
600 1399 686 1456 sunta
710 1415 764 1457 seu
788 1399 904 1457 talento
927 1399 997 1470 olei,
1021 1413 1081 1457 non
1105 1399 1177 1472 pius
1199 1398 1259 1456 nisi
1287 1397 1368 1456 duos
1398 1397 1451 1455 de·

183 1508 285 1565 narios
319 1520 377 1580 pro
414 1511 556 1580 tempore
589 1511 746 1563 currentes
780 1507 896 1564 lucrari
923 1506 1029 1581 possit,
1055 1506 1114 1563 sub
1145 1503 1346 1562 ammissione
1372 1505 1451 1562 eius·

184 1612 256 1669 dem
280 1612 352 1670 olei.

289 1718 375 1787 Item,
399 1716 540 1791 pistrices
564 1732 681 1791 panum
705 1733 799 1792 super
815 1733 912 1775 unum
928 1717 1079 1776 eubulum
1096 1716 1253 1787 frumenti,
1270 1730 1330 1775 non
1348 1715 1448 1789 magis

184 1824 242 1882 nisi
276 1823 480 1897 quadraginta
511 1822 662 1894 denarios,
686 1822 821 1881 turtures
854 1822 1048 1893 includendo,
1083 1823 1198 1880 lucrari
1233 1822 1368 1881 valeant.
1406 1821 1449 1879 Ita

185 1928 269 2002 quod
282 1929 422 2002 quelibet
435 1927 614 1986 earumdem
628 1928 783 1986 fornacem
801 1931 926 2002 habens,
942 1930 1096 2006 precellos
1108 1929 1222 2002 pistare
1238 1934 1268 1985 et
1284 1927 1449 1986 duodecim

185 2035 338 2109 precellos
361 2050 418 2109 pro
440 2050 501 2092 uno
526 2050 656 2092 nummo
679 2050 733 2091 seu
757 2034 883 2093 denario
907 2035 981 2093 dare
1004 2040 1152 2105 teneatur,
1183 2050 1244 2108 que
1267 2034 1293 2092 si
1316 2049 1378 2092 non
1402 2033 1448 2108 pi-

184 2142 321 2212 staverit,
345 2145 416 2198 tunc
439 2141 579 2215 quelibet
604 2141 714 2198 talium
736 2142 767 2198 in
791 2140 856 2197 LX.
881 2140 1013 2198 denariis
1037 2142 1244 2198 convincetur.

290 2247 376 2319 Item,
400 2248 532 2320 quilibet
555 2255 641 2304 sutor
664 2263 759 2305 unum
785 2262 842 2320 par
865 2247 1050 2304 sotularium
1073 2247 1228 2304 maiorum
1252 2260 1310 2321 pro
1335 2261 1450 2303 merce·

184 2355 278 2412 nariis
302 2355 542 2411 necessariorum
567 2370 624 2428 pro
648 2354 755 2412 decem
779 2359 809 2411 et
842 2360 912 2411 octo
942 2353 1090 2422 denariis;
1124 2353 1227 2410 minus
1257 2358 1363 2409 autem
1395 2366 1451 2426 par

184 2461 369 2518 sotularium
391 2475 449 2533 pro
473 2460 707 2532 quatuordecim
743 2460 885 2530 denariis,
909 2474 970 2517 non
993 2460 1102 2531 carius,
1125 2457 1259 2516 vendere
1283 2463 1450 2532 presumat

289 2566 349 2623 Pro
373 2567 627 2624 circumsuicione
651 2584 726 2625 vero
749 2569 947 2641 antiquorum
972 2565 1149 2623 calceorum
1180 2579 1234 2621 seu
1265 2564 1451 2622 sotularium

183 2687 244 2730 nou
269 2673 341 2745 plus
365 2673 423 2729 nisi
447 2680 508 2729 tres
531 2672 674 2731 denarios
697 2675 835 2747 recipere
859 2672 978 2729 debeat.

291 2779 351 2837 Ubi
386 2793 461 2836 vero
497 2787 583 2835 sutor
618 2794 698 2836 nova
730 2781 832 2853 capita
856 2784 886 2835 et
908 2777 1048 2835 subsolia
1072 2791 1126 2833 sua
1151 2777 1279 2851 propria
1303 2776 1357 2834 uni
1382 2791 1452 2834 con·

182 2891 292 2956 sueret,
328 2885 563 2958 quatuordecim
598 2887 741 2945 denarios
775 2886 904 2957 recipiat
938 2886 997 2942 sub
1032 2883 1231 2940 ammissione
1264 2882 1454 2940 sotularium

184 2991 404 3064 predictorum.

294 3099 378 3170 Item,
403 3100 579 3172 piscatores,
604 3099 703 3171 pisces
727 3098 840 3156 crudos
863 3099 894 3155 in
917 3113 1009 3155 curru
1041 3096 1228 3154 adducentes
1251 3097 1283 3154 in
1306 3096 1455 3155 domibus

183 3201 339 3276 deponere
362 3219 422 3262 non
447 3209 672 3277 presummant‚
696 3205 754 3261 nisi
778 3206 809 3262 in
826 3203 894 3261 foro
909 3203 1019 3261 stando
1036 3220 1133 3277 usque
1151 3203 1288 3262 triduum
1306 3204 1452 3263 vendant.

184 3309 245 3381 Qui
269 3325 344 3366 vero
368 3311 398 3367 in
423 3309 559 3383 pondere
582 3317 750 3383 portarent,
776 3312 852 3369 tales
876 3326 973 3383 usque
997 3311 1124 3383 pulsum
1157 3325 1267 3383 magne
1299 3326 1452 3385 campane

185 3417 215 3472 iu
239 3415 493 3487 Quadragesima,
517 3417 586 3472 aliis
610 3423 713 3473 autem
738 3417 931 3489 temporibus
963 3417 1043 3474 inira
1073 3416 1248 3486 meridiem,
1274 3416 1451 3476 vendicioni

187 3537 341 3593 exponere
365 3527 531 3577 tencantur.

294 3627 391 3683 Pisces
416 3635 528 3695 autem,
553 3628 606 3697 qui
631 3630 833 3685 remanserint
858 3630 939 3685 ultra
963 3635 1086 3703 tempus
1119 3629 1305 3703 predictum,
1337 3631 1455 3688 talibus

186 3732 322 3803 piscibus
346 3731 478 3788 decanus
501 3730 675 3805 juratorum
700 3749 756 3806 per
781 3750 944 3805 preconem
976 3737 1208 3795 communitatis
1241 3736 1355 3795 caudas
1390 3752 1455 3794 am·

186 3839 288 3909 putari
313 3837 413 3894 facere
437 3845 582 3894 teneatur.

292 3944 376 4012 Item,
401 3942 577 4001 venditores
601 3959 790 4015 cancrorum,
815 3946 852 4002 de
877 3948 994 4004 cancris
1018 3949 1191 4005 maioribus
1215 3947 1390 4021 duodecim,
1416 3949 1455 4008 de

188 4049 362 4106 minoribus
386 4065 461 4107 vero
485 4050 609 4107 XXIIII.
635 4066 691 4123 pro
716 4066 776 4108 uno
803 4051 929 4109 denario
953 4053 1026 4110 dare
1050 4060 1212 4112 teneantur
1235 4061 1265 4112 et
1287 4055 1379 4113 aliter
1411 4055 1455 4113 fa·

187 4155 300 4210 cientes
325 4156 449 4213 eosdem
474 4172 600 4214 cancros
624 4158 810 4214 ammittant.

291 4261 368 4318 Item
392 4264 559 4335 piscatores
583 4265 613 4320 in
638 4265 769 4333 civitate,
795 4265 962 4322 residentes
987 4266 1105 4323 exista
1129 4274 1218 4342 parte
1241 4267 1328 4326 ssuvii
1352 4268 1452 4341 Zawe,

186 4369 285 4440 pisces
309 4369 368 4425 sub
391 4371 588 4427 ammissione
614 4369 796 4426 eorumdem
829 4373 961 4444 piscium
994 4388 1097 4430 emere
1128 4388 1189 4430 non
1221 4382 1451 4446 presummant3

185 4473 238 4531 sed
262 4475 389 4548 ipsimet
420 4490 554 4548 quorum
585 4482 664 4546 sunt,
695 4476 820 4534 eosdem
852 4479 1008 4551 inportent
1044 4484 1074 4535 et
1096 4480 1255 4553 inportare
1279 4486 1450 4540 teneantur.

291 4580 377 4652 Item,
402 4583 556 4654 penestice
579 4597 677 4654 usque
701 4582 863 4640 meridiem
886 4584 989 4641 nullas
1020 4600 1070 4642 res
1105 4600 1275 4660 conparare
1307 4585 1450 4660 debeant,

186 4687 236 4756 ita,
261 4686 344 4758 quod
368 4689 456 4760 prius
481 4688 564 4744 cives
587 4703 643 4761 per
665 4703 697 4745 se
720 4689 772 4745 vei
796 4705 904 4747 eorum
930 4691 1071 4749 homines
1094 4692 1227 4752 debeant
1250 4692 1389 4752 forizare.
1417 4691 1452 4752 Si

186 4800 288 4850 autem
311 4795 417 4868 aliqua
441 4810 549 4852 earum
573 4795 725 4868 premissa
749 4797 1024 4869 transgrederetur,
1050 4799 1121 4857 talis
1145 4800 1299 4873 penestica
1329 4812 1364 4858 re
1394 4815 1450 4875 per

186 4914 254 4956 eam
278 4908 382 4974 empta
407 4919 463 4976 per
488 4899 606 4977 juratos
631 4902 782 4974 privetur.
