3278 5348
564 414 636 474 Doc,
659 424 724 470 111.
747 426 814 480 112,
838 446 878 455 -
901 412 958 470 An.
983 408 1073 490 1438.

206 514 316 524 ·----.
321 518 386 525 -.---
393 518 558 526 -..η-...-

801 622 868 690 111.

296 767 379 816 Anno
401 767 476 830 1438,
498 780 537 833 15.
554 767 673 831 januarii.
694 752 809 818 Casinas

201 892 362 969 Capitulum
384 897 527 956 lasmensc
548 896 723 955 Maliacum
750 897 881 955 Talouac
903 897 1008 954 barrum
1039 897 1186 954 certiorem
1217 894 1312 952 reddit
1339 890 1458 966 inquisi-

192 1003 263 1059 tione
285 1020 345 1060 esse
366 1010 510 1077 repertum
540 1007 665 1060 omnium
695 1000 884 1081 r'nJ'uriarum,
914 1003 1022 1060 ciuibus
1044 1002 1276 1076 zugrabr'ensibus
1299 1001 1459 1068 illatarum,

474 1110 589 1184 culpam
611 1111 751 1168 sustinere
781 1110 950 1167 Villrelmum
973 1111 1168 1168 castellanum.

294 1253 462 1327 Magnifico
493 1255 562 1315 viro
594 1254 722 1313 domino
751 1253 910 1314 Mathlroni
933 1253 971 1312 de
994 1254 1162 1312 Thallaucz
1184 1254 1273 1327 regni
1294 1252 1458 1313 Selauonie

183 1359 279 1432 bano,
302 1359 403 1419 amico
433 1361 574 1442 ipsorum
604 1361 795 1432 honorando,
819 1362 992 1435 capitulum
1013 1361 1140 1419 ecclesie
1170 1360 1360 1418 chasmensis
1382 1361 1459 1419 ami·

183 1466 300 1525 eiciam
324 1478 467 1542 paratam
487 1483 561 1526 curn
591 1469 718 1527 honore.
754 1467 885 1528 Litteras
919 1473 1038 1526 vestras
1068 1468 1277 1541 inquisitorias
1311 1482 1368 1540 per
1400 1481 1458 1525 vos

184 1572 280 1632 nobis
304 1573 513 1633 amicabiliter
536 1574 668 1633 directas
692 1575 810 1632 honore
834 1589 896 1648 quo
928 1575 1038 1646 decuit,
1068 1574 1191 1632 noverit
1219 1588 1276 1632 nos
1305 1573 1458 1646 recepisse

182 1679 217 1738 in
240 1680 298 1738 hec
321 1680 432 1738 uerba:
456 1673 531 1758 (vid.
554 1681 628 1739 Doc.
655 1695 724 1755 1⁰9·
753 1695 820 1739 110.
844 1696 891 1740 an.
919 1681 1009 1756 1348.
1035 1695 1082 1754 23.
1103 1673 1253 1758 januarii).
1271 1679 1333 1736 Nos
1353 1679 1458 1753 itaque

184 1787 299 1844 vestris
322 1786 541 1845 amicabilibus
564 1787 773 1861 peticionibus
796 1793 971 1858 annuentes,
995 1803 1056 1845 una
1079 1803 1150 1845 cum
1167 1785 1288 1860 prefato
1304 1785 1456 1857 Gregorio

185 1890 225 1950 de
250 1891 449 1965 Beryzloweh
473 1892 623 1967 predicta,
640 1893 764 1951 homine
788 1900 900 1964 vestro,
923 1900 1065 1951 nostrum
1080 1894 1239 1951 hominem
1255 1890 1455 1963 fidedignum,

186 1997 355 2057 discretum
378 2000 482 2057 virum
505 1998 698 2074 Stephanum
721 2001 929 2074 presbiterum
961 2009 989 2058 et
1021 2000 1262 2074 prebendarium
1293 1998 1379 2056 chori
1409 1998 1456 2072 ip·

187 2105 250 2162 sius
274 2105 403 2165 ecclesie
426 2112 530 2164 nostre
552 2107 591 2164 ad
615 2107 801 2180 premissam
826 2108 1061 2180 inquisicionem
1079 2105 1259 2176 faciendam,
1275 2111 1381 2163 nostro
1397 2119 1455 2176 pro

186 2210 365 2269 testimonio
388 2211 534 2271 duximus
558 2213 783 2272 destinandum.
807 2213 870 2286 Qui
893 2213 1016 2271 tandem
1040 2212 1151 2272 exinde
1173 2212 1213 2270 ad
1243 2226 1299 2271 nos
1330 2211 1455 2281 reversi,

186 2317 276 2375 nobis
301 2333 377 2376 voce
400 2334 533 2378 consona
556 2321 730 2379 retulerunt
755 2320 940 2379 istomodo:
965 2321 1048 2394 quod
1066 2320 1224 2395 predictus
1239 2320 1333 2377 homo
1354 2323 1456 2375 vester

186 2431 329 2496 presente
352 2424 436 2483 dicto
457 2433 564 2485 nostro
591 2427 775 2498 testimonio,
799 2425 877 2484 seria
898 2434 1008 2501 quarta
1033 2428 1176 2501 proxima
1193 2430 1264 2500 post
1279 2422 1454 2497 predictum

185 2534 332 2587 octavum
356 2530 439 2589 diem
463 2531 541 2591 festi
556 2533 803 2607 Epiphaniarum
826 2533 954 2604 domini,
977 2550 1058 2592 nunc
1081 2533 1229 2608 preteriti,
1252 2531 1292 2588 ab
1309 2529 1454 2587 omnibus

186 2635 314 2694 illarum
338 2639 480 2711 parcium
503 2640 690 2710 hominibus,
714 2655 732 2697 a
758 2640 873 2714 quibus
897 2640 1050 2699 decuisset
1072 2645 1102 2699 et
1125 2640 1269 2708 licuisset,
1293 2636 1400 2711 palam
1423 2640 1454 2693 et

186 2743 306 2801 occulte
337 2743 503 2817 diligenter
534 2746 574 2803 de
611 2747 771 2821 premissis
807 2748 1000 2821 inquirendo,
1024 2748 1128 2806 omnia
1150 2746 1301 2820 premissa
1324 2749 1354 2801 et
1377 2756 1453 2816 quo·

185 2850 306 2908 rumvis
331 2852 556 2924 premissorum
581 2853 702 2927 singula
725 2855 773 2911 sic
792 2860 822 2912 et
846 2854 956 2912 eodem
979 2854 1074 2911 modo
1104 2845 1184 2911 facta
1215 2858 1245 2911 et
1275 2856 1454 2926 perpetrata

186 2953 279 3014 tuisse
302 2964 332 3014 et
355 2973 422 3016 esse
444 2959 648 3032 rescivissent,
671 2965 764 3034 prout
798 2960 900 3018 eidem
935 2967 1038 3019 vestre
1071 2959 1304 3033 magnificencie
1334 2957 1453 3016 dictum

187 3062 335 3120 extitisset
369 3068 399 3121 et
432 3065 511 3122 sicut
546 3071 634 3123 tenor
669 3067 845 3125 litterarum
876 3073 1050 3125 vestrarum
1074 3068 1207 3124 continet
1231 3065 1451 3140 predictarum.

187 3166 302 3226 Datum
326 3171 421 3228 tercio
445 3170 495 3229 die
518 3170 580 3229 diei
602 3173 813 3246 inquisicionis
830 3177 1001 3247 prenotate.
1025 3176 1114 3231 Anno
1131 3172 1249 3230 domini
1264 3171 1451 3245 supradicto.

291 3305 329 3355 In.
350 3305 520 3370 Kukuljevid.
546 3307 633 3357 Arkiv
656 3324 685 3357 za
710 3309 873 3374 povjestnieu
895 3309 1104 3375 jugoslavenslru,
1130 3309 1183 3373 huj.
1203 3310 1255 3360 ΙΙΙ.
1275 3315 1318 3360 str.
1339 3321 1450 3373 91-94.

790 3517 854 3586 112.

290 3659 372 3709 Anno
392 3661 467 3723 1438,
488 3673 529 3721 31.
547 3662 665 3726 januarii.
686 3662 834 3725 Zagrabiac.

192 3769 348 3828 comitatus
377 3771 494 3845 zagrab.
530 3773 639 3830 actium
668 3791 688 3828 a
717 3772 825 3830 ciuibus
854 3774 971 3847 zagrab.
995 3775 1126 3833 instituta
1149 3776 1183 3834 de
1203 3777 1322 3851 injuriis
1343 3796 1363 3834 a
1395 3777 1451 3834 Vil-

186 3876 274 3934 helmo
296 3878 453 3937 castellano
468 3879 559 3936 castri
574 3878 702 3936 Mrdved
720 3887 820 3936 contra
836 3882 928 3938 uicum
959 3880 1095 3940 Gralani
1107 3890 1135 3940 ct
1148 3892 1318 3941 mercatores
1332 3885 1449 3957 zagrub.

179 3984 269 4056 sactis
298 3985 502 4059 quaestionem
533 4004 592 4043 esse
624 3987 715 4044 latam
738 3989 862 4058 nuntiat,
884 3989 1053 4063 cupiantque
1077 3991 1107 4047 in
1140 3990 1308 4048 Vilhelmum
1331 3992 1449 4066 confert.

289 4128 354 4186 Nos
378 4129 532 4199 Nicolaus,
557 4130 641 4189 filius
666 4131 810 4204 Gregorii
833 4132 871 4190 de
894 4132 1002 4207 Gepw,
1030 4150 1142 4205 comes,
1166 4151 1202 4193 ac
1224 4134 1339 4210 judices
1362 4136 1450 4193 nobi·

183 4234 260 4293 lium
284 4236 448 4295 comitatus
471 4238 684 4312 zagrabiensis.
708 4240 857 4298 Memorio
879 4242 1140 4314 commendamus,
1153 4243 1237 4316 quod
1252 4259 1322 4301 cum
1338 4259 1394 4302 nos
1410 4240 1449 4299 ad

184 4340 350 4400 instantem
384 4344 568 4416 peticionem
598 4344 718 4422 judicis,
741 4345 916 4422 juratorum
947 4355 977 4407 et
1000 4351 1097 4408 tocius
1120 4349 1350 4407 communitatis
1374 4350 1449 4410 civi·

184 4448 255 4505 tatis
279 4448 393 4506 montis
430 4448 592 4510 Grecensis
626 4451 665 4511 de
698 4453 784 4512 iuxta
819 4452 1011 4526 Zagrabiam.
1036 4456 1189 4514 Thomam
1213 4454 1386 4513 litteratum
1409 4456 1448 4516 de

186 4551 402 4626 Domagouich
426 4572 461 4614 ac
484 4556 665 4631 Georgium,
688 4559 791 4618 filium
815 4561 954 4619 Matheus
978 4560 1016 4620 de
1039 4561 1236 4635 Sythomeria
1259 4566 1289 4619 et
1313 4561 1447 4635 Petrum,

185 4656 287 4717 filium
310 4659 460 4744 Johannis
483 4663 522 4721 de
544 4662 666 4737 Sythar,
690 4671 753 4725 tres
775 4683 814 4725 ex
836 4666 927 4725 nobis
951 4667 1068 4725 scilicet
1090 4664 1207 4742 judices
1229 4667 1384 4727 nobilium
1407 4669 1447 4727 ad

182 4763 412 4841 infrascriptam
435 4769 670 4843 inquisicionem
695 4771 866 4831 iaciendum
891 4772 929 4831 de
952 4773 1025 4831 sede
1047 4776 1151 4832 nostra
1173 4770 1335 4847 judiciaria
1357 4774 1448 4848 legit·

183 4871 258 4931 time
280 4870 530 4950 destinassemus,
562 4878 616 4951 qui
639 4878 767 4938 demum
789 4879 900 4940 exinde
923 4879 962 4938 ad
985 4895 1042 4940 nos
1070 4880 1188 4940 reversi
1210 4880 1300 4940 nobis
1330 4881 1446 4944 unifor-
