3256 5346
189 396 252 473 4⁶0
599 393 674 453 Doc.
691 389 769 470 346.
793 424 837 435 -
861 393 918 450 An.
942 388 1034 470 1487.

188 612 302 670 mensis
326 609 493 684 superinde
515 607 736 674 confectarum,
760 622 816 682 per
839 606 938 665 dictos
968 608 1091 679 regium
1121 616 1152 666 et
1176 610 1389 684 capitularem
1409 612 1459 670 bo

188 718 296 787 mines,
313 717 510 791 presentibus
533 714 642 774 vicinis
665 719 695 773 et
717 713 938 772 commetaueis
953 714 1042 771 nullo
1059 714 1293 775 contradictore
1308 717 1458 788 existente,

188 831 218 884 et
242 824 303 882 sibi
326 823 386 897 ipsi
415 837 471 896 per
494 821 620 880 eosdem
654 821 805 890 statuisse,
837 824 1041 891 procurasset,
1072 834 1151 893 quas
1182 821 1316 881 tandem
1346 822 1459 882 litteras

189 929 373 987 fassionales
396 934 426 986 et
449 926 626 986 statutorias
648 940 685 985 ac
707 926 813 985 omnia
835 925 867 985 iu
889 925 934 983 eis
957 930 1100 984 contenta
1130 926 1276 1000 prelatus
1308 928 1386 987 olim
1407 927 1458 986 do·

187 1036 290 1094 minus
320 1033 537 1107 Sigismundus
568 1033 740 1106 imperator
774 1038 805 1090 et
831 1047 895 1099 rex,
918 1041 1012 1106 prout
1035 1048 1092 1107 per
1124 1034 1320 1108 prescriptas
1342 1035 1457 1094 litteras

187 1140 325 1200 eiusdem
349 1138 635 1198 confirmacionales
666 1138 861 1212 presentibus
884 1137 1022 1211 insertas,
1056 1137 1280 1210 edocebamur,
1307 1140 1457 1215 predictas

190 1246 400 1321 possessiones
423 1243 597 1315 Kralowcz,
620 1243 742 1317 Cherye
772 1258 844 1301 cum
876 1243 1003 1315 tributo,
1028 1243 1205 1317 Kobylyalr,
1230 1244 1407 1321 Zwyblyan
1429 1254 1457 1306 et

188 1351 288 1410 Narth
311 1356 445 1423 vocatas,
468 1355 676 1408 memoratum
700 1349 864 1407 dominum
887 1349 1103 1408 Eberhardum
1135 1351 1325 1425 episcopum
1348 1354 1408 1412 sibi
1428 1359 1457 1412 et

189 1459 253 1516 suis
269 1455 419 1517 fratribus
442 1457 555 1515 litteris
574 1456 606 1514 in
629 1455 745 1515 eisdem
776 1455 943 1515 nominatis
966 1471 984 1513 a
1007 1471 1062 1513 sua
1092 1455 1254 1516 maiestate
1276 1459 1456 1533 impetratas

191 1563 309 1632 luisse,
344 1569 481 1633 testante,
504 1562 545 1620 ad
576 1561 756 1620 humillime
786 1562 1024 1635 supplicationis
1058 1563 1252 1633 instanciam,
1291 1565 1455 1624 memorati

187 1669 320 1728 condam
344 1669 369 1726 T
372 1671 465 1727 home
496 1666 706 1727 archidiaconi
739 1667 955 1727 warasdiensis
987 1669 1126 1728 canonici
1148 1668 1231 1728 dicte
1254 1672 1388 1730 ecclesie
1409 1686 1454 1730 za·

187 1776 360 1849 grabiensis
384 1775 508 1834 easdem
533 1775 621 1832 binas
643 1774 764 1833 litteras
786 1789 881 1849 super
896 1775 1066 1833 collacione
1083 1780 1113 1834 et
1128 1777 1303 1836 statucione
1318 1777 1454 1853 ipsarum

186 1883 416 1956 possessionum
438 1886 596 1940 emanatas
626 1884 821 1953 acceptantes
851 1886 881 1939 et
913 1881 1132 1955 approbantes,
1163 1883 1451 1959 nichilominusque

187 1988 390 2063 pro'salubri
413 1987 582 2045 devocione
605 2001 658 2044 sue
682 1986 854 2044 serenitatis
877 1987 919 2044 ob
942 1986 1180 2062 remediumque
1209 1990 1324 2049 salutis
1355 1991 1454 2050 anime

186 2109 241 2152 sue
264 2093 424 2167 premissis
448 2093 593 2151 omnibus
617 2099 647 2150 et
669 2092 800 2165 singulis
820 2093 931 2152 litteris
954 2093 986 2152 in
1009 2093 1126 2152 eisdem
1157 2097 1312 2155 contentis
1346 2103 1378 2156 et
1400 2097 1450 2154 de·

187 2199 313 2258 claretis
337 2215 428 2256 suum
452 2199 573 2270 regium
597 2212 780 2256 consensum
805 2199 921 2271 pariter
944 2206 974 2257 et
1005 2214 1168 2259 assensum
1198 2203 1338 2276 prebens
1370 2218 1453 2263 mera

188 2320 244 2363 sua
268 2305 424 2379 imperiali
448 2304 630 2362 auctoritate
653 2319 689 2361 ac
713 2304 873 2377 potestatis
897 2304 1089 2378 plenitudine
1112 2321 1151 2365 ex
1173 2311 1259 2367 certa
1282 2324 1339 2368 sue
1361 2311 1453 2368 maie

185 2414 273 2470 statis
296 2411 420 2469 scientia
446 2410 485 2468 de
508 2424 657 2468 consensu
680 2415 711 2468 et
734 2411 893 2469 voluntate
915 2411 1110 2471 serenissime
1133 2411 1261 2472 domine
1291 2417 1399 2489 regine
1419 2431 1453 2474 ac

185 2517 385 2576 dominorum
409 2516 603 2591 prelatorum
625 2521 655 2574 et
672 2516 824 2575 baronum
841 2531 970 2574 suorum
985 2518 1115 2576 consilio
1133 2527 1318 2593 prematuro
1336 2523 1451 2582 eisdem

189 2623 324 2682 dominis
347 2624 501 2682 canonicis
526 2622 563 2680 de
595 2621 731 2681 antefato
766 2623 904 2697 capitulo
937 2624 1067 2684 ecclesie
1096 2627 1307 2699 zagrabiensis
1338 2644 1451 2688 necnon

185 2731 277 2788 altari
300 2736 404 2787 sancte
427 2730 527 2787 crucis
551 2728 691 2802 predicto
714 2734 744 2787 et
767 2730 880 2787 rectori
903 2730 1001 2802 ipsius
1025 2746 1083 2804 pro
1113 2736 1258 2807 tempore
1288 2737 1451 2794 constituto

184 2840 336 2910 perpetuo
359 2835 510 2892 valituras
533 2833 750 2904 confirmasse;
775 2833 902 2892 demum
926 2836 1025 2893 eciam
1048 2835 1187 2910 prefatus
1217 2837 1367 2899 dominus
1398 2841 1450 2900 nl·

184 2942 291 3000 bertus
313 2957 368 2999 rex
390 2941 422 2999 in
447 2940 640 3015 preallegato
664 2955 744 2999 anno
766 2939 920 2999 dominice
943 2943 1167 3003 incarnacionis
1184 2943 1359 3008 millesimo
1374 2964 1447 3023 qua·

185 3046 426 3120 dringentesimo
450 3047 613 3104 tricesimo
635 3060 718 3104 nono
741 3048 972 3119 prenominatas
995 3050 1204 3122 possessiones
1228 3052 1399 3127 Kobylyak
1421 3062 1450 3114 et

184 3152 357 3227 Zwyblyan
381 3154 499 3227 pariter
521 3168 592 3210 curu
616 3154 838 3227 prenominatis
855 3154 925 3214 aliis
941 3156 1188 3229 possessionibus
1204 3163 1234 3215 et
1251 3161 1450 3233 porcionibus

185 3260 434 3335 possessionariis
457 3275 493 3317 ac
514 3260 632 3316 tributo
655 3261 686 3318 in
710 3260 849 3333 ipsarum
874 3261 1005 3334 pacifico
1020 3262 1159 3322 dominio
1175 3263 1260 3322 idem
1277 3268 1449 3341 capitulum

182 3383 214 3426 se
237 3375 267 3424 et
291 3374 442 3425 rectorem
466 3367 573 3423 altaris
592 3366 722 3440 predicti
747 3367 918 3440 perstitisse
949 3369 1137 3440 asseruisset,
1160 3370 1257 3428 simul
1288 3387 1362 3431 cum
1386 3375 1448 3433 suis

183 3474 371 3531 utilitatibus
393 3488 428 3530 ac
451 3473 567 3546 pariter
590 3488 661 3529 cum
685 3474 770 3531 omni
793 3472 861 3548 jure
883 3489 939 3531 suo
961 3476 1048 3547 regio
1070 3477 1101 3534 in
1123 3475 1241 3534 eisdem
1258 3478 1369 3538 habito
1391 3481 1449 3555 ipsi

182 3580 319 3654 capitulo
343 3595 378 3637 ac
400 3580 511 3637 rectori
534 3580 640 3636 altaris
664 3587 766 3638 sancte
782 3582 881 3637 crucis
898 3582 1037 3654 predicto
1053 3582 1263 3642 mediantibus
1279 3584 1371 3645 dictis
1386 3588 1447 3645 suis

186 3686 299 3743 litteris
322 3685 578 3743 donacionalibus
602 3685 712 3743 exinde
735 3685 881 3745 confectis
898 3687 929 3745 in
945 3695 1133 3761 perpetuum
1148 3690 1325 3761 contulisse,
1342 3692 1448 3752 eedem

184 3792 404 3850 nichilominus
429 3791 638 3864 possessiones
662 3806 733 3848 curn
758 3793 821 3849 suis
845 3795 962 3851 cunctis
987 3794 1175 3852 utilitatibus
1206 3796 1286 3854 serie
1318 3797 1449 3870 premis·

181 3913 286 3955 sarum
311 3899 485 3955 litterarum
511 3898 584 3955 dicti
608 3898 737 3972 capituli
760 3899 888 3959 ecclesie
919 3900 1108 3959 chasmensis
1138 3902 1377 3961 statutoriarum
1409 3903 1446 3961 ad

180 4004 354 4077 predictum
377 4004 597 4062 litteratorium
622 4003 803 4061 mandatum
827 4004 901 4063 dicti
924 4005 1043 4064 domini
1065 4006 1163 4065 nostri
1185 4007 1268 4079 regis
1303 4008 1444 4068 moderni

178 4110 211 4169 in
234 4110 370 4167 sacristia
395 4126 449 4167 seu
472 4111 703 4168 conservatorio
726 4111 853 4169 ecclesie
876 4127 930 4168 sue
953 4128 1010 4184 per
1032 4111 1116 4171 idem
1140 4113 1318 4186 capitulum
1340 4115 1445 4190 requi·

178 4216 308 4274 sitarum
331 4224 360 4273 et
384 4216 622 4285 reinventarum,
646 4217 768 4274 nemine
791 4217 1026 4288 contradicente,
1050 4217 1151 4276 adhuc
1174 4224 1287 4277 eotunc
1303 4225 1446 4296 tempure

178 4322 294 4379 scilicet
318 4321 494 4379 donacionis
518 4321 623 4378 debito
648 4322 741 4379 modo
765 4323 865 4381 eidem
889 4323 1028 4397 capitulo
1051 4330 1082 4382 et
1104 4325 1218 4383 rectori
1241 4325 1351 4385 alteris
1376 4342 1444 4401 prc-

178 4425 252 4485 dicti
276 4431 388 4484 statute
409 4426 509 4484 fuisse.
533 4428 662 4501 Insuper
692 4429 777 4487 idem
808 4431 980 4504 capitulum
1004 4431 1133 4490 ecclesie
1148 4433 1358 4504 zagrabiensis
1374 4449 1445 4493 con·

177 4539 401 4606 sequenterque
424 4542 526 4591 rector
550 4535 656 4592 altaris
680 4544 783 4593 sancte
807 4539 907 4595 crucis
931 4537 1071 4611 predicti,
1097 4538 1137 4595 ab
1160 4552 1197 4596 eo
1213 4544 1365 4612 tempore,
1382 4553 1444 4616 quo

178 4639 297 4697 scilicet
319 4646 472 4712 sepetacte
497 4642 704 4715 possessiones
729 4643 900 4714 Kralowcz,
924 4643 1052 4716 Cherye,
1069 4643 1247 4717 Kobylyak,
1269 4643 1445 4720 Zwyblyan

178 4751 208 4804 et
231 4744 331 4807 Narth
355 4763 411 4820 per
433 4747 603 4806 antefatum
626 4747 829 4822 Rodolphum
861 4750 978 4807 eisdem
1009 4751 1123 4809 collate
1153 4757 1233 4824 sunt,
1257 4767 1385 4827 semper
1414 4753 1445 4813 in

177 4850 315 4913 dominio
338 4854 518 4914 earumdem
543 4855 703 4931 usquead
728 4862 852 4929 tempus
875 4857 1126 4930 congregacionis
1156 4857 1296 4933 predicte
1324 4859 1444 4939 absque
