3278 5348
185 438 223 498 18
608 434 682 493 Doc.
706 446 755 509 19.
779 465 821 477 -
845 434 903 492 An.
928 445 1017 511 1414·

183 655 335 724 quantum
358 666 430 708 cum
453 648 512 707 deo
535 650 715 723 poterimus,
739 649 830 708 sicuti
852 654 956 707 nostre
979 648 1024 706 sie
1047 653 1077 706 et
1099 647 1322 707 nichilominus
1337 645 1518 721 prede!

183 772 340 815 cessorum
365 763 394 814 et
425 772 638 814 successorum
668 763 845 814 nostrorum
869 755 1089 828 episcoporum
1112 753 1205 813 saluti
1230 754 1378 827 congruis
1400 761 1526 812 ref

182 863 293 921 mediis
329 863 494 937 providere
529 869 559 921 et
580 864 643 921 vite
666 862 769 920 future
792 861 957 919 commoda
979 860 1070 919 nobis
1092 866 1124 919 et
1147 859 1265 918 eisdem
1290 861 1448 918 bonorum
1467 859 1533 911 ,1

182 976 252 1028 actu
276 984 408 1043 operum
431 969 536 1026 divina
560 970 732 1043 opitulante
755 968 924 1025 clemencia
940 981 1116 1041 procurare.
1139 967 1263 1027 Habitis
1279 966 1535 1040 superinice

181 1091 315 1133 unacum
339 1075 487 1133 iratribus
510 1077 623 1133 nostris
647 1075 684 1133 de
707 1075 845 1148 capitulo
861 1074 959 1147 ipsius
974 1073 1183 1145 zagrabiensis
1198 1076 1303 1130 nostre
1319 1072 1451 1130 ecclesie
1505 1082 1535 1113 τ

184 1183 299 1239 mutuis
323 1181 498 1252 colloquiis,
522 1196 692 1253 eorumque
723 1195 873 1237 consensu
904 1179 985 1236 circa
1019 1178 1079 1235 hoc
1111 1176 1283 1247 accedente,
1320 1177 1452 1235 totalem

184 1287 363 1361 porcionem
386 1293 523 1344 nostram
549 1286 733 1344 decimalem
757 1285 796 1343 de
812 1285 949 1356 decimis,
966 1299 1026 1357 que
1042 1285 1072 1342 in
1089 1283 1230 1342 districtu
1246 1282 1285 1340 de
1301 1284 1451 1341 Marocha

183 1409 221 1449 ex
245 1394 303 1450 ista
327 1399 413 1466 parte
437 1392 524 1451 fluvii
547 1393 662 1466 Zelyna
685 1394 798 1465 vocati,
821 1391 917 1449 dicari
941 1396 1176 1460 consueverunt,
1198 1405 1334 1462 quarum
1366 1395 1451 1448 recta

183 1498 331 1555 medietas
366 1499 396 1555 in
434 1499 506 1555 vino
530 1499 692 1556 dumtaxat
727 1502 756 1555 et
788 1499 925 1572 pecuniis
949 1513 1007 1572 pro
1031 1497 1159 1555 decimis
1182 1495 1246 1553 vini
1270 1496 1356 1569 exigi
1379 1510 1451 1554 con·

182 1605 277 1660 suetis
300 1603 338 1661 ad
363 1611 501 1662 nostram
526 1620 665 1662 mensam
689 1605 910 1679 episcopalem,
934 1602 1058 1662 residua
1080 1619 1158 1660 vero
1180 1607 1263 1660 recta
1280 1607 1312 1659 et
1328 1602 1451 1675 equalis

182 1709 332 1767 medietas
356 1711 537 1767 earumdem
560 1711 654 1768 simul
677 1727 749 1768 cum
780 1710 910 1768 decimis
947 1709 1073 1782 frugum
1107 1709 1192 1781 wigo
1226 1721 1334 1780 zyrow
1369 1723 1451 1781 pynz

189 1815 287 1883 dictis,
312 1817 503 1887 integraliter
526 1816 616 1874 dictis
639 1816 788 1874 fratribus
809 1817 925 1874 nostris
949 1814 987 1872 de
1010 1815 1148 1889 capitulo
1183 1813 1379 1886 zagrabiensi
1415 1828 1450 1871 ac

187 1923 305 1979 cantori
329 1921 409 1979 dicte
432 1923 558 1978 ecclesie
582 1928 685 1979 nostre
708 1922 878 1980 dinoscitur
899 1922 1061 1995 pertinere,
1077 1921 1167 1977 nobis
1184 1919 1381 1993 proveniens,
1398 1935 1449 1977 ex·

188 2034 277 2098 cepta
302 2029 395 2084 tercia
419 2035 506 2100 parte
523 2026 660 2084 eiusdem
679 2028 834 2100 porcionis
850 2034 954 2084 nostre
970 2025 1162 2084 decimarum
1178 2025 1329 2098 ipsarum,
1353 2040 1449 2097 quam

181 2132 301 2190 dudum
325 2132 543 2206 deputavimus
567 2132 702 2205 plebano
726 2133 853 2190 ecclesie
877 2132 972 2189 sancti
990 2131 1138 2214 Johannis
1154 2131 1289 2203 baptiste
1306 2129 1347 2188 de
1362 2130 1447 2188 Villa

182 2254 263 2296 nova
298 2238 451 2298 dictorum
487 2238 620 2295 fratrum
655 2247 833 2296 nostrorum
869 2237 908 2295 de
943 2238 1089 2311 capitulo,
1124 2237 1247 2294 racione
1269 2237 1447 2307 missarum,

183 2360 259 2418 quas
282 2345 367 2402 iuxta
391 2360 511 2401 morem
534 2345 632 2417 ipsius
655 2350 758 2402 nostre
780 2344 907 2402 ecclesie
930 2343 1014 2401 idem
1038 2344 1191 2416 plebanus
1222 2358 1282 2418 pro
1306 2349 1447 2418 tempore

182 2451 315 2507 existens
351 2465 408 2522 pro
443 2451 511 2508 vice
544 2457 649 2508 nostra
683 2452 800 2508 servari
825 2457 946 2509 tenetur
969 2451 1115 2523 quociens
1139 2451 1274 2509 occurrit
1297 2450 1447 2508 ebdoma-

183 2555 293 2625 datim,
327 2554 366 2611 ad
401 2570 492 2612 usum
526 2561 557 2613 et
590 2556 791 2613 commodum
828 2556 1109 2631 prebendariorum
1143 2555 1283 2614 eiusdem
1318 2557 1448 2615 ecclesie

182 2668 286 2718 nostre
309 2660 456 2718 duximus
473 2661 695 2735 deputandum,
714 2664 811 2721 immo
828 2661 1015 2736 deputamus
1033 2667 1062 2720 et
1078 2667 1229 2737 perpetuo
1244 2660 1313 2738 jure
1329 2662 1449 2721 confer·

182 2767 288 2837 rimus,
312 2767 433 2823 iuribus
457 2766 610 2825 dictorum
635 2767 769 2825 fratrum
800 2775 978 2827 nostrorum
1010 2769 1049 2827 de
1084 2769 1222 2843 capitulo
1256 2775 1286 2828 et
1314 2771 1449 2833 cantoris

182 2871 321 2929 eiusdem
355 2878 459 2929 nostre
494 2873 621 2930 ecclesie
652 2874 682 2931 in
718 2874 808 2931 dictis
844 2875 973 2933 decimis
1007 2876 1103 2933 salvis
1134 2876 1367 2933 remanentibus
1390 2891 1449 2950 pro

182 2978 307 3049 eisdem,
331 2979 373 3035 ita
397 2978 551 3049 videlieet,
576 2979 659 3051 quod
684 2979 815 3052 predicti
842 2981 1041 3054 prebendarii
1064 2986 1167 3039 nostre
1191 2981 1320 3039 ecclesie
1335 2998 1353 3040 a
1368 2999 1451 3041 nunc

183 3086 213 3142 in
238 3091 325 3142 antea
349 3086 436 3141 annis
459 3085 592 3165 singulis
617 3086 666 3143 die
702 3086 857 3144 dominico
893 3086 953 3145 fest
986 3087 1099 3145 festum
1134 3086 1277 3146 undecim
1311 3090 1450 3148 millium

183 3191 339 3262 virginum
366 3191 507 3264 proxime
538 3199 708 3263 occurente,
741 3193 818 3250 hora
853 3195 1029 3267 vespertina
1063 3193 1101 3251 ad
1136 3193 1252 3252 dictam
1285 3196 1451 3255 ecclesiam

186 3297 372 3354 unanimiter
396 3298 611 3354 convenientes
634 3302 663 3354 et
686 3299 818 3372 peractis
852 3299 998 3372 primitus
1027 3313 1115 3357 more
1145 3305 1291 3358 consueto
1323 3316 1452 3374 vesper·

184 3404 248 3460 tino
272 3411 301 3460 et
327 3404 525 3476 completorii
548 3404 667 3472 officiis,
691 3404 818 3462 demum
836 3405 967 3478 pulsatis
985 3407 1156 3464 maioribus
1172 3406 1340 3479 campanis,
1356 3414 1454 3480 prout

182 3510 260 3565 solet
284 3509 407 3581 pulsari
432 3524 490 3582 pro
516 3509 675 3578 defunctis,
707 3525 853 3583 vesperas
889 3511 1049 3568 solleniler
1083 3516 1206 3569 cantare
1236 3525 1294 3584 pro
1316 3514 1454 3571 mortuis

182 3620 212 3671 et
236 3614 361 3671 demum
385 3614 460 3671 feria
484 3615 617 3671 secunda
641 3631 731 3672 mane
755 3618 895 3689 sequenti
926 3625 996 3691 post
1028 3619 1155 3675 missam
1186 3618 1276 3676 beate
1309 3618 1452 3690 virginis,

182 3736 242 3792 que
266 3721 296 3776 in
320 3721 388 3792 ipsa
410 3721 539 3777 ecclesia
562 3727 666 3777 nostra
698 3723 776 3778 solet
812 3725 928 3781 cantari
962 3724 1042 3781 cirea
1077 3738 1232 3794 auroram,
1268 3722 1453 3782 immediate

182 3825 306 3897 vigilias
331 3830 525 3881 mortuorum
549 3842 619 3882 curn
644 3842 755 3884 novem
781 3829 979 3898 leccionibus,
1003 3829 1208 3903 responsoriis
1240 3835 1271 3886 et
1300 3827 1454 3889 laudibus

182 3936 212 3987 et
235 3930 304 3987 aliis
328 3932 514 4001 accessoriis
551 3931 678 3989 demum
713 3950 805 3991 unam
838 3935 965 3991 missam
997 3935 1171 3991 sollennem
1204 3947 1263 4007 pro
1294 3931 1454 4005 defunctis

181 4052 251 4093 cum
276 4044 366 4094 cantu
391 4036 492 4094 dicere
516 4045 546 4095 et
569 4039 726 4112 perficere,
751 4047 781 4097 et
804 4041 935 4113 quilibet
959 4039 1143 4097 eorumdem
1167 4038 1452 4113 prebendariorum

181 4158 275 4199 unam
300 4144 425 4200 missam
451 4145 606 4216 privatam
628 4145 772 4203 similiter
803 4161 860 4219 pro
896 4145 1049 4203 defunctis
1085 4146 1189 4218 legere
1224 4154 1254 4203 et
1288 4145 1453 4205 celebrare

181 4264 238 4323 pro
261 4248 397 4306 remedio
422 4250 530 4306 salutis
552 4258 663 4322 nostre,
681 4250 898 4324 dictorumque
915 4251 1171 4324 predecessorum
1188 4256 1217 4308 et
1233 4265 1452 4311 successorum

181 4363 357 4412 nostrorum
383 4355 520 4411 eiusdem
545 4357 673 4413 ecclesie
697 4358 915 4430 episcoporum
940 4358 1098 4431 perpetuis
1115 4356 1227 4415 futuris
1242 4358 1451 4430 temporibus,

181 4460 278 4517 semel
294 4460 324 4517 in
341 4475 421 4516 anno
439 4466 566 4531 tanturn,
583 4461 715 4519 debeant
732 4471 760 4519 et
785 4471 962 4533 teneantur;
987 4464 1168 4537 porcionem
1190 4477 1265 4521 vero
1289 4461 1364 4520 dicti
1382 4465 1449 4536 ple·

182 4567 253 4624 bani
288 4568 384 4624 sancti
420 4567 566 4650 Johannis
601 4569 742 4641 baptiste,
774 4570 900 4628 terciam
927 4578 1046 4641 partem
1074 4568 1226 4639 videlicet,
1251 4567 1290 4626 de
1314 4583 1375 4641 qua
1398 4586 1451 4628 su·

180 4672 285 4744 perius
320 4671 449 4729 fecimus
485 4673 685 4743 mencionem,
709 4675 841 4748 predicti
872 4674 1070 4747 prebendarii
1104 4683 1245 4748 ternpore
1279 4672 1450 4735 dicacionis

181 4779 319 4851 ipsarum
355 4779 546 4836 decimarum
582 4780 683 4838 eidem
715 4781 819 4840 inditis
853 4781 927 4839 dare
962 4781 1094 4838 debeant
1118 4785 1148 4838 et
1172 4780 1343 4839 ministrari
1366 4779 1448 4839 obli·

180 4890 299 4957 gentur,
324 4887 487 4959 pecuniam
511 4885 622 4944 exinde
645 4888 877 4959 provenientem
903 4905 958 4962 per
981 4889 1084 4961 ipsum
1117 4887 1289 4960 plebanum
1319 4885 1446 4959 exigen-
