3256 5346
311 461 371 513 522
725 439 798 496 Doc.
815 448 892 514 395.
917 470 953 479 —
981 437 1037 494 An.
1061 448 1154 513 1499.

311 657 435 727 czensis,
459 655 588 712 alterius
627 646 760 725 Andree‚
785 652 929 712 similiter
966 651 1159 709 decretorum
1195 650 1333 709 doctoris
1367 650 1410 708 de
1446 651 1585 722 Kemlelr,

312 762 610 835 archidiaconorum,
634 777 670 819 ac
704 759 832 818 alterius
865 759 1014 844 Johannis
1038 758 1182 829 custodis,
1206 757 1433 816 canonicorum
1459 758 1585 816 ecclesie

311 867 538 941 zagrabiensis;
582 869 656 926 item
694 865 892 939 egregiorum
926 865 1054 938 Georgii
1085 864 1123 922 de
1159 863 1323 936 Kerechyn
1361 869 1393 922 et
1429 863 1583 922 Francisci

313 975 428 1034 lleczer
451 974 489 1032 de
512 973 659 1044 Radwan,
684 978 884 1030 extentorum
902 973 1019 1030 scilicet
1036 970 1208 1030 testamenti
1225 969 1391 1028 reverendi
1408 970 1441 1028 in
1459 970 1582 1028 Christo

313 1081 419 1155 patris,
442 1079 574 1137 condam
597 1078 714 1137 domini
737 1076 867 1136 Osualdi
889 1078 1028 1152 episcopi
1052 1077 1189 1136 eiusdem
1212 1075 1343 1134 ecclesie
1358 1076 1580 1148 zagrabiensis,

313 1185 520 1244 exhibuerunt
542 1185 632 1243 uobis
656 1191 686 1242 et
722 1189 976 1258 presentaverunt
999 1182 1158 1257 quoddam
1184 1187 1407 1240 testamentum
1441 1180 1579 1239 eiusdem

312 1291 444 1349 condam
467 1291 586 1349 domini
616 1290 756 1365 episcopi
785 1291 844 1348 sub
875 1290 1130 1365 oppressionibus
1151 1289 1250 1346 trium
1273 1287 1466 1360 sigillorum,
1494 1287 1580 1345 unius

314 1397 461 1456 videlicet
484 1397 622 1456 eiusdem
646 1397 777 1455 condam
802 1396 920 1455 domini
944 1396 1091 1471 episcopi,
1115 1394 1243 1452 alterius
1266 1407 1343 1450 vero
1359 1394 1579 1466 zagrabiensis,

313 1504 400 1562 tercii
423 1509 526 1561 autem
551 1505 740 1562 chasmensis
762 1503 970 1578 capitulorum
986 1503 1187 1560 ecclesiarum
1205 1504 1236 1558 et
1258 1499 1298 1557 de
1321 1514 1417 1557 manu
1442 1500 1579 1558 eiusdem

314 1610 446 1668 condam
469 1609 588 1669 domini
609 1611 746 1684 episcopi
759 1611 790 1668 in
813 1609 951 1668 interiori
964 1609 1102 1681 margine
1123 1608 1356 1679 consignatum,
1381 1608 1459 1663 item
1484 1608 1577 1664 eciam

314 1715 469 1790 quandam
503 1732 596 1774 unam
626 1715 749 1774 scedam
774 1732 868 1790 super
892 1715 973 1773 lacto
997 1714 1110 1773 domus
1135 1711 1274 1771 eiusdem
1298 1710 1434 1769 condam
1460 1711 1576 1770 domini

314 1822 452 1896 episcopi
476 1823 622 1895 empticie
645 1822 675 1879 in
709 1823 766 1879 hac
797 1821 922 1879 civitate
952 1825 1057 1878 nostra
1089 1818 1221 1876 Budensi
1244 1819 1276 1876 in
1300 1817 1407 1892 platea
1431 1818 1577 1876 Omnium

314 1933 491 1985 sanctorum
514 1927 628 2000 habite,
661 1927 842 1999 confectam,
866 1933 896 1985 et
920 1925 1014 1985 modo
1029 1925 1134 1996 simili,
1158 1939 1252 1982 manu
1274 1938 1330 1981 sua
1355 1925 1489 1998 propria
1513 1940 1578 1983 con·

315 2034 476 2107 signatam,
507 2040 607 2093 certos
637 2035 795 2104 articulos,
826 2032 1019 2092 condiciones
1042 2038 1073 2089 et
1095 2031 1251 2088 clausulas
1273 2030 1387 2088 ultime
1411 2032 1577 2090 voluntatis

314 2141 607 2199 eiusdemcondam
630 2140 748 2199 domini
772 2141 909 2215 episcopi
931 2141 962 2198 in
985 2156 1017 2197 se
1040 2139 1220 2197 denotantes
1243 2143 1387 2195 tenorum
1401 2137 1577 2211 infrascrip

315 2251 426 2304 torum.
460 2245 677 2320 Supplicatum
708 2247 811 2320 itaque
835 2253 881 2303 est
904 2245 1055 2303 maiestati
1078 2251 1181 2302 nostre
1213 2258 1269 2316 per
1299 2241 1439 2319 prefatos
1469 2244 1578 2328 Johan·

315 2368 385 2410 nem
419 2354 626 2426 goriczensem
658 2359 687 2411 et
718 2353 797 2411 alios
828 2352 984 2427 predictos
1008 2351 1185 2410 nominibus
1211 2356 1241 2408 et
1271 2350 1304 2408 in
1323 2351 1467 2424 personis
1491 2357 1577 2410 testa·

317 2459 539 2517 mentariorum
571 2459 782 2534 predictorum
817 2459 979 2518 humiliter
1009 2466 1039 2516 et
1061 2457 1181 2529 devote,
1212 2464 1246 2515 ut
1276 2456 1460 2515 huiusmodi
1492 2463 1577 2516 testa·

316 2574 455 2623 mentum
491 2566 602 2623 litteris
636 2567 749 2625 nostris
783 2567 876 2624 inseri
907 2572 938 2623 et
973 2562 1211 2635 inscribitacere,
1242 2570 1335 2637 atque
1369 2564 1402 2621 in
1435 2565 1577 2622 omnibus

317 2673 447 2745 punctis,
472 2672 619 2731 clausulis
642 2679 671 2730 et
692 2673 831 2732 articulis
846 2679 1018 2746 acceptare,
1041 2671 1219 2746 approbare
1241 2675 1271 2728 et
1294 2669 1461 2728 admittere
1477 2676 1507 2728 et
1523 2685 1578 2745 pro

316 2778 427 2835 ultima
462 2779 620 2837 voluntate
653 2779 791 2837 eiusdem
822 2779 953 2838 condam
985 2779 1102 2837 domini
1136 2777 1266 2836 Osualdi
1300 2778 1450 2851 episcopi,
1475 2784 1576 2836 nostro

317 2884 483 2957 privilegio
500 2886 685 2944 confirmare
697 2888 795 2944 eciam
812 2886 1022 2959 dignaremur.
1045 2883 1268 2959 Cuiusquidem
1292 2883 1470 2942 testamenti
1494 2891 1578 2942 tenor

315 2991 456 3063 sequitur
479 2998 508 3048 et
532 2998 578 3049 est
602 2992 687 3051 talis:
712 2987 804 3071 (Vide
828 2994 904 3052 Doc.
924 3007 998 3068 394.
1015 2992 1053 3050 de
1076 3006 1155 3050 anno
1185 3006 1275 3067 ¹499·
1304 3005 1350 3058 ¹5.
1366 2983 1501 3067 aprilis).
1517 2990 1577 3047 Nos

316 3096 411 3168 igitur
445 3097 673 3156 considerantes
708 3100 891 3158 fidelitatem
924 3104 954 3158 et
987 3099 1163 3173 gratissima
1197 3097 1340 3155 fidelium
1375 3097 1577 3155 serviciorum

319 3203 429 3260 merita
453 3203 591 3261 eiusdem
631 3204 763 3263 condam
800 3204 917 3265 domini
952 3205 1082 3264 Osualdi
1116 3204 1263 3279 episcopi,
1295 3219 1356 3277 que
1391 3204 1459 3278 ipse
1495 3215 1577 3261 sacre

316 3310 472 3383 imprimis
496 3310 588 3367 huius
612 3312 699 3383 regni
722 3313 818 3370 nostri
843 3313 1001 3386 Hungarie
1023 3326 1145 3383 corone,
1168 3309 1280 3368 deinde
1302 3310 1403 3367 eciam
1428 3308 1575 3368 maiestati

316 3424 419 3474 nostre
444 3417 484 3473 ab
508 3433 544 3474 eo
569 3432 694 3490 semper
718 3423 868 3492 tempore,
892 3436 953 3493 quo
976 3419 1015 3477 ad
1041 3417 1199 3491 fastigium
1223 3417 1314 3475 huius
1338 3417 1455 3488 regalis
1479 3416 1574 3490 digni·

318 3525 388 3582 tatis
418 3532 523 3581 nostre
557 3526 655 3582 evecti
688 3540 803 3598 sumuS,
828 3544 898 3584 cum
923 3541 1046 3584 summa
1069 3540 1193 3599 semper
1216 3522 1376 3582 fidelitatis
1400 3530 1432 3580 et
1455 3524 1575 3597 iutegn'·

317 3632 387 3687 tatis
424 3631 659 3704 perseverancia
688 3648 785 3705 usque
817 3633 855 3690 ad
880 3639 1055 3692 extremum
1080 3632 1142 3689 vite
1165 3646 1218 3688 sue
1241 3628 1383 3687 exhibuit
1406 3637 1438 3688 et
1461 3630 1577 3704 impen-

315 3736 368 3806 dit;
401 3752 535 3810 quorum
568 3745 753 3811 respectum,
786 3741 876 3798 sicuti
899 3741 1016 3798 viventi
1039 3738 1176 3811 graciam
1201 3742 1231 3794 et
1254 3736 1506 3794 benivolenciam
1528 3751 1578 3794 no·

315 3850 411 3900 stram
435 3857 495 3900 non
527 3846 720 3918 negavimus,
743 3847 783 3903 ita
816 3846 912 3904 eciam
937 3847 1121 3904 morientem
1143 3845 1201 3902 hac
1224 3851 1287 3913 tam
1312 3842 1364 3915 pia
1387 3842 1577 3916 salutarique

316 3956 454 4006 extrema
478 3950 638 4008 voluntate
661 3968 715 4010 sua
739 3952 882 4011 frustrari
905 3953 1054 4026 nolentes,
1078 3956 1203 4025 accepta
1228 3948 1464 4023 supplicacione
1487 3949 1574 4007 nobis

316 4063 480 4128 propterea
505 4057 598 4116 modo
623 4059 775 4131 premisso
799 4058 888 4127 lacta,
905 4059 1093 4133 prescriptas
1109 4059 1228 4117 litteras
1245 4057 1493 4114 testamentarias
1509 4070 1576 4113 cum

316 4169 406 4227 sceda
430 4171 460 4226 in
485 4166 699 4243 superioribus
723 4165 875 4236 denotata,
909 4180 970 4223 non
1006 4166 1140 4234 abrasas,
1165 4178 1226 4221 non
1249 4162 1446 4233 cancellatas,
1470 4163 1576 4220 necin

316 4277 422 4349 aliqua
454 4277 502 4334 sui
536 4280 626 4349 parte
657 4279 824 4346 suspectas,
849 4273 1106 4346 presentibusque
1128 4269 1239 4328 litteris
1261 4269 1376 4327 nostris
1398 4269 1575 4342 privilegia·

313 4383 397 4439 libus
422 4381 460 4440 de
484 4382 581 4439 verbo
604 4379 644 4437 ad
669 4380 801 4437 verbum
823 4379 888 4436 sine
912 4377 1120 4436 diminucione
1143 4383 1172 4434 et
1194 4380 1362 4448 augmento
1385 4376 1519 4449 aliquali
1533 4375 1577 4432 in·

314 4495 419 4556 sertas,
443 4488 643 4558 ratificamus,
658 4494 855 4559 acceptamus
877 4493 907 4542 et
930 4485 1152 4559 approbamus,
1169 4499 1282 4557 easque
1306 4482 1403 4541 simul
1419 4497 1492 4540 cum
1515 4496 1576 4541 om·

313 4595 405 4653 nibus
421 4595 577 4665 clausulis,
594 4594 741 4664 articulis,
766 4591 999 4650 condicionibus
1014 4597 1044 4648 et
1059 4591 1182 4664 punctis
1194 4591 1225 4648 in
1238 4590 1399 4648 tenoribus
1412 4587 1576 4648 earundem

314 4699 489 4758 litterarum
520 4700 822 4757 testamentariarum
854 4705 947 4770 atque
971 4697 1069 4756 eciam
1094 4695 1183 4754 scede
1208 4694 1345 4770 predicte
1378 4695 1529 4753 contentis
1550 4697 1578 4750 et

313 4806 497 4879 specificatis
521 4805 741 4864 confirmamus
766 4806 879 4862 harum
910 4809 1097 4874 nostrarum,
1122 4803 1236 4876 quibus
1258 4807 1417 4860 secretum
1440 4801 1577 4875 sigillum

312 4919 463 4982 nostrum,
487 4926 549 4984 quo
572 4917 605 4969 ut
628 4927 683 4968 rex
707 4910 864 4983 Hungarie
887 4909 1013 4976 utimur,
1036 4913 1081 4966 est
1105 4922 1287 4982 appensum,
1312 4906 1422 4981 vigore
1446 4915 1478 4966 et
1499 4906 1579 4966 testi·
