3278 5348
607 435 683 501 Dor.
706 444 774 510 255.
794 466 835 478 -
857 434 915 493 An.
939 431 1029 511 1467.
1390 448 1453 510 313

185 653 375 728 supradictis
391 654 422 713 in
445 653 560 711 virtute
575 656 679 711 sancte
695 649 874 710 obediencie
897 654 927 708 et
942 649 1002 708 sub
1017 649 1349 711 excommunicacionis
1366 667 1454 727 pena,

186 759 363 819 municione
384 759 532 819 canonica
547 758 708 832 premissa,
724 756 857 815 firmiter
878 756 1079 832 precipiendo
1095 757 1288 829 mandamus,
1305 767 1456 833 quatenus

186 865 258 939 ipso
288 864 340 923 die
369 865 464 923 tercio
495 863 628 938 predicti
651 862 722 922 iesti
745 864 941 922 ascensionis
965 863 1119 923 dominice
1142 864 1175 922 in
1197 865 1326 923 ecclesia
1348 871 1453 924 nostra

186 971 381 1044 sagrabiensi
403 971 436 1030 in
457 969 636 1029 huiusmodi
660 975 763 1028 sancte
785 968 894 1029 sinodo
916 977 946 1028 et
968 971 1033 1029 eius
1056 970 1262 1031 celebracioni
1284 971 1368 1030 iuxta
1384 987 1455 1031 con·

186 1077 353 1137 tinenciam
374 1077 510 1141 aliarum
543 1076 721 1137 litterarum
750 1082 937 1147 nostrarum,
960 1075 1060 1148 vobis,
1084 1081 1117 1135 ut
1139 1077 1349 1150 premisimus,
1373 1077 1454 1150 pub-

186 1182 361 1255 limorum,
391 1198 574 1257 comparere
603 1188 635 1240 et
656 1183 802 1241 interesse
825 1181 971 1241 debeatis.
996 1183 1059 1241 Vos
1082 1197 1157 1241 vero
1181 1182 1299 1241 domini
1322 1182 1455 1241 archidi-

185 1289 276 1349 aconi
305 1288 477 1363 supratacti
505 1288 586 1347 hanc
616 1292 756 1354 nostram
787 1289 1045 1363 prorogacionem
1079 1289 1225 1347 omnibns
1256 1289 1399 1362 plebanis
1422 1289 1454 1346 in

187 1394 301 1455 vostris
328 1394 630 1461 archidiaconatibus
660 1395 835 1453 constitutis
865 1395 1012 1453 citissime
1042 1394 1204 1469 publicare
1234 1399 1265 1452 et
1295 1393 1455 1461 notificare

187 1500 363 1572 teneamini,
385 1499 472 1559 aliud
494 1515 557 1559 non
579 1499 698 1559 facturi.
711 1500 831 1567 Datum
848 1500 941 1573 Rode,
966 1499 1043 1561 feria
1065 1499 1200 1559 secunda
1223 1501 1367 1574 proxima
1383 1507 1454 1559 ante

189 1604 306 1665 testum
330 1607 495 1665 beatorum
516 1605 655 1669 Tiburcii
679 1611 710 1664 et
731 1599 929 1685 Vale(riani);
954 1613 1008 1666 etc.

294 1758 447 1810 Memorinle
466 1761 494 1810 in
512 1759 638 1824 glossario
656 1776 751 1810 coaevo
779 1761 811 1811 In
829 1760 926 1811 archiv.
945 1759 1006 1813 incl.
1026 1761 1103 1811 Acad
1130 1760 1226 1812 Scient.
1245 1759 1344 1813 Slsvor.
1364 1759 1454 1809 merid.

295 1935 356 1985 Alia
383 1935 528 1986 insinuacio
556 1943 612 1984 erat
639 1936 707 1985 iacto
740 1952 786 2001 per
813 1936 946 1986 domiuum
974 1937 1124 2001 episcopum
1151 1935 1302 1985 Oswnldurd
1328 1935 1362 1983 nd
1389 1932 1454 1982 cele·

186 2022 313 2074 brundam
337 2025 472 2089 synodum,
500 2023 622 2074 videlicet
648 2032 708 2089 post
730 2025 826 2074 festum
850 2024 920 2075 beati
944 2023 1070 2090 Stephani
1092 2024 1168 2087 regis,
1186 2024 1229 2073 die
1247 2023 1390 2079 dominico;
1409 2021 1456 2071 sed

186 2113 245 2178 ipse
269 2113 389 2162 dominus
413 2113 551 2178 episcopus
575 2119 681 2162 eatenus
709 2120 849 2178 occupatus
873 2114 988 2177 negociis
1012 2113 1080 2176 regis
1098 2120 1146 2163 etc.
1166 2112 1216 2161 tuit
1233 2113 1284 2161 ista
1302 2111 1454 2176 prorogacio
1487 2153 1490 2159 .

186 2201 264 2259 nen
282 2202 311 2251 ut
330 2216 415 2266 supra,
439 2216 507 2250 anno
530 2201 629 2251 domini
656 2200 889 2255 mccccnxxn
909 2203 954 2252 sen
974 2184 1105 2253 intimans
1123 2202 1173 2251 ruit
1190 2201 1258 2251 nen
1275 2201 1342 2250 enea
1360 2200 1454 2250 festum

187 2289 296 2354 Georgii
314 2290 426 2339 martiris
445 2291 536 2339 eodem
554 2306 630 2342 anno.

295 2379 371 2436 item,
392 2391 424 2441 3a
448 2378 593 2429 insinuacio
612 2379 743 2445 synodalis
761 2380 829 2429 facta
846 2386 886 2430 est
904 2381 931 2429 in
950 2381 992 2430 die
1011 2381 1112 2430 Mathie
1130 2379 1250 2447 apostoli,
1270 2395 1337 2429 anno
1356 2377 1454 2428 domini

187 2464 440 2516 Mccccuxxm
458 2467 492 2516 nd
510 2466 691 2517 celebrandum
710 2475 823 2517 sanctam
841 2469 967 2535 synodum
985 2470 1115 2519 dominice
1132 2485 1183 2534 qna
1195 2469 1295 2519 canitur
1306 2470 1333 2519 in
1346 2466 1454 2518 ecclesia

188 2555 401 2611 »misericordias
418 2557 543 2608 domini«.
563 2558 654 2607 eodem
671 2573 748 2609 anno.

781 2788 859 2857 255-

296 2947 376 2996 Anno
398 2946 472 3011 1467,
493 2960 534 3011 24.
553 2948 651 3013 aprilis.
672 2949 767 3000 Budae.

185 3054 332 3124 Matht'trs,
356 3058 533 3132 Hrmgarrire
556 3067 603 3117 etc.
628 3079 690 3129 rex,
721 3061 903 3120 exactoribus
935 3062 1118 3135 vectigalium
1147 3077 1277 3128 coronae,
1307 3060 1360 3134 qui
1386 3065 1456 3115 sunt

187 3161 363 3238 Zagrabiuc,
379 3165 533 3243 praecipit,
557 3184 592 3223 ne
607 3173 667 3239 pro
688 3185 776 3224 merce
798 3176 888 3241 supro
901 3168 1116 3241 praescnptum
1139 3185 1158 3223 a
1182 3166 1290 3224 civr‘bus
1305 3166 1451 3244 esgarus.

895 3307 1049 3358 Commissio
1068 3309 1171 3373 propria
1190 3307 1287 3359 domini
1305 3307 1382 3373 regis.

294 3417 426 3474 Mathias
454 3416 504 3476 dei
534 3419 639 3490 gracia
670 3436 724 3477 rex
748 3420 916 3492 ilungarie‚
941 3421 1112 3483 Dalmacie.
1134 3419 1262 3479 Croaeie
1285 3428 1337 3478 etc.
1363 3418 1452 3478 Fide·

185 3521 272 3585 libus
295 3524 408 3583 uostris
430 3525 627 3583 exactoribus
651 3525 852 3599 vectigalium
884 3542 997 3584 corone
1020 3527 1051 3585 in
1074 3527 1199 3585 civitate
1221 3533 1325 3587 nostra
1347 3542 1452 3598 cagra-

159 3670 168 3681 .
185 3627 295 3700 biensi,
311 3645 392 3689 nunc
415 3632 588 3691 constitutis
612 3638 641 3690 et
664 3633 695 3690 in
711 3633 852 3692 futurum
868 3634 1098 3704 constituendis,
1113 3635 1290 3692 salutemet
1306 3635 1452 3705 graciam.

185 3734 233 3793 Ex
255 3736 392 3809 querelis
414 3738 638 3797 nonnullorum
661 3739 804 3797 fidelium
827 3746 1004 3799 nostrorum
1028 3742 1203 3814 accepimus
1227 3740 1319 3805 valde
1343 3740 1453 3814 displi-

185 3846 299 3913 oenter‚
322 3842 480 3915 quomodo
504 3843 622 3903 dictum
645 3846 777 3917 vectigal
801 3861 913 3905 corone
935 3862 996 3907 non
1020 3847 1190 3905 secundum
1214 3846 1453 3920 disposicionem

185 3947 391 4021 prelatorum,
414 3950 567 4009 baronum
591 3958 621 4009 et
643 3952 798 4010 nobilium
822 3954 909 4026 regni
932 3954 1030 4011 nostri
1062 3959 1091 4011 et
1112 3959 1253 4010 contenta
1275 3952 1452 4011 litterarum

184 4057 216 4113 et
239 4054 362 4126 registri
386 4057 484 4115 nostri
508 4057 674 4131 superinde
696 4058 780 4128 editi,
805 4059 858 4116 sed
883 4059 1058 4118 adinventis
1081 4058 1212 4117 diversis
1228 4059 1367 4116 abusivis
1381 4074 1452 4117 cau·

185 4160 257 4219 telis
279 4160 371 4234 longe
393 4163 486 4222 aliter
509 4163 690 4236 colligentis
713 4172 742 4224 et
767 4165 908 4224 faceretis
932 4166 1089 4239 colligere,
1119 4164 1274 4236 videlicet,
1305 4165 1389 4239 quod
1412 4163 1452 4223 ad

185 4281 398 4349 quascumque
421 4276 525 4343 partes
547 4269 578 4327 in
600 4269 669 4343 ipso
691 4286 787 4344 regno
810 4280 915 4329 nostro
938 4271 1101 4329 Sclauonie
1124 4271 1254 4341 habitas,
1288 4287 1336 4329 res
1368 4287 1451 4330 mer·

184 4372 367 4431 simoniales
390 4373 592 4447 deferrentur,
612 4377 834 4450 cuiuscumque
858 4379 955 4452 precii
978 4379 1055 4436 tales
1079 4393 1127 4435 res
1150 4378 1324 4447 existerent,
1347 4378 1454 4438 huius·

184 4477 272 4536 modi
294 4479 429 4553 vectigal
452 4481 493 4537 ab
517 4481 634 4539 eisdem
659 4481 800 4541 faceretis
823 4485 1010 4557 extorqueri,
1043 4483 1123 4542 unde
1154 4501 1192 4543 ex
1216 4485 1327 4544 litteris
1351 4491 1381 4543 et
1403 4500 1451 4545 re·

183 4584 284 4657 gistro
305 4586 420 4645 nostris
444 4587 521 4644 bene
545 4588 657 4646 intueri
682 4590 819 4663 potestis,
843 4589 928 4663 quod
959 4591 1064 4665 ipsum
1096 4592 1230 4665 vectigal
1261 4606 1374 4651 corone
1404 4607 1453 4651 so·

183 4689 349 4751 lummodo
371 4692 414 4750 ab
437 4693 501 4751 illis
523 4695 626 4765 rebus,
650 4711 710 4770 que
734 4694 773 4754 de
797 4696 854 4753 hoc
875 4711 971 4768 regno
993 4703 1100 4755 nostro
1124 4704 1153 4756 et
1177 4704 1281 4773 partes
1302 4697 1364 4759 sibi
1378 4699 1452 4757 sub·

183 4796 277 4857 iectas
300 4797 344 4867 ad,
364 4804 468 4872 partes
491 4806 652 4859 extraneas
676 4807 915 4876 exportarentur
938 4803 989 4862 vel
1014 4803 1052 4862 dc
1075 4805 1192 4865 eisdem
1209 4807 1453 4880 importarentur

180 4900 223 4963 ad
238 4918 372 4979 regnum
388 4910 529 4967 nostrum
553 4907 636 4980 exigi
651 4907 751 4969 debet.
776 4907 880 4986 Quam
902 4909 945 4970 ob
968 4925 1036 4969 rem
1059 4909 1203 4977 fidelitati
1221 4918 1323 4971 vestre
1338 4912 1451 4973 harum
