3278 5348
598 428 672 487 Dor.
696 422 748 504 63.
769 460 814 470 -
837 427 892 485 An.
916 439 1004 504 1433.
1391 436 1430 496 73

168 643 334 718 Rudolpho
364 643 463 703 fratri
497 645 583 703 Duas
613 658 742 717 magnas
773 648 961 717 coperturas,
993 643 1090 715 vulgo
1113 642 1243 715 popina,
1266 639 1298 697 in
1321 636 1432 695 eodem

167 758 274 822 castro,
298 751 445 809 ecclesiae
468 765 526 825 pro
549 751 739 809 ornamentis
769 749 924 808 altarium.
958 748 1071 807 Omnia
1100 747 1225 820 reliqua
1254 744 1432 820 pulvinaria

167 856 303 915 ubilibet
331 857 450 924 habita,
481 855 584 928 vendi,
619 864 650 915 et
679 854 791 915 exinde
814 870 968 930 pauperes
990 855 1099 913 vestiri
1121 854 1199 911 vult.
1234 850 1370 910 Henrico
1393 848 1432 909 de

165 960 335 1035 Plomberg
357 963 518 1036 capitaneo
541 962 634 1020 castri
656 960 790 1020 Kemlek
804 961 912 1021 salarii
934 976 1013 1035 quos
1028 966 1149 1019 tenetur
1165 959 1236 1016 tior.
1263 973 1333 1032 114.
1350 957 1433 1016 solvi

165 1069 233 1127 vult
256 1069 302 1126 uti
325 1074 356 1125 et
377 1068 449 1126 aliis
478 1067 648 1127 secundum
680 1068 925 1138 conventionem,
960 1067 1030 1125 aliis
1058 1080 1134 1123 vero
1157 1078 1219 1122 non
1253 1063 1431 1133 salarisatiS,

167 1176 219 1248 qui
243 1190 282 1233 ex
306 1175 406 1248 gratia
439 1175 622 1247 servierunt,
653 1174 736 1248 legat
766 1174 831 1232 flor.
856 1172 927 1232 600.
950 1172 1120 1232 secundum
1152 1171 1336 1245 qualitatem
1369 1184 1433 1227 ser-

167 1280 233 1339 vitii
256 1281 337 1338 inter
360 1295 413 1339 eos
434 1296 493 1354 per
508 1276 688 1339 executores
703 1279 895 1339 dividendos.
919 1279 1063 1338 Castrum
1080 1294 1171 1336 suum
1195 1272 1432 1350 Nagy-Kemlek

168 1401 237 1445 cum
258 1387 417 1445 territorio
439 1402 496 1444 suo
518 1387 603 1459 legat
625 1387 772 1444 ecclesiae
795 1386 987 1459 zagrabiensi
1006 1382 1094 1460 juxta
1116 1383 1352 1457 dispositionem
1375 1396 1432 1454 per

168 1492 241 1551 alias
263 1492 385 1551 litteras
407 1507 513 1550 coram
536 1492 673 1566 capitulo
708 1491 1025 1566 quinqueecclesiensi
1048 1490 1171 1548 factam.
1206 1488 1256 1546 Ad
1280 1487 1432 1545 fabricam

168 1597 313 1657 ecclesiae
333 1613 356 1655 s.
378 1598 587 1671 Margarithae
618 1597 815 1657 dombrensis
846 1598 930 1670 legat
961 1596 1039 1654 duos
1071 1610 1168 1669 equos
1203 1594 1349 1651 meliores
1371 1592 1431 1649 sub

168 1705 250 1763 sella
285 1703 347 1763 Pro
380 1704 494 1763 altaria
527 1721 565 1763 ss.
589 1704 721 1762 Cosmae
751 1713 782 1762 et
811 1705 965 1774 Damiani,
997 1702 1081 1776 quod
1112 1703 1211 1759 altare
1240 1701 1271 1758 in
1301 1699 1431 1757 lectorio

166 1816 233 1869 ante
257 1811 389 1869 chorum
421 1812 557 1869 construi
588 1810 660 1869 fecit
688 1811 731 1869 ita
762 1810 906 1885 disponit,
936 1816 971 1868 ut
1002 1825 1074 1867 casu
1109 1823 1170 1881 quo
1201 1822 1237 1865 ea
1267 1822 1306 1863 ex
1329 1804 1432 1876 Nagy·

167 1915 301 1977 Kemlek
323 1915 409 1994 juxta
440 1918 675 1993 dispositionem
707 1918 821 1976 factam
850 1922 932 1974 stare
967 1916 1117 1989 nequiret,
1145 1929 1204 1988 pro
1227 1928 1263 1969 ea
1286 1909 1431 1982 erigenda

165 2029 343 2083 executores
367 2022 440 2081 dent
455 2022 520 2081 flor.
538 2037 609 2092 500.
625 2054 669 2063 -
692 2022 837 2080 Ladislao
860 2024 980 2081 sororio
1005 2037 1062 2079 suo
1078 2021 1143 2079 flor.
1163 2035 1254 2078 1000.
1279 2017 1432 2076 Praeben-

165 2127 259 2187 dariis
284 2128 658 2204 quinqueecclesiensibus
692 2127 953 2187 confraternitatis
983 2128 1114 2201 singulis
1146 2126 1230 2183 feriis
1262 2124 1377 2198 quintis
1400 2123 1431 2180 in

165 2233 327 2294 novilunio
350 2233 503 2292 celebrari
524 2234 635 2292 solitae
658 2234 742 2307 legat
764 2234 830 2293 flor.
856 2233 894 2292 ad
906 2253 914 2305 ;
943 2235 1013 2292 aliis
1037 2238 1125 2291 extra
1147 2230 1432 2289 confraternitatem

165 2339 464 2416 praebendariorum
494 2340 559 2399 flor.
586 2356 646 2415 24,
669 2347 703 2398 ut
727 2346 815 2398 orent
846 2355 903 2415 pro
935 2341 1012 2415 ipso.
1036 2340 1151 2397 Omnes
1174 2337 1284 2395 domos
1306 2350 1378 2392 suas
1401 2339 1432 2392 et

165 2447 282 2522 palatia
305 2444 410 2503 Budae
430 2446 546 2518 habita,
569 2446 652 2519 legat
668 2446 898 2504 successoribus
925 2446 1078 2521 episcopis
1101 2443 1354 2516 zagrabiensibus
1377 2441 1428 2510 ita,

165 2558 195 2611 ut
219 2552 364 2625 quolibet
388 2567 468 2610 anno
490 2566 549 2625 pro
572 2568 665 2610 censu
696 2552 833 2625 pendant
863 2552 1000 2626 capitulo
1023 2551 1088 2608 ssor.
1115 2566 1162 2607 20.
1186 2545 1431 2622 incorporandos

165 2672 222 2734 pro
244 2659 481 2716 conservatione
505 2659 600 2716 trium
623 2661 789 2717 missarum
806 2659 837 2716 in
853 2657 1055 2731 dispositione
1071 2655 1204 2714 Kemlek
1219 2654 1430 2723 fundatarum,

165 2774 259 2840 prout
282 2765 395 2822 melius
417 2764 494 2839 ipsis
516 2765 682 2823 videbitur.
718 2764 893 2823 Committit
923 2764 993 2822 fieri
1015 2778 1108 2820 unam
1133 2763 1262 2819 domum
1285 2776 1356 2817 cum
1379 2774 1431 2816 ne·

165 2870 305 2927 cessariis
328 2870 360 2927 in
394 2869 514 2943 oppido
544 2870 695 2942 Dombro,
719 2871 751 2928 in
781 2871 850 2929 loco
880 2871 936 2929 ubi
958 2869 1153 2927 commodius
1182 2868 1348 2938 videbitur,
1372 2879 1430 2939 pro

165 2975 302 3048 hospitio
324 2975 488 3033 viatorum.
513 2975 595 3033 Flor.
620 2989 691 3044 500.
715 2991 773 3051 pro
796 2977 942 3050 exequiis,
966 2976 1069 3033 missis
1091 2982 1145 3033 etc.
1169 2975 1209 3032 ad
1232 2974 1429 3047 trigesimum

165 3079 247 3139 diem
270 3079 339 3138 fieri
354 3080 463 3138 solitis.
488 3080 684 3155 Pauperibus
708 3083 882 3155 virginibus
894 3098 952 3156 pro
969 3080 1041 3139 dote
1060 3081 1124 3139 flor.
1143 3095 1214 3150 500.
1237 3079 1431 3154 Pauperibus

165 3184 375 3245 sacerdotibus
409 3186 477 3244 flor.
503 3200 573 3255 500.
599 3189 630 3245 in
652 3189 881 3260 eleemosynam
906 3189 1090 3262 promissis
1115 3186 1346 3245 distribuendos
1370 3199 1428 3257 pro

165 3292 268 3350 anima
279 3289 355 3367 ejus,
378 3291 512 3349 fratrum
526 3299 556 3350 et
568 3307 711 3350 sororum
734 3294 831 3367 ipsius
853 3310 889 3352 ac
904 3300 1077 3367 parentum,
1095 3309 1152 3368 pro
1176 3293 1305 3366 singulis
1327 3291 1431 3348 missis

165 3396 309 3457 denarios
327 3414 378 3456 ao.
402 3398 452 3455 Ad
476 3399 603 3457 missam
621 3400 793 3457 Eberhardi
817 3402 955 3474 episcopi
978 3401 1185 3472 zagrabiensis
1202 3399 1315 3456 melius
1335 3398 1430 3455 conti·

165 3503 318 3563 uuandam
340 3503 405 3563 flor.
431 3504 491 3576 80,
516 3521 573 3578 per
601 3511 779 3564 executores
803 3506 948 3580 disponit,
970 3512 1005 3563 ut
1028 3521 1099 3562 cum
1122 3505 1238 3563 eisdem
1262 3520 1336 3561 cura
1358 3519 1431 3561 cum

167 3608 368 3685 dispositione
391 3610 430 3668 de
453 3611 586 3670 Kemlelr
609 3612 722 3670 melius
757 3613 865 3685 peragi
888 3613 993 3686 possit.
1024 3612 1169 3669 Claustro
1191 3611 1385 3683 aagrabiensi
1407 3625 1429 3668 s.

166 3714 319 3775 Francisci
341 3715 409 3775 flor.
435 3730 495 3790 50,
518 3733 540 3775 s.
565 3717 685 3775 Nicolai
703 3718 952 3776 praedicatorum
970 3718 1137 3791 Zagrabiae
1154 3717 1218 3775 flor.
1242 3731 1301 3788 50,
1326 3717 1428 3774 Pauli-

165 3836 275 3881 norum
299 3837 399 3898 prope
422 3823 606 3896 Zagrabiam
630 3823 697 3881 flor.
716 3837 773 3894 50·‚
798 3827 1030 3883 chasmensibus
1053 3825 1267 3882 Dominicanis
1291 3840 1340 3893 50.
1365 3824 1430 3883 tior.

167 3928 381 4003 Hospitalibus
414 3944 437 3986 s.
461 3929 609 3986 Anthonii
643 3937 673 3987 et
703 3946 726 3988 s.
750 3930 909 3987 Elisabeth
941 3930 1111 4003 Zagrabiae
1149 3945 1196 3998 25·
1221 3931 1285 3989 ssor.
1312 3932 1428 4005 Paupe-

166 4033 252 4093 ribus
275 4035 408 4109 leprosis
430 4036 462 4093 in
496 4037 643 4109 hospitali
667 4052 689 4093 s.
710 4037 793 4095 Petri
816 4039 846 4095 in
870 4038 1022 4096 suburbio
1053 4038 1244 4110 zagrabiensi
1269 4039 1350 4096 etin
1373 4040 1429 4095 ho·

166 4140 269 4215 spitali
293 4141 466 4199 chasmensi
487 4140 552 4199 tior.
579 4155 627 4210 25.
651 4143 836 4200 Monasterio
859 4143 897 4200 de
913 4144 1042 4218 Toplica
1065 4159 1124 4217 pro
1148 4143 1266 4201 fabrica
1289 4144 1428 4201 eiusdem

166 4244 228 4306 tor.
256 4261 326 4306 100.
349 4248 535 4306 Monasterio
559 4249 591 4306 in
616 4249 688 4306 Bela
710 4264 769 4323 pro
793 4249 910 4306 fabrica
933 4248 1072 4324 ejusdem
1095 4250 1160 4307 ssor.
1188 4266 1256 4306 roo.
1284 4249 1428 4306 Claustro

165 4350 366 4412 Paulinorum
388 4353 429 4411 ad
451 4354 620 4412 claustrum
646 4355 761 4413 Garich
784 4356 848 4414 ssor.
866 4371 914 4425 50,
939 4357 987 4414 Ad
1005 4357 1156 4415 fabricam
1180 4357 1327 4414 ecclesiae
1350 4371 1429 4413 wes-

165 4459 340 4534 primiensis
362 4459 427 4518 flor.
454 4474 524 4517 100.
549 4459 695 4535 Capitulo
718 4464 909 4534 zagrabiensi
927 4462 990 4519 tior.
1011 4477 1088 4533 150,
1103 4471 1137 4520 ut
1161 4470 1249 4520 orent
1273 4478 1331 4536 pro
1347 4463 1424 4535 ipso.

165 4562 223 4625 Pro
245 4565 366 4624 fabrica
388 4565 570 4640 collegiatae
593 4583 615 4625 s.
640 4565 773 4640 Spiritus
797 4568 949 4626 Chasmae
973 4568 1038 4627 tior.
1067 4586 1147 4638 100,
1171 4569 1197 4626 si
1221 4568 1295 4641 quid
1320 4582 1431 4640 super·

166 4668 311 4731 fueritin
334 4672 546 4745 eleemosynas
568 4671 705 4745 deputat.
728 4673 840 4733 Omnia
864 4680 1046 4732 testamenta
1069 4669 1210 4753 (excepta
1226 4673 1427 4747 dispositione

165 4774 202 4836 de
224 4764 370 4854 Kemlek)
392 4785 519 4836 revocat
541 4779 688 4836 hactenus
711 4796 769 4853 per
784 4796 855 4837 eum
873 4779 961 4851 facta,
985 4795 1120 4853 quorum
1135 4796 1233 4837 unum
1255 4780 1429 4854 repositum

165 4889 211 4943 est
231 4883 265 4943 in
285 4883 416 4943 ecelesia
438 4884 629 4957 zagrabiensi
646 4930 652 4943 .
671 4928 678 4943 .
695 4930 724 4943 ..
749 4886 786 4943 de
810 4885 925 4958 Ztreza,
948 4887 1096 4945 canonico
1119 4886 1312 4959 zagrabiensi
1332 4886 1429 4944 teneri
