3278 5348
534 443 607 503 Dor.
632 438 686 500 88.
711 475 752 486 —
776 442 832 500 An.
857 454 945 520 1435·
1314 457 1370 513 115

70 651 156 718 etc,
170 658 413 734 quadragesimo
428 673 519 731 nono,
531 659 746 717 Romanorum
761 658 913 732 vigesimo
930 664 1025 731 sexto,
1044 656 1189 716 Bohemie
1206 655 1374 726 sedecimo,

69 745 228 842 imperii
251 780 326 824 vero
349 766 453 824 tercio.
480 765 721 824 Venerabilibus
744 765 776 823 in
797 763 921 821 Christo
957 764 1107 837 patribus,
1144 762 1278 821 dominis
1313 761 1372 820 Ge·

70 874 189 947 orgio
213 871 449 946 archiepiscopo
466 871 669 945 strigoniensi,
686 870 841 929 colocensi
857 868 929 926 sede
944 875 1082 941 vocante,
1105 870 1241 943 Dwymo
1257 869 1375 927 archie-

72 979 237 1053 pisoopo
259 977 438 1052 spalatensi,
460 975 595 1053 jadrensi
617 976 689 1034 sede
713 982 849 1047 vacante,
881 976 971 1033 Petro
996 975 1034 1032 de
1065 976 1199 1048 Rozgon,
1230 975 1373 1047 agriensi,

71 1083 313 1145 waradinensi
343 1083 416 1143 sede
438 1089 576 1155 vacante,
611 1083 748 1156 Georgio
782 1082 890 1157 Lapes,
914 1081 1160 1154 transilvanensi,
1183 1082 1375 1154 zagrabiensi

71 1190 172 1249 sede
197 1196 340 1262 vacante,
363 1190 498 1249 Henrico
530 1188 835 1263 quinqueeclesiensi,
865 1186 990 1245 Simone
1014 1185 1052 1244 de
1074 1187 1228 1244 antedicta
1249 1187 1375 1260 Rozgon

71 1295 341 1370 wesprimiensi,
364 1295 525 1354 Clemente
548 1292 703 1371 jauriensi,
737 1295 873 1353 vaciensi
896 1294 968 1352 sede
999 1301 1136 1366 vacante,
1168 1294 1303 1368 Georgio
1330 1295 1376 1353 ni·

72 1403 219 1473 triensi,
245 1400 444 1459 chanadiensi
466 1400 540 1459 sede
563 1408 700 1473 vacante,
723 1400 842 1485 Jacobo
877 1401 1040 1471 sirmiensi,
1071 1400 1189 1484 Joseph
1219 1400 1373 1471 bosnensi,

74 1508 248 1591 Johanne
279 1508 417 1580 tiniensi,
447 1507 521 1566 Vito
552 1508 767 1579 corbauiensi,
800 1507 940 1590 Johanne
970 1506 1008 1564 de
1038 1507 1182 1564 Dominis
1215 1506 1376 1579 segniensi,

72 1614 309 1675 ecclesiarum
332 1614 496 1688 episcopis,
519 1613 663 1671 ecclesias
686 1613 736 1671 dei
759 1611 890 1671 feliciter
912 1613 1166 1686 gubernantibus,
1189 1612 1375 1685 sibinicensi,

79 1720 258 1791 novensi,
282 1718 507 1791 scardoniensi,
546 1720 750 1792 traguriensi,
785 1717 971 1777 malaricusi
1006 1725 1036 1776 et
1070 1719 1217 1793 pharensi
1249 1718 1377 1776 sedibus

80 1825 299 1885 vacantibus.
321 1826 399 1884 Item
429 1825 604 1899 magnificis
637 1827 773 1885 Mathius
796 1825 834 1882 <ie
870 1825 1010 1882 Palovvcz
1046 1826 1254 1900 prenominati
1288 1826 1377 1898 regni

83 1933 203 1992 nostri
227 1932 387 2005 Hungarie
410 1932 557 2006 palatino,
600 1933 712 1990 comite
746 1922 904 2007 Stephano
938 1931 977 1989 de
1013 1931 1127 1990 Bathos
1162 1932 1264 1991 iudice
1292 1933 1376 1990 curie

80 2045 219 2110 nostre,
243 2037 388 2096 ladislao
412 2037 451 2094 dc
474 2037 580 2096 Chaak
602 2038 764 2111 waywoda
787 2043 894 2096 nostro
918 2039 1163 2111 transilvanensi,
1178 2039 1318 2122 Johanne
1346 2042 1376 2096 et

93 2144 269 2219 Stephano
290 2143 411 2218 Wegle‚
434 2142 545 2217 Segnis
567 2150 596 2203 et
619 2144 780 2202 Modrusse
803 2145 970 2203 comitibus
1000 2160 1168 2219 regnorum
1199 2151 1376 2204 nostrorum

90 2250 269 2309 Dalmacie
291 2254 322 2307 et
343 2249 472 2307 Croacie
495 2249 716 2324 predictorum,
741 2249 907 2309 Mathlrone
931 2251 968 2308 de
1000 2252 1133 2309 Taloucz
1159 2253 1256 2309 tocius
1287 2252 1374 2324 regni

89 2355 278 2425 Sclauonie,
301 2355 414 2414 Desew
437 2360 467 2413 et
489 2354 634 2414 Ladislao
667 2355 705 2413 de
734 2354 817 2414 Gara
848 2358 1067 2428 machouiensi‚
1100 2357 1210 2428 banis;
1233 2358 1374 2441 Johanne

92 2461 141 2519 (lc
165 2459 308 2535 predicta
330 2460 456 2534 Rozgon
478 2462 717 2533 tavarnicorum,
754 2462 895 2520 Emerico
930 2469 960 2520 et
988 2464 1127 2547 Johanne
1160 2462 1197 2520 de
1228 2463 1375 2521 Marczali

93 2565 282 2642 janitorum,
315 2566 455 2649 Johanne
489 2573 519 2624 et
554 2565 709 2642 Stephano
741 2567 780 2625 de
814 2570 909 2626 Peren
945 2569 1179 2643 dapiferorum,
1215 2570 1312 2627 Paulo
1347 2576 1378 2627 et

96 2672 245 2754 Johanne
268 2672 422 2746 Kompolt
453 2672 491 2730 de
523 2672 608 2730 Naua
639 2674 866 2748 pincernarum,
901 2677 1071 2734 Laurencio
1103 2675 1141 2733 de
1172 2675 1373 2746 lledrehwar,

101 2793 278 2851 agazonum
298 2784 478 2836 nostrorum
500 2780 666 2852 magistris,
690 2795 725 2838 ac
748 2779 905 2855 Stephano
941 2787 971 2839 et
1006 2781 1141 2854 Georgio
1172 2781 1211 2838 de
1241 2782 1377 2839 antelata

101 2884 233 2958 Rozgon
256 2884 422 2941 comitibus
446 2885 559 2943 nostris
582 2887 827 2960 posoniensibus,
851 2888 983 2961 aliisque
1006 2904 1102 2962 quam
1125 2889 1271 2963 pluribus
1288 2889 1375 2961 regni

106 2991 201 3048 nostri
226 2990 392 3048 comitatus
416 2991 590 3049 tenentibus
613 2997 643 3050 et
664 2992 807 3052 honores.

212 3181 237 3228 E
255 3185 418 3244 transumpto
436 3178 579 3230 Wladislai
597 3182 665 3245 regis
689 3197 756 3230 anno
784 3193 858 3245 1493.
897 3183 928 3229 In
956 3181 1069 3231 archivio
1096 3181 1142 3232 lib.
1174 3199 1225 3247 reg.
1247 3183 1317 3234 civit.
1336 3199 1377 3232 za·

110 3267 258 3332 grabicnsis.

715 3551 775 3617 88.

213 3799 296 3848 Anno
317 3809 392 3864 1435,
412 3810 437 3862 7.
457 3798 612 3849 novembris,
631 3797 759 3850 Basileae.

214 3980 331 4038 Coram
365 3979 486 4053 synodo
520 3979 684 4038 Basiliensi
718 3980 890 4054 capitulum
923 3987 953 4038 et
983 3982 1147 4056 episcopus
1171 3984 1378 4054 zagrabiensis

113 4088 209 4161 questi
232 4090 312 4157 sunt,
336 4100 445 4144 corum
467 4087 549 4144 bona
573 4091 603 4142 et
626 4093 795 4159 proventus
819 4103 837 4144 a
859 4089 953 4146 variis
976 4090 1130 4162 occupari,
1154 4104 1267 4161 eosque
1293 4090 1378 4146 varic

111 4207 128 4249 a
149 4193 295 4267 pluribus
317 4193 433 4263 vexari,
456 4196 602 4266 petentes,
636 4198 669 4248 ut
692 4207 763 4248 cum
787 4191 916 4251 difficile
939 4194 979 4251 sit
1002 4209 1060 4267 pro
1083 4195 1213 4266 singulis
1236 4195 1369 4251 Romam

110 4314 276 4365 recurrere,
308 4299 352 4356 eis
383 4297 422 4356 de
452 4297 592 4356 remedio
623 4297 838 4371 providerent;
863 4300 996 4357 comittit
1020 4302 1123 4373 itaque
1146 4299 1282 4370 synodus
1306 4300 1371 4372 cpi·

111 4418 205 4480 scopo
228 4404 551 4477 quinqueccclesiensi,
575 4404 682 4461 abbati
716 4404 823 4461 beatae
848 4405 984 4478 Virginis
1016 4406 1054 4463 de
1084 4404 1235 4477 Zagrabia
1259 4409 1290 4460 et
1314 4449 1320 4460 .
1345 4448 1351 4461 .

110 4508 257 4583 Viennae,
280 4508 428 4569 dioecesis
451 4510 648 4581 pataviensis,
672 4515 706 4567 ut
726 4510 774 4568 illi
797 4509 949 4586 judicium
980 4509 1189 4588 impendendo
1223 4524 1274 4567 eos
1308 4524 1379 4583 pro-

111 4620 228 4688 tegant.

216 4821 323 4886 Georgii
351 4820 522 4872 Mucelovie:
560 4823 678 4887 Regesta
704 4821 846 4888 Diplomat.
876 4821 1036 4886 aliorumque
1065 4823 1218 4875 Document.
1252 4821 1331 4872 MSC.
1352 4821 1379 4871 in

109 4908 271 4961 bibliotheca
288 4908 489 4963 archidioecesis
508 4912 611 4976 zagrab,
1308 4917 1311 4923 '

1274 5003 1292 5041 ss
