3278 5348
615 393 694 455 Doc.
712 391 789 469 326.
816 427 852 485 ‘.
878 394 936 454 An.
960 390 1051 471 1481.
1392 415 1453 474 4¹5

191 617 282 667 tuum
306 609 403 682 ipsius
435 611 522 682 regni
553 609 718 668 Sclauonie
751 611 780 667 in
812 612 1030 668 exaccionibus
1061 617 1091 668 et
1114 611 1327 669 solucionibus
1361 613 1458 670 tribu·

190 721 296 773 torum
338 731 391 772 seu
424 716 632 774 theloniorum
663 730 948 789 quorumcumque,
980 716 1019 774 de
1053 716 1200 774 mandato
1230 723 1260 775 et
1296 718 1457 776 voluntate

188 818 330 895 ejusdem
354 821 472 880 domini
496 822 594 880 nostri
618 822 700 894 regis
732 822 954 880 limitacionem
978 822 1059 881 infra
1090 823 1310 881 declarandam
1336 825 1456 882 cunctis

189 926 303 985 futuris
326 928 485 1002 perpetuis
499 928 680 986 successivis
698 928 892 1002 temporibus
909 927 1100 998 duraturam,
1124 931 1154 987 in
1172 930 1371 989 comitatibus
1386 947 1457 1005 pre·

189 1035 315 1107 scriptis
339 1033 486 1091 duximus
509 1033 732 1108 imponendam
748 1042 842 1108 atque
858 1034 1052 1092 statuendam
1069 1049 1106 1093 eo
1122 1034 1225 1094 modo:
1247 1036 1353 1096 Primo
1370 1037 1457 1097 vide·

189 1139 271 1210 licet,
296 1139 335 1197 de
368 1140 499 1213 singulis
531 1140 674 1198 curribus
704 1140 864 1198 baliarum
895 1140 1008 1213 ligatis,
1032 1140 1165 1199 florenus
1196 1157 1276 1200 unus
1307 1144 1456 1216 exigatur.

189 1246 267 1304 Item
300 1245 338 1303 de
373 1262 465 1304 curru
502 1253 628 1304 onerato
662 1262 734 1304 cum
766 1248 891 1321 pannis,
933 1262 1020 1305 more
1051 1247 1216 1319 baliarum,
1251 1263 1312 1307 non
1342 1249 1455 1322 ligatis,

189 1352 324 1412 dorenus
356 1352 484 1410 medius.
517 1353 593 1411 Item
629 1351 667 1410 de
699 1353 808 1426 pannis
841 1353 965 1412 sericeis
999 1360 1029 1411 et
1059 1354 1129 1411 aliis
1159 1356 1269 1428 pannis
1306 1356 1454 1426 preciosis

190 1461 312 1532 italicis,
335 1460 507 1534 speciebus,
531 1459 611 1530 oleo,
636 1458 757 1516 ficubus
783 1464 812 1516 et
836 1459 905 1517 aliis
929 1460 1022 1517 rebus
1041 1461 1205 1519 maritimis
1229 1461 1267 1519 de
1291 1461 1379 1520 Italia
1403 1463 1454 1520 de·

189 1565 336 1637 ferendis,
359 1581 377 1624 a
400 1567 543 1640 quolibet
565 1566 704 1640 pondere
720 1567 881 1624 solvantur
903 1566 1020 1625 denarii
1037 1574 1177 1641 quatuor.
1202 1569 1280 1626 Item
1297 1568 1335 1627 de
1351 1570 1455 1644 pomis

189 1674 325 1731 naranch
350 1679 380 1730 et
403 1674 632 1748 pamagranatis
656 1673 694 1731 de
717 1673 856 1747 pondere
877 1672 995 1731 denarii
1012 1673 1081 1731 duo.
1107 1674 1193 1732 Idem
1218 1674 1257 1732 de
1274 1691 1367 1733 curru
1383 1690 1455 1733 one·

189 1785 260 1838 rato
283 1779 407 1837 cutibus
430 1780 542 1853 ligatis,
566 1779 700 1838 florenus
725 1779 853 1838 medius.
889 1781 967 1837 Item
999 1779 1037 1837 de
1060 1796 1152 1839 curru
1186 1788 1313 1838 onerato
1336 1780 1455 1839 salibus

188 1885 331 1959 lapideis,
356 1886 381 1944 si
405 1885 518 1944 fuerint
542 1893 665 1944 centum
694 1887 744 1944 vel
777 1887 868 1957 ultra,
900 1885 1018 1943 denarii
1052 1893 1186 1959 quatuor
1209 1894 1239 1945 et
1262 1887 1344 1961 lapis
1368 1903 1454 1959 unus,

188 1998 219 2050 et
243 1992 269 2050 si
292 2006 354 2050 nun
377 1991 491 2050 luerint
523 1993 604 2050 sales
636 1997 769 2064 centum,
801 1993 916 2050 denarii
949 1992 1111 2051 dumtaxat
1143 2000 1284 2066 quatuor.
1308 1993 1385 2052 Item
1416 1993 1454 2051 de

186 2099 307 2158 salibus
331 2099 496 2176 maritimis
519 2099 557 2157 de
581 2099 723 2173 quolibet
742 2115 834 2157 curru
866 2111 1001 2168 onerato,
1027 2098 1176 2157 medietas
1199 2101 1289 2158 unius
1322 2104 1452 2157 metrete

187 2205 348 2278 wlgariter
364 2206 510 2276 chethert,
528 2220 671 2263 mensure
687 2205 820 2263 civitatis
839 2206 952 2262 montis
968 2204 1131 2263 Grecensis
1153 2204 1191 2262 de
1207 2204 1318 2263 iisdem
1334 2206 1453 2263 salibus

186 2319 218 2369 et
241 2310 359 2369 denarii
383 2317 515 2385 quatuor
539 2311 736 2384 recipiantur.
761 2311 839 2368 Item
862 2310 901 2368 de
924 2326 1016 2368 curru
1040 2318 1168 2368 onerato
1193 2310 1374 2383 velleribus,
1399 2309 1452 2367 de·

187 2418 268 2476 narii
291 2423 431 2491 quatuor.
461 2418 538 2476 Item
562 2415 601 2474 de
624 2433 716 2475 curru
740 2424 867 2475 onerato
890 2416 981 2486 ferro,
1011 2416 1128 2474 denarii
1152 2423 1293 2489 quatuor.
1318 2416 1396 2473 Item
1413 2415 1452 2474 de

186 2541 280 2583 curru
304 2531 430 2583 onerato
449 2524 587 2598 piscibus
603 2523 788 2595 recentibus,
805 2523 922 2581 denarii
940 2531 1080 2595 quatuor.
1093 2523 1171 2580 Item
1188 2523 1226 2580 de
1241 2522 1343 2580 medio
1359 2537 1452 2580 curru

187 2632 327 2706 piscibus
350 2637 485 2702 onerato,
510 2630 628 2687 denarii
651 2630 721 2688 duo.
745 2631 822 2688 Item
848 2629 886 2687 de
909 2645 1000 2687 curru
1033 2635 1160 2686 onerato
1185 2630 1323 2702 piscibus
1348 2628 1448 2695 salsis,

186 2738 306 2797 denarii
340 2742 469 2811 septem.
515 2736 592 2794 Item
628 2736 666 2795 de
709 2752 801 2794 curru
844 2741 971 2794 onerato
1007 2736 1145 2809 piscibus
1187 2736 1291 2807 siccis,
1333 2735 1453 2794 denarii

187 2850 318 2919 septem.
350 2844 425 2902 Item
457 2843 496 2901 de
519 2858 613 2901 curru
643 2849 770 2900 onerato
801 2843 903 2901 tritico
927 2848 955 2899 et
987 2841 1056 2899 aliis
1081 2841 1191 2913 bladis,
1226 2842 1343 2901 denarii
1375 2857 1450 2916 qua·

186 2956 266 3009 tuor.
291 2950 368 3008 Item
392 2948 431 3007 de
454 2950 558 3007 medio
581 2964 674 3006 curru
707 2954 834 3007 onerato
858 2964 929 3006 cum
953 2948 1070 3007 eisdem
1104 2948 1215 3021 bladis,
1239 2949 1357 3008 denarii
1381 2949 1451 3008 duo.

184 3056 264 3115 Item
289 3055 327 3113 de
352 3071 444 3113 curru
468 3061 594 3113 onerato
626 3055 699 3113 vlno
731 3055 783 3112 vel
815 3055 954 3125 cervisia,
986 3054 1103 3112 denarii
1131 3063 1272 3129 quatuor.
1309 3057 1387 3113 Item
1411 3054 1451 3113 de

186 3178 281 3221 curru
304 3168 430 3220 onerato
454 3160 552 3219 lardis
575 3166 605 3219 et
626 3161 750 3230 ariuuis,
777 3159 895 3219 denarii
927 3171 1066 3233 quatuor.
1092 3162 1169 3219 Item
1194 3162 1232 3218 de
1263 3177 1355 3219 curru
1380 3176 1450 3218 ono

184 3275 256 3328 rato
280 3283 359 3340 cera,
383 3267 501 3327 denarii
524 3273 667 3342 quatuor.
692 3268 769 3325 Item
793 3265 832 3324 de
855 3283 947 3325 curru
965 3273 1091 3325 onerato
1115 3267 1252 3340 pellibus
1268 3265 1450 3340 pellificum,

186 3375 305 3434 denarii
328 3381 469 3449 quatuor.
495 3374 571 3432 Item
597 3374 635 3433 de
658 3390 752 3432 curru
773 3379 900 3432 onerato
924 3375 1010 3431 subis
1034 3380 1064 3432 et
1080 3373 1150 3431 aliis
1174 3372 1315 3445 pelliciis,
1333 3370 1452 3430 denarii

186 3488 328 3555 quatuor.
353 3482 429 3540 Item
454 3481 493 3540 de
516 3497 609 3540 curru
632 3487 759 3538 onerato
783 3481 856 3552 lino,
881 3479 999 3538 denarii
1029 3486 1170 3554 quatuor.
1195 3479 1271 3536 Item
1296 3477 1335 3535 de
1358 3492 1452 3536 curru

184 3588 248 3646 tela
271 3594 408 3659 onerato,
436 3587 555 3646 denarii
586 3594 726 3662 quatuor.
762 3588 841 3646 Item
872 3585 911 3644 de
943 3603 1034 3645 curru
1061 3600 1163 3660 panno
1195 3585 1268 3643 albo
1291 3583 1452 3656 wlgariter

185 3692 333 3751 darowch
357 3702 493 3765 onerat0,
518 3694 636 3753 denarii
659 3700 800 3768 quatuor.
832 3695 908 3751 Item
934 3692 972 3750 de
996 3709 1087 3750 curru
1112 3697 1238 3751 onerato
1262 3690 1365 3760 melle,
1399 3688 1450 3747 de·

183 3799 264 3858 narii
295 3808 439 3874 quatuor.
473 3801 549 3859 Item
586 3800 623 3858 de
655 3817 748 3859 curru
780 3805 907 3858 onerato
939 3799 1041 3857 cordis
1071 3815 1125 3856 seu
1156 3796 1310 3867 funiculis,
1333 3796 1450 3855 denarii

185 3913 328 3980 quatuor.
353 3907 429 3965 Item
453 3906 492 3964 de
515 3923 607 3964 curru
631 3914 758 3965 onerato
781 3907 855 3965 ollis
882 3912 912 3964 et
936 3907 1186 3979 quibuscumque
1217 3904 1286 3962 aliis
1309 3903 1451 3977 lucifigu·

184 4011 290 4069 lorum
323 4012 470 4084 artificiis,
503 4011 621 4071 denarIi
653 4020 793 4086 quatuor.
825 4010 903 4070 Item
928 4012 966 4069 de
989 4026 1080 4068 curro
1111 4011 1265 4069 cineribus
1295 4016 1449 4068 suttorum

185 4122 322 4189 onerato,
348 4107 465 4177 denarii
489 4128 629 4192 quatuor.
650 4119 727 4176 Item
745 4118 783 4176 de
803 4134 896 4176 curru
914 4118 1065 4175 malvasia
1081 4122 1215 4188 onerato,
1240 4115 1360 4175 denarii
1374 4114 1450 4174 duo·

184 4222 293 4283 decim.
317 4225 394 4284 Item
419 4225 459 4284 de
482 4240 542 4283 uno
559 4240 639 4299 equo
663 4230 789 4283 onerato
806 4241 878 4282 cum
900 4225 993 4282 rebus
1009 4224 1229 4296 cuiuscumque
1252 4221 1381 4294 generis,
1398 4220 1450 4279 de·

183 4332 263 4390 narii
278 4331 349 4390 duo.
367 4332 444 4390 Item
468 4332 507 4390 de
530 4333 612 4405 bigis
632 4333 765 4390 oneratis
790 4332 953 4405 quibusvis
969 4331 1071 4400 rebus,
1089 4329 1206 4387 denarii
1222 4328 1292 4386 duo.
1309 4328 1386 4385 Item
1411 4326 1449 4385 de

183 4452 246 4496 uno
271 4438 361 4511 bove,
385 4439 530 4498 denarius
554 4455 640 4497 unus.
663 4439 741 4496 Item
764 4438 803 4496 de
825 4439 928 4512 porcis
951 4444 980 4495 et
1006 4437 1115 4506 vaccis,
1144 4435 1286 4493 denarius
1319 4432 1448 4491 medius.

184 4542 261 4602 Item
277 4544 316 4604 de
332 4546 419 4619 equis
435 4546 609 4604 minoribus
626 4559 690 4603 non
703 4545 857 4602 babatatis
880 4550 909 4601 et
933 4543 1072 4613 cabellis,
1098 4541 1241 4599 denarius
1264 4555 1351 4597 unus.
1369 4539 1446 4597 Item

184 4648 223 4707 de
246 4651 333 4724 equis
354 4651 474 4709 sellatis
491 4653 619 4725 magnis,
642 4651 759 4709 denarIi
778 4656 918 4724 quatuor.
942 4651 1019 4707 Item
1036 4649 1074 4706 de
1096 4648 1232 4722 quinque
1254 4645 1376 4716 ovibus,
1393 4643 1444 4702 de·

185 4757 292 4815 narius
307 4773 393 4817 unus.
411 4759 486 4817 item
511 4758 548 4816 de
572 4760 676 4829 caseis,
700 4760 767 4816 ovis
791 4766 821 4816 et
837 4758 906 4815 aliis
924 4758 1089 4826 similibus,
1107 4771 1167 4828 que
1185 4754 1332 4811 mulieres
1348 4753 1449 4811 solent

185 4879 281 4938 supra
302 4865 404 4940 capita
419 4871 553 4940 portare,
577 4865 743 4939 recipiatur
768 4863 912 4923 denarius
937 4863 1071 4932 medius;
1097 4861 1197 4918 miuus
1220 4866 1323 4917 autem
1341 4857 1447 4916 decem
