<?xml version="1.0" encoding="UTF-8"?>
<!DOCTYPE html PUBLIC "-//W3C//DTD XHTML 1.0 Transitional//EN"
    "http://www.w3.org/TR/xhtml1/DTD/xhtml1-transitional.dtd">
<html xmlns="http://www.w3.org/1999/xhtml" xml:lang="en" lang="en">
 <head>
  <title>
</title>
<meta http-equiv="Content-Type" content="text/html;charset=utf-8" />
  <meta name='ocr-system' content='tesseract 3.04.00' />
  <meta name='ocr-capabilities' content='ocr_page ocr_carea ocr_par ocr_line ocrx_word'/>
</head>
<body>
  <div class='ocr_page' id='page_1' title='image "./monumentahistor01laszgoog_0463.png"; bbox 0 0 3278 5348; ppageno 0'>
   <div class='ocr_carea' id='block_1_1' title="bbox 616 442 1453 522">
    <p class='ocr_par' dir='ltr' id='par_1_1' title="bbox 616 442 1453 522">
     <span class='ocr_line' id='line_1_1' title="bbox 616 442 1453 522; baseline -0.004 -3"><span class='ocrx_word' id='word_1_1' title='bbox 616 442 692 501; x_wconf 60' lang='grc' dir='ltr'>θοι·</span> <span class='ocrx_word' id='word_1_2' title='bbox 716 455 784 519; x_wconf 73' lang='lat'><em>159·</em></span> <span class='ocrx_word' id='word_1_3' title='bbox 808 475 850 484; x_wconf 94' lang='lat'>-</span> <span class='ocrx_word' id='word_1_4' title='bbox 874 443 929 500; x_wconf 76' lang='lat' dir='ltr'>An·</span> <span class='ocrx_word' id='word_1_5' title='bbox 956 455 1045 520; x_wconf 70' lang='lat'><em>1445·</em></span> <span class='ocrx_word' id='word_1_6' title='bbox 1394 461 1453 522; x_wconf 85' lang='lat'>195</span> 
     </span>
    </p>
   </div>
   <div class='ocr_carea' id='block_1_2' title="bbox 183 654 1456 3493">
    <p class='ocr_par' dir='ltr' id='par_1_2' title="bbox 183 654 1456 3493">
     <span class='ocr_line' id='line_1_2' title="bbox 189 654 1454 731; baseline 0.001 -16"><span class='ocrx_word' id='word_1_7' title='bbox 189 673 279 715; x_wconf 89' lang='lat' dir='ltr'>cursu</span> <span class='ocrx_word' id='word_1_8' title='bbox 303 655 418 731; x_wconf 86' lang='lat' dir='ltr'>prefati</span> <span class='ocrx_word' id='word_1_9' title='bbox 439 655 527 715; x_wconf 87' lang='lat' dir='ltr'>tluvii</span> <span class='ocrx_word' id='word_1_10' title='bbox 550 654 775 715; x_wconf 88' lang='lat' dir='ltr'>Chemomercz</span> <span class='ocrx_word' id='word_1_11' title='bbox 798 658 908 727; x_wconf 89' lang='lat' dir='ltr'>vocati,</span> <span class='ocrx_word' id='word_1_12' title='bbox 931 658 1032 728; x_wconf 85' lang='lat' dir='ltr'>sitam,</span> <span class='ocrx_word' id='word_1_13' title='bbox 1055 658 1150 715; x_wconf 91' lang='lat' dir='ltr'>simul</span> <span class='ocrx_word' id='word_1_14' title='bbox 1190 673 1262 716; x_wconf 91' lang='lat' dir='ltr'>curn</span> <span class='ocrx_word' id='word_1_15' title='bbox 1294 654 1454 731; x_wconf 83' lang='lat' dir='ltr'>quoddam</span> 
     </span>
     <span class='ocr_line' id='line_1_3' title="bbox 190 762 1456 839; baseline 0.002 -19"><span class='ocrx_word' id='word_1_16' title='bbox 190 762 277 822; x_wconf 87' lang='lat' dir='ltr'>ienili</span> <span class='ocrx_word' id='word_1_17' title='bbox 301 778 411 837; x_wconf 89' lang='lat' dir='ltr'>parvo,</span> <span class='ocrx_word' id='word_1_18' title='bbox 435 762 536 822; x_wconf 91' lang='lat' dir='ltr'>eidem</span> <span class='ocrx_word' id='word_1_19' title='bbox 560 769 642 822; x_wconf 90' lang='lat' dir='ltr'>terre</span> <span class='ocrx_word' id='word_1_20' title='bbox 664 764 779 822; x_wconf 83' lang='lat' dir='ltr'>arabili</span> <span class='ocrx_word' id='word_1_21' title='bbox 800 762 959 839; x_wconf 89' lang='lat' dir='ltr'>adjacente</span> <span class='ocrx_word' id='word_1_22' title='bbox 982 764 1124 823; x_wconf 91' lang='lat' dir='ltr'>habitum</span> <span class='ocrx_word' id='word_1_23' title='bbox 1148 770 1176 822; x_wconf 92' lang='lat' dir='ltr'>et</span> <span class='ocrx_word' id='word_1_24' title='bbox 1212 765 1354 837; x_wconf 81' lang='lat' dir='ltr'>existens,</span> <span class='ocrx_word' id='word_1_25' title='bbox 1377 764 1456 823; x_wconf 92' lang='lat' dir='ltr'>duo·</span> 
     </span>
     <span class='ocr_line' id='line_1_4' title="bbox 188 868 1456 945; baseline 0.001 -17"><span class='ocrx_word' id='word_1_26' title='bbox 188 868 290 929; x_wconf 86' lang='lat' dir='ltr'>decim</span> <span class='ocrx_word' id='word_1_27' title='bbox 313 869 365 927; x_wconf 87' lang='lat' dir='ltr'>vel</span> <span class='ocrx_word' id='word_1_28' title='bbox 388 870 466 928; x_wconf 89' lang='lat' dir='ltr'>citra</span> <span class='ocrx_word' id='word_1_29' title='bbox 489 869 587 928; x_wconf 89' lang='lat' dir='ltr'>dietas</span> <span class='ocrx_word' id='word_1_30' title='bbox 610 875 692 928; x_wconf 90' lang='lat' dir='ltr'>terre</span> <span class='ocrx_word' id='word_1_31' title='bbox 707 871 786 929; x_wconf 86' lang='lat' dir='ltr'>inse</span> <span class='ocrx_word' id='word_1_32' title='bbox 806 872 1021 941; x_wconf 90' lang='lat' dir='ltr'>continentem,</span> <span class='ocrx_word' id='word_1_33' title='bbox 1038 871 1142 945; x_wconf 92' lang='lat' dir='ltr'>ipsum</span> <span class='ocrx_word' id='word_1_34' title='bbox 1165 871 1284 929; x_wconf 89' lang='lat' dir='ltr'>scilicet</span> <span class='ocrx_word' id='word_1_35' title='bbox 1306 871 1456 930; x_wconf 89' lang='lat' dir='ltr'>Mathiam</span> 
     </span>
     <span class='ocr_line' id='line_1_5' title="bbox 187 975 1456 1047; baseline 0.001 -13"><span class='ocrx_word' id='word_1_36' title='bbox 187 975 321 1035; x_wconf 76' lang='lat' dir='ltr'>Farlrass</span> <span class='ocrx_word' id='word_1_37' title='bbox 343 991 361 1033; x_wconf 93' lang='lat' dir='ltr'>a</span> <span class='ocrx_word' id='word_1_38' title='bbox 384 976 484 1034; x_wconf 89' lang='lat' dir='ltr'>nobili</span> <span class='ocrx_word' id='word_1_39' title='bbox 517 982 547 1034; x_wconf 88' lang='lat' dir='ltr'>et</span> <span class='ocrx_word' id='word_1_40' title='bbox 580 976 710 1035; x_wconf 87' lang='lat' dir='ltr'>honesto</span> <span class='ocrx_word' id='word_1_41' title='bbox 744 978 814 1035; x_wconf 92' lang='lat' dir='ltr'>viro</span> <span class='ocrx_word' id='word_1_42' title='bbox 848 979 1005 1036; x_wconf 89' lang='lat' dir='ltr'>Marinche</span> <span class='ocrx_word' id='word_1_43' title='bbox 1039 984 1159 1047; x_wconf 90' lang='lat' dir='ltr'>vocato,</span> <span class='ocrx_word' id='word_1_44' title='bbox 1183 991 1289 1035; x_wconf 88' lang='lat' dir='ltr'>socero</span> <span class='ocrx_word' id='word_1_45' title='bbox 1321 978 1456 1035; x_wconf 91' lang='lat' dir='ltr'>condam</span> 
     </span>
     <span class='ocr_line' id='line_1_6' title="bbox 186 1082 1453 1156; baseline 0.002 -16"><span class='ocrx_word' id='word_1_46' title='bbox 186 1082 304 1141; x_wconf 88' lang='lat' dir='ltr'>nobilis</span> <span class='ocrx_word' id='word_1_47' title='bbox 325 1082 471 1140; x_wconf 91' lang='lat' dir='ltr'>similiter</span> <span class='ocrx_word' id='word_1_48' title='bbox 500 1088 531 1140; x_wconf 90' lang='lat' dir='ltr'>et</span> <span class='ocrx_word' id='word_1_49' title='bbox 552 1082 673 1141; x_wconf 92' lang='lat' dir='ltr'>bonesti</span> <span class='ocrx_word' id='word_1_50' title='bbox 695 1083 755 1141; x_wconf 93' lang='lat' dir='ltr'>viri</span> <span class='ocrx_word' id='word_1_51' title='bbox 791 1084 961 1156; x_wconf 84' lang='lat' dir='ltr'>Michaelis,</span> <span class='ocrx_word' id='word_1_52' title='bbox 985 1084 1062 1141; x_wconf 91' lang='lat' dir='ltr'>olim</span> <span class='ocrx_word' id='word_1_53' title='bbox 1097 1085 1233 1142; x_wconf 87' lang='lat' dir='ltr'>concivis</span> <span class='ocrx_word' id='word_1_54' title='bbox 1264 1085 1369 1154; x_wconf 84' lang='lat' dir='ltr'>nostri,</span> <span class='ocrx_word' id='word_1_55' title='bbox 1394 1083 1453 1142; x_wconf 88' lang='lat' dir='ltr'>filii</span> 
     </span>
     <span class='ocr_line' id='line_1_7' title="bbox 187 1187 1453 1271; baseline 0.002 -25"><span class='ocrx_word' id='word_1_56' title='bbox 187 1187 312 1247; x_wconf 82' lang='lat' dir='ltr'>Andree</span> <span class='ocrx_word' id='word_1_57' title='bbox 334 1188 373 1246; x_wconf 90' lang='lat' dir='ltr'>de</span> <span class='ocrx_word' id='word_1_58' title='bbox 394 1189 504 1271; x_wconf 87' lang='lat' dir='ltr'>Japna,</span> <span class='ocrx_word' id='word_1_59' title='bbox 526 1189 604 1248; x_wconf 89' lang='lat' dir='ltr'>alias</span> <span class='ocrx_word' id='word_1_60' title='bbox 626 1198 794 1264; x_wconf 87' lang='lat' dir='ltr'>capetaneo</span> <span class='ocrx_word' id='word_1_61' title='bbox 817 1189 1078 1262; x_wconf 84' lang='lat' dir='ltr'>Nandoralbense,</span> <span class='ocrx_word' id='word_1_62' title='bbox 1095 1206 1175 1248; x_wconf 89' lang='lat' dir='ltr'>nunc</span> <span class='ocrx_word' id='word_1_63' title='bbox 1194 1205 1269 1247; x_wconf 90' lang='lat' dir='ltr'>vero</span> <span class='ocrx_word' id='word_1_64' title='bbox 1301 1191 1453 1248; x_wconf 85' lang='lat' dir='ltr'>servitore</span> 
     </span>
     <span class='ocr_line' id='line_1_8' title="bbox 188 1294 1454 1370; baseline 0.002 -18"><span class='ocrx_word' id='word_1_65' title='bbox 188 1294 348 1368; x_wconf 88' lang='lat' dir='ltr'>magnifici</span> <span class='ocrx_word' id='word_1_66' title='bbox 380 1296 441 1353; x_wconf 90' lang='lat' dir='ltr'>viri</span> <span class='ocrx_word' id='word_1_67' title='bbox 471 1294 590 1353; x_wconf 91' lang='lat' dir='ltr'>domini</span> <span class='ocrx_word' id='word_1_68' title='bbox 624 1295 790 1354; x_wconf 81' lang='lat' dir='ltr'>Mattlronis</span> <span class='ocrx_word' id='word_1_69' title='bbox 826 1295 864 1353; x_wconf 94' lang='lat' dir='ltr'>de</span> <span class='ocrx_word' id='word_1_70' title='bbox 898 1296 1050 1354; x_wconf 86' lang='lat' dir='ltr'>Talouecz</span> <span class='ocrx_word' id='word_1_71' title='bbox 1085 1312 1253 1370; x_wconf 87' lang='lat' dir='ltr'>regnorum</span> <span class='ocrx_word' id='word_1_72' title='bbox 1284 1295 1454 1368; x_wconf 89' lang='lat' dir='ltr'>Dalmacie,</span> 
     </span>
     <span class='ocr_line' id='line_1_9' title="bbox 187 1399 1448 1475; baseline 0.002 -17"><span class='ocrx_word' id='word_1_73' title='bbox 187 1399 316 1459; x_wconf 87' lang='lat' dir='ltr'>Croacie</span> <span class='ocrx_word' id='word_1_74' title='bbox 339 1416 375 1459; x_wconf 92' lang='lat' dir='ltr'>ac</span> <span class='ocrx_word' id='word_1_75' title='bbox 398 1401 496 1459; x_wconf 90' lang='lat' dir='ltr'>tocius</span> <span class='ocrx_word' id='word_1_76' title='bbox 518 1400 682 1459; x_wconf 87' lang='lat' dir='ltr'>Sclauonie</span> <span class='ocrx_word' id='word_1_77' title='bbox 704 1402 786 1473; x_wconf 88' lang='lat' dir='ltr'>bani,</span> <span class='ocrx_word' id='word_1_78' title='bbox 810 1403 980 1475; x_wconf 89' lang='lat' dir='ltr'>empcionis</span> <span class='ocrx_word' id='word_1_79' title='bbox 1004 1402 1096 1459; x_wconf 93' lang='lat' dir='ltr'>titulo</span> <span class='ocrx_word' id='word_1_80' title='bbox 1119 1402 1303 1460; x_wconf 86' lang='lat' dir='ltr'>litteratorie</span> <span class='ocrx_word' id='word_1_81' title='bbox 1326 1418 1448 1460; x_wconf 91' lang='lat' dir='ltr'>concer-</span> 
     </span>
     <span class='ocr_line' id='line_1_10' title="bbox 186 1508 1451 1582; baseline 0.001 -17"><span class='ocrx_word' id='word_1_82' title='bbox 186 1513 320 1579; x_wconf 87' lang='lat' dir='ltr'>nentem,</span> <span class='ocrx_word' id='word_1_83' title='bbox 344 1512 438 1582; x_wconf 91' lang='lat' dir='ltr'>prout</span> <span class='ocrx_word' id='word_1_84' title='bbox 460 1508 594 1566; x_wconf 90' lang='lat' dir='ltr'>habetur</span> <span class='ocrx_word' id='word_1_85' title='bbox 617 1509 649 1566; x_wconf 91' lang='lat' dir='ltr'>in</span> <span class='ocrx_word' id='word_1_86' title='bbox 671 1508 808 1582; x_wconf 91' lang='lat' dir='ltr'>quadam</span> <span class='ocrx_word' id='word_1_87' title='bbox 834 1509 937 1566; x_wconf 90' lang='lat' dir='ltr'>littera</span> <span class='ocrx_word' id='word_1_88' title='bbox 960 1516 1064 1566; x_wconf 90' lang='lat' dir='ltr'>nostra</span> <span class='ocrx_word' id='word_1_89' title='bbox 1080 1525 1133 1567; x_wconf 88' lang='lat' dir='ltr'>seu</span> <span class='ocrx_word' id='word_1_90' title='bbox 1154 1509 1286 1566; x_wconf 89' lang='lat' dir='ltr'>civitatis</span> <span class='ocrx_word' id='word_1_91' title='bbox 1311 1508 1451 1582; x_wconf 86' lang='lat' dir='ltr'>predicte</span> 
     </span>
     <span class='ocr_line' id='line_1_11' title="bbox 186 1612 1453 1690; baseline 0 -18"><span class='ocrx_word' id='word_1_92' title='bbox 186 1613 378 1688; x_wconf 82' lang='lat' dir='ltr'>privilegiali</span> <span class='ocrx_word' id='word_1_93' title='bbox 401 1620 543 1688; x_wconf 90' lang='lat' dir='ltr'>tempore</span> <span class='ocrx_word' id='word_1_94' title='bbox 578 1615 729 1687; x_wconf 88' lang='lat' dir='ltr'>presentis</span> <span class='ocrx_word' id='word_1_95' title='bbox 751 1612 904 1690; x_wconf 85' lang='lat' dir='ltr'>judicatus</span> <span class='ocrx_word' id='word_1_96' title='bbox 921 1614 1034 1690; x_wconf 87' lang='lat' dir='ltr'>prefati</span> <span class='ocrx_word' id='word_1_97' title='bbox 1056 1612 1166 1689; x_wconf 87' lang='lat' dir='ltr'>judicis</span> <span class='ocrx_word' id='word_1_98' title='bbox 1190 1615 1286 1672; x_wconf 87' lang='lat' dir='ltr'>nostri</span> <span class='ocrx_word' id='word_1_99' title='bbox 1310 1614 1453 1672; x_wconf 89' lang='lat' dir='ltr'>moderni</span> 
     </span>
     <span class='ocr_line' id='line_1_12' title="bbox 186 1718 1451 1796; baseline 0.002 -19"><span class='ocrx_word' id='word_1_100' title='bbox 186 1719 225 1778; x_wconf 94' lang='lat' dir='ltr'>de</span> <span class='ocrx_word' id='word_1_101' title='bbox 239 1734 321 1778; x_wconf 88' lang='lat' dir='ltr'>anno</span> <span class='ocrx_word' id='word_1_102' title='bbox 337 1718 456 1778; x_wconf 92' lang='lat' dir='ltr'>domini</span> <span class='ocrx_word' id='word_1_103' title='bbox 471 1736 552 1778; x_wconf 90' lang='lat' dir='ltr'>nunc</span> <span class='ocrx_word' id='word_1_104' title='bbox 574 1722 709 1795; x_wconf 88' lang='lat' dir='ltr'>presenti</span> <span class='ocrx_word' id='word_1_105' title='bbox 733 1727 763 1778; x_wconf 87' lang='lat' dir='ltr'>et</span> <span class='ocrx_word' id='word_1_106' title='bbox 785 1721 985 1795; x_wconf 84' lang='lat' dir='ltr'>infrascripto</span> <span class='ocrx_word' id='word_1_107' title='bbox 1008 1721 1084 1779; x_wconf 81' lang='lat' dir='ltr'>scria</span> <span class='ocrx_word' id='word_1_108' title='bbox 1107 1728 1193 1779; x_wconf 86' lang='lat' dir='ltr'>sexta</span> <span class='ocrx_word' id='word_1_109' title='bbox 1217 1723 1360 1796; x_wconf 85' lang='lat' dir='ltr'>proxima</span> <span class='ocrx_word' id='word_1_110' title='bbox 1380 1728 1451 1795; x_wconf 91' lang='lat' dir='ltr'>post</span> 
     </span>
     <span class='ocr_line' id='line_1_13' title="bbox 186 1825 1453 1902; baseline 0 -18"><span class='ocrx_word' id='word_1_111' title='bbox 186 1825 300 1884; x_wconf 86' lang='lat' dir='ltr'>festum</span> <span class='ocrx_word' id='word_1_112' title='bbox 317 1828 413 1885; x_wconf 90' lang='lat' dir='ltr'>sancti</span> <span class='ocrx_word' id='word_1_113' title='bbox 441 1827 585 1900; x_wconf 85' lang='lat' dir='ltr'>Gregorii</span> <span class='ocrx_word' id='word_1_114' title='bbox 608 1843 690 1902; x_wconf 92' lang='lat' dir='ltr'>pape</span> <span class='ocrx_word' id='word_1_115' title='bbox 713 1834 805 1900; x_wconf 91' lang='lat' dir='ltr'>atque</span> <span class='ocrx_word' id='word_1_116' title='bbox 833 1827 975 1900; x_wconf 88' lang='lat' dir='ltr'>doctoris,</span> <span class='ocrx_word' id='word_1_117' title='bbox 999 1828 1193 1900; x_wconf 85' lang='lat' dir='ltr'>aliquamdiu</span> <span class='ocrx_word' id='word_1_118' title='bbox 1221 1829 1369 1902; x_wconf 89' lang='lat' dir='ltr'>preteriti,</span> <span class='ocrx_word' id='word_1_119' title='bbox 1394 1842 1453 1901; x_wconf 93' lang='lat' dir='ltr'>pro</span> 
     </span>
     <span class='ocr_line' id='line_1_14' title="bbox 185 1932 1452 2008; baseline 0.002 -20"><span class='ocrx_word' id='word_1_120' title='bbox 185 1937 275 2006; x_wconf 90' lang='lat' dir='ltr'>parte</span> <span class='ocrx_word' id='word_1_121' title='bbox 298 1932 395 2006; x_wconf 92' lang='lat' dir='ltr'>ipsius</span> <span class='ocrx_word' id='word_1_122' title='bbox 411 1935 546 1992; x_wconf 90' lang='lat' dir='ltr'>Mathiae</span> <span class='ocrx_word' id='word_1_123' title='bbox 561 1933 691 1992; x_wconf 85' lang='lat' dir='ltr'>Farlrass</span> <span class='ocrx_word' id='word_1_124' title='bbox 708 1934 873 2008; x_wconf 88' lang='lat' dir='ltr'>superinde</span> <span class='ocrx_word' id='word_1_125' title='bbox 900 1933 1038 1991; x_wconf 83' lang='lat' dir='ltr'>confecta</span> <span class='ocrx_word' id='word_1_126' title='bbox 1066 1940 1097 1991; x_wconf 88' lang='lat' dir='ltr'>et</span> <span class='ocrx_word' id='word_1_127' title='bbox 1118 1941 1260 1992; x_wconf 85' lang='lat' dir='ltr'>emanata</span> <span class='ocrx_word' id='word_1_128' title='bbox 1284 1951 1319 1990; x_wconf 88' lang='lat' dir='ltr'>ac</span> <span class='ocrx_word' id='word_1_129' title='bbox 1346 1948 1452 1991; x_wconf 91' lang='lat' dir='ltr'>coram</span> 
     </span>
     <span class='ocr_line' id='line_1_15' title="bbox 184 2038 1453 2115; baseline 0.002 -20"><span class='ocrx_word' id='word_1_130' title='bbox 184 2038 277 2096; x_wconf 89' lang='lat' dir='ltr'>nobis</span> <span class='ocrx_word' id='word_1_131' title='bbox 303 2038 334 2095; x_wconf 92' lang='lat' dir='ltr'>in</span> <span class='ocrx_word' id='word_1_132' title='bbox 357 2041 459 2113; x_wconf 87' lang='lat' dir='ltr'>specie</span> <span class='ocrx_word' id='word_1_133' title='bbox 482 2040 642 2114; x_wconf 90' lang='lat' dir='ltr'>producta,</span> <span class='ocrx_word' id='word_1_134' title='bbox 666 2056 810 2115; x_wconf 87' lang='lat' dir='ltr'>expresse</span> <span class='ocrx_word' id='word_1_135' title='bbox 834 2040 970 2098; x_wconf 90' lang='lat' dir='ltr'>vidimus</span> <span class='ocrx_word' id='word_1_136' title='bbox 993 2042 1150 2112; x_wconf 87' lang='lat' dir='ltr'>contineri,</span> <span class='ocrx_word' id='word_1_137' title='bbox 1173 2041 1268 2098; x_wconf 90' lang='lat' dir='ltr'>simul</span> <span class='ocrx_word' id='word_1_138' title='bbox 1292 2055 1363 2098; x_wconf 90' lang='lat' dir='ltr'>cum</span> <span class='ocrx_word' id='word_1_139' title='bbox 1386 2055 1453 2098; x_wconf 91' lang='lat' dir='ltr'>om·</span> 
     </span>
     <span class='ocr_line' id='line_1_16' title="bbox 185 2144 1453 2205; baseline 0.001 -3"><span class='ocrx_word' id='word_1_140' title='bbox 185 2144 278 2203; x_wconf 92' lang='lat' dir='ltr'>nibus</span> <span class='ocrx_word' id='word_1_141' title='bbox 311 2144 449 2203; x_wconf 88' lang='lat' dir='ltr'>eiusdem</span> <span class='ocrx_word' id='word_1_142' title='bbox 482 2153 563 2205; x_wconf 89' lang='lat' dir='ltr'>terre</span> <span class='ocrx_word' id='word_1_143' title='bbox 594 2147 724 2204; x_wconf 89' lang='lat' dir='ltr'>arabilis</span> <span class='ocrx_word' id='word_1_144' title='bbox 757 2162 793 2203; x_wconf 92' lang='lat' dir='ltr'>ac</span> <span class='ocrx_word' id='word_1_145' title='bbox 828 2145 903 2204; x_wconf 90' lang='lat' dir='ltr'>dicti</span> <span class='ocrx_word' id='word_1_146' title='bbox 938 2146 1040 2204; x_wconf 81' lang='lat' dir='ltr'>senilis</span> <span class='ocrx_word' id='word_1_147' title='bbox 1071 2146 1172 2204; x_wconf 91' lang='lat' dir='ltr'>eidem</span> <span class='ocrx_word' id='word_1_148' title='bbox 1210 2151 1291 2204; x_wconf 90' lang='lat' dir='ltr'>terre</span> <span class='ocrx_word' id='word_1_149' title='bbox 1323 2146 1453 2204; x_wconf 90' lang='lat' dir='ltr'>arrabili</span> 
     </span>
     <span class='ocr_line' id='line_1_17' title="bbox 184 2248 1452 2327; baseline 0.002 -20"><span class='ocrx_word' id='word_1_150' title='bbox 184 2248 355 2327; x_wconf 87' lang='lat' dir='ltr'>adjacentis</span> <span class='ocrx_word' id='word_1_151' title='bbox 388 2253 584 2323; x_wconf 87' lang='lat' dir='ltr'>utilitatibus,</span> <span class='ocrx_word' id='word_1_152' title='bbox 618 2250 746 2327; x_wconf 89' lang='lat' dir='ltr'>juribus,</span> <span class='ocrx_word' id='word_1_153' title='bbox 781 2253 897 2323; x_wconf 83' lang='lat' dir='ltr'>usibus,</span> <span class='ocrx_word' id='word_1_154' title='bbox 930 2253 1157 2325; x_wconf 86' lang='lat' dir='ltr'>integritatibus</span> <span class='ocrx_word' id='word_1_155' title='bbox 1192 2258 1222 2309; x_wconf 89' lang='lat' dir='ltr'>et</span> <span class='ocrx_word' id='word_1_156' title='bbox 1257 2252 1452 2325; x_wconf 88' lang='lat' dir='ltr'>pertinenciis</span> 
     </span>
     <span class='ocr_line' id='line_1_18' title="bbox 185 2356 1451 2432; baseline 0.001 -18"><span class='ocrx_word' id='word_1_157' title='bbox 185 2357 347 2426; x_wconf 89' lang='lat' dir='ltr'>universis,</span> <span class='ocrx_word' id='word_1_158' title='bbox 378 2358 446 2415; x_wconf 90' lang='lat' dir='ltr'>viro</span> <span class='ocrx_word' id='word_1_159' title='bbox 469 2357 613 2416; x_wconf 89' lang='lat' dir='ltr'>similiter</span> <span class='ocrx_word' id='word_1_160' title='bbox 635 2356 768 2432; x_wconf 91' lang='lat' dir='ltr'>provido</span> <span class='ocrx_word' id='word_1_161' title='bbox 791 2357 949 2432; x_wconf 88' lang='lat' dir='ltr'>Stephano</span> <span class='ocrx_word' id='word_1_162' title='bbox 972 2358 1118 2429; x_wconf 88' lang='lat' dir='ltr'>camiiici,</span> <span class='ocrx_word' id='word_1_163' title='bbox 1142 2358 1224 2415; x_wconf 94' lang='lat' dir='ltr'>dicto</span> <span class='ocrx_word' id='word_1_164' title='bbox 1247 2357 1360 2431; x_wconf 89' lang='lat' dir='ltr'>Zayk0,</span> <span class='ocrx_word' id='word_1_165' title='bbox 1383 2357 1451 2415; x_wconf 90' lang='lat' dir='ltr'>filio</span> 
     </span>
     <span class='ocr_line' id='line_1_19' title="bbox 186 2462 1452 2538; baseline 0.002 -19"><span class='ocrx_word' id='word_1_166' title='bbox 186 2462 291 2520; x_wconf 83' lang='lat' dir='ltr'>Mareu</span> <span class='ocrx_word' id='word_1_167' title='bbox 315 2462 559 2535; x_wconf 88' lang='lat' dir='ltr'>Klokocheuecz,</span> <span class='ocrx_word' id='word_1_168' title='bbox 583 2464 705 2522; x_wconf 90' lang='lat' dir='ltr'>concivi</span> <span class='ocrx_word' id='word_1_169' title='bbox 728 2464 872 2521; x_wconf 90' lang='lat' dir='ltr'>similiter</span> <span class='ocrx_word' id='word_1_170' title='bbox 893 2470 1006 2534; x_wconf 82' lang='lat' dir='ltr'>nostru,</span> <span class='ocrx_word' id='word_1_171' title='bbox 1030 2479 1066 2521; x_wconf 90' lang='lat' dir='ltr'>ac</span> <span class='ocrx_word' id='word_1_172' title='bbox 1089 2481 1146 2538; x_wconf 91' lang='lat' dir='ltr'>per</span> <span class='ocrx_word' id='word_1_173' title='bbox 1169 2479 1241 2520; x_wconf 91' lang='lat' dir='ltr'>eum</span> <span class='ocrx_word' id='word_1_174' title='bbox 1271 2465 1335 2522; x_wconf 90' lang='lat' dir='ltr'>suis</span> <span class='ocrx_word' id='word_1_175' title='bbox 1366 2464 1452 2521; x_wconf 91' lang='lat' dir='ltr'>here-</span> 
     </span>
     <span class='ocr_line' id='line_1_20' title="bbox 185 2567 1451 2644; baseline 0 -18"><span class='ocrx_word' id='word_1_176' title='bbox 185 2567 276 2627; x_wconf 87' lang='lat' dir='ltr'>dibus</span> <span class='ocrx_word' id='word_1_177' title='bbox 300 2584 359 2641; x_wconf 90' lang='lat' dir='ltr'>pro</span> <span class='ocrx_word' id='word_1_178' title='bbox 382 2571 605 2643; x_wconf 91' lang='lat' dir='ltr'>quinquaginta</span> <span class='ocrx_word' id='word_1_179' title='bbox 628 2570 751 2628; x_wconf 73' lang='lat' dir='ltr'>florenis</span> <span class='ocrx_word' id='word_1_180' title='bbox 774 2571 883 2640; x_wconf 69' lang='lat' dir='ltr'>aureis</span> <span class='ocrx_word' id='word_1_181' title='bbox 908 2588 964 2644; x_wconf 90' lang='lat' dir='ltr'>per</span> <span class='ocrx_word' id='word_1_182' title='bbox 987 2570 1119 2628; x_wconf 89' lang='lat' dir='ltr'>eundem</span> <span class='ocrx_word' id='word_1_183' title='bbox 1135 2570 1328 2643; x_wconf 89' lang='lat' dir='ltr'>Stephanum</span> <span class='ocrx_word' id='word_1_184' title='bbox 1351 2570 1451 2626; x_wconf 88' lang='lat' dir='ltr'>carni·</span> 
     </span>
     <span class='ocr_line' id='line_1_21' title="bbox 185 2672 1448 2759; baseline -0.002 -26"><span class='ocrx_word' id='word_1_185' title='bbox 185 2674 275 2733; x_wconf 89' lang='lat' dir='ltr'>ficem</span> <span class='ocrx_word' id='word_1_186' title='bbox 300 2675 421 2749; x_wconf 84' lang='lat' dir='ltr'>prefato</span> <span class='ocrx_word' id='word_1_187' title='bbox 444 2676 559 2733; x_wconf 89' lang='lat' dir='ltr'>Mathie</span> <span class='ocrx_word' id='word_1_188' title='bbox 583 2674 712 2733; x_wconf 85' lang='lat' dir='ltr'>Farlrass</span> <span class='ocrx_word' id='word_1_189' title='bbox 734 2674 846 2750; x_wconf 80' lang='lat' dir='ltr'>J&#39;urat0,</span> <span class='ocrx_word' id='word_1_190' title='bbox 871 2683 963 2748; x_wconf 90' lang='lat' dir='ltr'>prout</span> <span class='ocrx_word' id='word_1_191' title='bbox 986 2677 1117 2749; x_wconf 88' lang='lat' dir='ltr'>ipsemet</span> <span class='ocrx_word' id='word_1_192' title='bbox 1141 2676 1232 2733; x_wconf 90' lang='lat' dir='ltr'>nobis</span> <span class='ocrx_word' id='word_1_193' title='bbox 1256 2675 1362 2759; x_wconf 66' lang='lat' dir='ltr'>retulit</span> <span class='ocrx_word' id='word_1_194' title='bbox 1383 2672 1448 2749; x_wconf 88' lang='lat' dir='ltr'>jam</span> 
     </span>
     <span class='ocr_line' id='line_1_22' title="bbox 186 2781 1451 2856; baseline -0.001 -18"><span class='ocrx_word' id='word_1_195' title='bbox 186 2782 275 2854; x_wconf 87' lang='lat' dir='ltr'>plene</span> <span class='ocrx_word' id='word_1_196' title='bbox 300 2781 477 2856; x_wconf 90' lang='lat' dir='ltr'>persolutis,</span> <span class='ocrx_word' id='word_1_197' title='bbox 501 2781 697 2853; x_wconf 89' lang='lat' dir='ltr'>vendidisset,</span> <span class='ocrx_word' id='word_1_198' title='bbox 719 2783 816 2840; x_wconf 88' lang='lat' dir='ltr'>immo</span> <span class='ocrx_word' id='word_1_199' title='bbox 840 2799 878 2839; x_wconf 82' lang='lat' dir='ltr'>cx</span> <span class='ocrx_word' id='word_1_200' title='bbox 902 2798 1049 2839; x_wconf 86' lang='lat' dir='ltr'>consensu</span> <span class='ocrx_word' id='word_1_201' title='bbox 1075 2784 1214 2839; x_wconf 87' lang='lat' dir='ltr'>virorum</span> <span class='ocrx_word' id='word_1_202' title='bbox 1239 2781 1451 2854; x_wconf 88' lang='lat' dir='ltr'>predictorum</span> 
     </span>
     <span class='ocr_line' id='line_1_23' title="bbox 186 2886 1451 2963; baseline 0 -20"><span class='ocrx_word' id='word_1_203' title='bbox 186 2887 325 2946; x_wconf 90' lang='lat' dir='ltr'>vendidit</span> <span class='ocrx_word' id='word_1_204' title='bbox 358 2895 388 2945; x_wconf 90' lang='lat' dir='ltr'>et</span> <span class='ocrx_word' id='word_1_205' title='bbox 422 2888 554 2945; x_wconf 90' lang='lat' dir='ltr'>contulit</span> <span class='ocrx_word' id='word_1_206' title='bbox 592 2903 697 2946; x_wconf 92' lang='lat' dir='ltr'>coram</span> <span class='ocrx_word' id='word_1_207' title='bbox 731 2889 821 2945; x_wconf 90' lang='lat' dir='ltr'>nobis</span> <span class='ocrx_word' id='word_1_208' title='bbox 856 2886 923 2963; x_wconf 89' lang='lat' dir='ltr'>jure</span> <span class='ocrx_word' id='word_1_209' title='bbox 960 2893 1112 2963; x_wconf 88' lang='lat' dir='ltr'>perpetuo</span> <span class='ocrx_word' id='word_1_210' title='bbox 1147 2893 1177 2945; x_wconf 88' lang='lat' dir='ltr'>et</span> <span class='ocrx_word' id='word_1_211' title='bbox 1200 2887 1451 2945; x_wconf 87' lang='lat' dir='ltr'>irrevocabiliter</span> 
     </span>
     <span class='ocr_line' id='line_1_24' title="bbox 186 2992 1450 3068; baseline -0.001 -16"><span class='ocrx_word' id='word_1_212' title='bbox 186 2993 414 3068; x_wconf 88' lang='lat' dir='ltr'>possidendam,</span> <span class='ocrx_word' id='word_1_213' title='bbox 436 2994 611 3062; x_wconf 88' lang='lat' dir='ltr'>tenendam,</span> <span class='ocrx_word' id='word_1_214' title='bbox 636 2996 752 3068; x_wconf 87' lang='lat' dir='ltr'>pariter</span> <span class='ocrx_word' id='word_1_215' title='bbox 773 3001 803 3052; x_wconf 90' lang='lat' dir='ltr'>et</span> <span class='ocrx_word' id='word_1_216' title='bbox 833 2994 1010 3052; x_wconf 90' lang='lat' dir='ltr'>habendam</span> <span class='ocrx_word' id='word_1_217' title='bbox 1045 3009 1081 3051; x_wconf 90' lang='lat' dir='ltr'>ac</span> <span class='ocrx_word' id='word_1_218' title='bbox 1115 2992 1202 3068; x_wconf 89' lang='lat' dir='ltr'>juxta</span> <span class='ocrx_word' id='word_1_219' title='bbox 1236 2993 1450 3051; x_wconf 90' lang='lat' dir='ltr'>condicionem</span> 
     </span>
     <span class='ocr_line' id='line_1_25' title="bbox 186 3100 1452 3174; baseline -0.001 -15"><span class='ocrx_word' id='word_1_220' title='bbox 186 3101 318 3159; x_wconf 87' lang='lat' dir='ltr'>civitatis</span> <span class='ocrx_word' id='word_1_221' title='bbox 350 3105 510 3174; x_wconf 87' lang='lat' dir='ltr'>prenotate</span> <span class='ocrx_word' id='word_1_222' title='bbox 532 3100 573 3157; x_wconf 89' lang='lat' dir='ltr'>ab</span> <span class='ocrx_word' id='word_1_223' title='bbox 596 3102 723 3173; x_wconf 89' lang='lat' dir='ltr'>antiquo</span> <span class='ocrx_word' id='word_1_224' title='bbox 747 3101 955 3174; x_wconf 89' lang='lat' dir='ltr'>approbatam</span> <span class='ocrx_word' id='word_1_225' title='bbox 988 3100 1280 3173; x_wconf 88' lang='lat' dir='ltr'>quomodocumque</span> <span class='ocrx_word' id='word_1_226' title='bbox 1315 3100 1452 3158; x_wconf 88' lang='lat' dir='ltr'>voluerit</span> 
     </span>
     <span class='ocr_line' id='line_1_26' title="bbox 184 3205 1450 3281; baseline -0.001 -16"><span class='ocrx_word' id='word_1_227' title='bbox 184 3205 419 3281; x_wconf 89' lang='lat' dir='ltr'>disponendam.</span> <span class='ocrx_word' id='word_1_228' title='bbox 437 3207 469 3264; x_wconf 89' lang='lat' dir='ltr'>In</span> <span class='ocrx_word' id='word_1_229' title='bbox 490 3208 576 3264; x_wconf 89' lang='lat' dir='ltr'>cuius</span> <span class='ocrx_word' id='word_1_230' title='bbox 591 3209 636 3265; x_wconf 91' lang='lat' dir='ltr'>rei</span> <span class='ocrx_word' id='word_1_231' title='bbox 652 3209 836 3264; x_wconf 88' lang='lat' dir='ltr'>memoriam</span> <span class='ocrx_word' id='word_1_232' title='bbox 853 3216 946 3280; x_wconf 90' lang='lat' dir='ltr'>atque</span> <span class='ocrx_word' id='word_1_233' title='bbox 963 3208 1182 3276; x_wconf 89' lang='lat' dir='ltr'>testimonium,</span> <span class='ocrx_word' id='word_1_234' title='bbox 1207 3207 1450 3280; x_wconf 88' lang='lat' dir='ltr'>firmitatemque</span> 
     </span>
     <span class='ocr_line' id='line_1_27' title="bbox 183 3312 1451 3388; baseline -0.002 -16"><span class='ocrx_word' id='word_1_235' title='bbox 183 3322 369 3388; x_wconf 87' lang='lat' dir='ltr'>perpetuam</span> <span class='ocrx_word' id='word_1_236' title='bbox 391 3312 588 3386; x_wconf 89' lang='lat' dir='ltr'>presentibus</span> <span class='ocrx_word' id='word_1_237' title='bbox 611 3313 753 3384; x_wconf 86' lang='lat' dir='ltr'>sigillum</span> <span class='ocrx_word' id='word_1_238' title='bbox 776 3320 918 3370; x_wconf 88' lang='lat' dir='ltr'>nostrum</span> <span class='ocrx_word' id='word_1_239' title='bbox 954 3329 1119 3371; x_wconf 88' lang='lat' dir='ltr'>commune</span> <span class='ocrx_word' id='word_1_240' title='bbox 1154 3313 1301 3371; x_wconf 86' lang='lat' dir='ltr'>duximus</span> <span class='ocrx_word' id='word_1_241' title='bbox 1335 3327 1451 3387; x_wconf 90' lang='lat' dir='ltr'>appen-</span> 
     </span>
     <span class='ocr_line' id='line_1_28' title="bbox 183 3418 1449 3493; baseline -0.002 -15"><span class='ocrx_word' id='word_1_242' title='bbox 183 3418 330 3478; x_wconf 89' lang='lat' dir='ltr'>dendum.</span> <span class='ocrx_word' id='word_1_243' title='bbox 354 3419 470 3476; x_wconf 93' lang='lat' dir='ltr'>Datum</span> <span class='ocrx_word' id='word_1_244' title='bbox 494 3420 525 3477; x_wconf 89' lang='lat' dir='ltr'>in</span> <span class='ocrx_word' id='word_1_245' title='bbox 549 3419 627 3477; x_wconf 84' lang='lat' dir='ltr'>festo</span> <span class='ocrx_word' id='word_1_246' title='bbox 650 3420 747 3477; x_wconf 88' lang='lat' dir='ltr'>sancti</span> <span class='ocrx_word' id='word_1_247' title='bbox 771 3421 885 3476; x_wconf 84' lang='lat' dir='ltr'>liathci</span> <span class='ocrx_word' id='word_1_248' title='bbox 909 3421 1044 3493; x_wconf 87' lang='lat' dir='ltr'>apostoli</span> <span class='ocrx_word' id='word_1_249' title='bbox 1067 3427 1096 3476; x_wconf 86' lang='lat' dir='ltr'>et</span> <span class='ocrx_word' id='word_1_250' title='bbox 1119 3420 1324 3492; x_wconf 84' lang='lat' dir='ltr'>ewangeliste.</span> <span class='ocrx_word' id='word_1_251' title='bbox 1360 3421 1449 3477; x_wconf 83' lang='lat' dir='ltr'>Anno</span> 
     </span>
    </p>
   </div>
   <div class='ocr_carea' id='block_1_3' title="bbox 182 3524 1214 3599">
    <p class='ocr_par' dir='ltr' id='par_1_3' title="bbox 182 3524 1214 3599">
     <span class='ocr_line' id='line_1_29' title="bbox 182 3524 1214 3599; baseline -0.002 -15"><span class='ocrx_word' id='word_1_252' title='bbox 182 3524 303 3584; x_wconf 90' lang='lat' dir='ltr'>domini</span> <span class='ocrx_word' id='word_1_253' title='bbox 326 3525 496 3582; x_wconf 89' lang='lat' dir='ltr'>millesimo</span> <span class='ocrx_word' id='word_1_254' title='bbox 520 3524 826 3598; x_wconf 86' lang='lat' dir='ltr'>quadringentesimo</span> <span class='ocrx_word' id='word_1_255' title='bbox 849 3526 1088 3599; x_wconf 84' lang='lat' dir='ltr'>quadragesimo</span> <span class='ocrx_word' id='word_1_256' title='bbox 1112 3528 1214 3584; x_wconf 88' lang='lat' dir='ltr'>tercio.</span> 
     </span>
    </p>
   </div>
   <div class='ocr_carea' id='block_1_4' title="bbox 181 3634 1446 3775">
    <p class='ocr_par' dir='ltr' id='par_1_4' title="bbox 181 3634 1446 3775">
     <span class='ocr_line' id='line_1_30' title="bbox 289 3634 1446 3701; baseline 0.004 -18"><span class='ocrx_word' id='word_1_257' title='bbox 289 3636 312 3683; x_wconf 90' lang='lat' dir='ltr'><strong>E</strong></span> <span class='ocrx_word' id='word_1_258' title='bbox 332 3641 491 3699; x_wconf 85' lang='lat' dir='ltr'>transumpto</span> <span class='ocrx_word' id='word_1_259' title='bbox 510 3650 575 3685; x_wconf 85' lang='lat' dir='ltr'>saec.</span> <span class='ocrx_word' id='word_1_260' title='bbox 595 3635 689 3684; x_wconf 83' lang='lat' dir='ltr'>XVII.</span> <span class='ocrx_word' id='word_1_261' title='bbox 718 3636 750 3682; x_wconf 89' lang='lat' dir='ltr'>In</span> <span class='ocrx_word' id='word_1_262' title='bbox 768 3634 883 3684; x_wconf 84' lang='lat' dir='ltr'>archivio</span> <span class='ocrx_word' id='word_1_263' title='bbox 902 3651 972 3698; x_wconf 85' lang='lat' dir='ltr'>regn.</span> <span class='ocrx_word' id='word_1_264' title='bbox 1001 3636 1085 3686; x_wconf 85' lang='lat' dir='ltr'>Croni.</span> <span class='ocrx_word' id='word_1_265' title='bbox 1111 3635 1180 3685; x_wconf 84' lang='lat' dir='ltr'>Slav.</span> <span class='ocrx_word' id='word_1_266' title='bbox 1205 3636 1289 3687; x_wconf 89' lang='lat' dir='ltr'>Dalm.</span> <span class='ocrx_word' id='word_1_267' title='bbox 1311 3638 1371 3688; x_wconf 86' lang='lat' dir='ltr'>Act.</span> <span class='ocrx_word' id='word_1_268' title='bbox 1390 3638 1446 3701; x_wconf 88' lang='lat' dir='ltr'>Jes.</span> 
     </span>
     <span class='ocr_line' id='line_1_31' title="bbox 181 3724 428 3775; baseline 0.008 -2"><span class='ocrx_word' id='word_1_269' title='bbox 181 3724 244 3774; x_wconf 72' lang='lat' dir='ltr'>inse.</span> <span class='ocrx_word' id='word_1_270' title='bbox 268 3726 307 3774; x_wconf 80' lang='lat'>18.</span> <span class='ocrx_word' id='word_1_271' title='bbox 327 3739 365 3775; x_wconf 83' lang='lat' dir='ltr'>nr.</span> <span class='ocrx_word' id='word_1_272' title='bbox 386 3735 428 3775; x_wconf 85' lang='lat'>20.</span> 
     </span>
    </p>
   </div>
   <div class='ocr_carea' id='block_1_5' title="bbox 289 3872 854 4028">
    <p class='ocr_par' dir='ltr' id='par_1_5' title="bbox 289 3872 854 4028">
     <span class='ocr_line' id='line_1_32' title="bbox 778 3872 854 3941; baseline -0.013 -2"><span class='ocrx_word' id='word_1_273' title='bbox 778 3872 854 3941; x_wconf 84' lang='grc'><strong>139.</strong></span> 
     </span>
     <span class='ocr_line' id='line_1_33' title="bbox 289 3964 465 4028; baseline 0.006 -2"><span class='ocrx_word' id='word_1_274' title='bbox 289 3964 370 4012; x_wconf 83' lang='lat' dir='ltr'>Anno</span> <span class='ocrx_word' id='word_1_275' title='bbox 391 3974 465 4028; x_wconf 85' lang='lat'><strong>¹445·</strong></span> 
     </span>
    </p>
   </div>
   <div class='ocr_carea' id='block_1_6' title="bbox 182 4065 1450 4776">
    <p class='ocr_par' dir='ltr' id='par_1_6' title="bbox 182 4065 1450 4776">
     <span class='ocr_line' id='line_1_34' title="bbox 289 4065 1447 4139; baseline -0.002 -14"><span class='ocrx_word' id='word_1_276' title='bbox 289 4066 440 4125; x_wconf 88' lang='lat' dir='ltr'>Gverales</span> <span class='ocrx_word' id='word_1_277' title='bbox 473 4066 594 4123; x_wconf 87' lang='lat' dir='ltr'>litterae</span> <span class='ocrx_word' id='word_1_278' title='bbox 625 4065 823 4137; x_wconf 80' lang='lat' dir='ltr'>magistratus</span> <span class='ocrx_word' id='word_1_279' title='bbox 858 4065 991 4123; x_wconf 90' lang='lat' dir='ltr'>civitatis</span> <span class='ocrx_word' id='word_1_280' title='bbox 1023 4067 1136 4123; x_wconf 91' lang='lat' dir='ltr'>montis</span> <span class='ocrx_word' id='word_1_281' title='bbox 1167 4065 1329 4124; x_wconf 89' lang='lat' dir='ltr'>Grecensis</span> <span class='ocrx_word' id='word_1_282' title='bbox 1352 4082 1447 4139; x_wconf 86' lang='lat' dir='ltr'>super</span> 
     </span>
     <span class='ocr_line' id='line_1_35' title="bbox 182 4170 1448 4246; baseline -0.003 -13"><span class='ocrx_word' id='word_1_283' title='bbox 182 4174 274 4234; x_wconf 85' lang='lat' dir='ltr'>vinea</span> <span class='ocrx_word' id='word_1_284' title='bbox 290 4172 450 4232; x_wconf 87' lang='lat' dir='ltr'>Ambrosii</span> <span class='ocrx_word' id='word_1_285' title='bbox 474 4173 630 4242; x_wconf 89' lang='lat' dir='ltr'>institoris,</span> <span class='ocrx_word' id='word_1_286' title='bbox 653 4172 711 4229; x_wconf 88' lang='lat' dir='ltr'>filii</span> <span class='ocrx_word' id='word_1_287' title='bbox 733 4171 868 4244; x_wconf 88' lang='lat' dir='ltr'>Georgii,</span> <span class='ocrx_word' id='word_1_288' title='bbox 894 4172 970 4229; x_wconf 90' lang='lat' dir='ltr'>civis</span> <span class='ocrx_word' id='word_1_289' title='bbox 994 4172 1024 4229; x_wconf 91' lang='lat' dir='ltr'>in</span> <span class='ocrx_word' id='word_1_290' title='bbox 1048 4173 1203 4229; x_wconf 89' lang='lat' dir='ltr'>territorio</span> <span class='ocrx_word' id='word_1_291' title='bbox 1219 4170 1357 4246; x_wconf 88' lang='lat' dir='ltr'>ejusdem</span> <span class='ocrx_word' id='word_1_292' title='bbox 1374 4173 1448 4230; x_wconf 90' lang='lat' dir='ltr'>civi·</span> 
     </span>
     <span class='ocr_line' id='line_1_36' title="bbox 182 4278 1448 4351; baseline -0.003 -13"><span class='ocrx_word' id='word_1_293' title='bbox 182 4281 255 4338; x_wconf 85' lang='lat' dir='ltr'>tatis</span> <span class='ocrx_word' id='word_1_294' title='bbox 277 4280 394 4351; x_wconf 87' lang='lat' dir='ltr'>habita,</span> <span class='ocrx_word' id='word_1_295' title='bbox 415 4279 510 4337; x_wconf 90' lang='lat' dir='ltr'>simul</span> <span class='ocrx_word' id='word_1_296' title='bbox 533 4294 605 4335; x_wconf 90' lang='lat' dir='ltr'>cum</span> <span class='ocrx_word' id='word_1_297' title='bbox 628 4278 761 4349; x_wconf 73' lang='lat' dir='ltr'>stabulo</span> <span class='ocrx_word' id='word_1_298' title='bbox 790 4278 969 4350; x_wconf 88' lang='lat' dir='ltr'>cunctisque</span> <span class='ocrx_word' id='word_1_299' title='bbox 985 4278 1122 4336; x_wconf 88' lang='lat' dir='ltr'>eiusdem</span> <span class='ocrx_word' id='word_1_300' title='bbox 1139 4279 1246 4335; x_wconf 89' lang='lat' dir='ltr'>vineae</span> <span class='ocrx_word' id='word_1_301' title='bbox 1262 4278 1448 4336; x_wconf 89' lang='lat' dir='ltr'>utilitatibus</span> 
     </span>
     <span class='ocr_line' id='line_1_37' title="bbox 182 4382 1448 4457; baseline -0.002 -14"><span class='ocrx_word' id='word_1_302' title='bbox 182 4385 344 4444; x_wconf 84' lang='lat' dir='ltr'>Leonardo</span> <span class='ocrx_word' id='word_1_303' title='bbox 367 4386 466 4443; x_wconf 91' lang='lat' dir='ltr'>sutori</span> <span class='ocrx_word' id='word_1_304' title='bbox 489 4391 520 4443; x_wconf 89' lang='lat' dir='ltr'>et</span> <span class='ocrx_word' id='word_1_305' title='bbox 535 4385 676 4443; x_wconf 88' lang='lat' dir='ltr'>Emerico</span> <span class='ocrx_word' id='word_1_306' title='bbox 689 4384 843 4457; x_wconf 89' lang='lat' dir='ltr'>agricolae</span> <span class='ocrx_word' id='word_1_307' title='bbox 861 4384 949 4442; x_wconf 85' lang='lat' dir='ltr'>fratri</span> <span class='ocrx_word' id='word_1_308' title='bbox 966 4384 1113 4455; x_wconf 87' lang='lat' dir='ltr'>eiusdem,</span> <span class='ocrx_word' id='word_1_309' title='bbox 1131 4384 1204 4440; x_wconf 89' lang='lat' dir='ltr'>filiis</span> <span class='ocrx_word' id='word_1_310' title='bbox 1221 4383 1341 4441; x_wconf 87' lang='lat' dir='ltr'>Nicolai</span> <span class='ocrx_word' id='word_1_311' title='bbox 1358 4382 1448 4453; x_wconf 84' lang='lat' dir='ltr'>fabri,</span> 
     </span>
     <span class='ocr_line' id='line_1_38' title="bbox 182 4489 1448 4562; baseline -0.002 -12"><span class='ocrx_word' id='word_1_312' title='bbox 182 4491 327 4550; x_wconf 87' lang='lat' dir='ltr'>similiter</span> <span class='ocrx_word' id='word_1_313' title='bbox 350 4491 471 4549; x_wconf 90' lang='lat' dir='ltr'>civibus</span> <span class='ocrx_word' id='word_1_314' title='bbox 495 4496 685 4550; x_wconf 91' lang='lat' dir='ltr'>memoratae</span> <span class='ocrx_word' id='word_1_315' title='bbox 708 4492 850 4561; x_wconf 86' lang='lat' dir='ltr'>civitatis,</span> <span class='ocrx_word' id='word_1_316' title='bbox 874 4492 952 4549; x_wconf 91' lang='lat' dir='ltr'>alias</span> <span class='ocrx_word' id='word_1_317' title='bbox 974 4491 1101 4548; x_wconf 89' lang='lat' dir='ltr'>sororiis</span> <span class='ocrx_word' id='word_1_318' title='bbox 1117 4490 1191 4546; x_wconf 91' lang='lat' dir='ltr'>dicti</span> <span class='ocrx_word' id='word_1_319' title='bbox 1207 4489 1375 4560; x_wconf 81' lang='lat' dir='ltr'>Ambrosii,</span> <span class='ocrx_word' id='word_1_320' title='bbox 1392 4504 1448 4562; x_wconf 87' lang='lat' dir='ltr'>per</span> 
     </span>
     <span class='ocr_line' id='line_1_39' title="bbox 182 4593 1449 4672; baseline -0.002 -16"><span class='ocrx_word' id='word_1_321' title='bbox 182 4597 317 4672; x_wconf 89' lang='lat' dir='ltr'>illosque</span> <span class='ocrx_word' id='word_1_322' title='bbox 351 4598 492 4672; x_wconf 90' lang='lat' dir='ltr'>ipsorum</span> <span class='ocrx_word' id='word_1_323' title='bbox 522 4596 709 4654; x_wconf 90' lang='lat' dir='ltr'>haeredibus</span> <span class='ocrx_word' id='word_1_324' title='bbox 742 4613 801 4671; x_wconf 90' lang='lat' dir='ltr'>pro</span> <span class='ocrx_word' id='word_1_325' title='bbox 835 4595 1012 4671; x_wconf 90' lang='lat' dir='ltr'>quindecim</span> <span class='ocrx_word' id='word_1_326' title='bbox 1047 4595 1111 4653; x_wconf 85' lang='lat' dir='ltr'>tior.</span> <span class='ocrx_word' id='word_1_327' title='bbox 1145 4596 1221 4666; x_wconf 90' lang='lat' dir='ltr'>auri,</span> <span class='ocrx_word' id='word_1_328' title='bbox 1258 4595 1346 4652; x_wconf 90' lang='lat' dir='ltr'>salvo</span> <span class='ocrx_word' id='word_1_329' title='bbox 1381 4593 1449 4672; x_wconf 84' lang='lat' dir='ltr'>jure</span> 
     </span>
     <span class='ocr_line' id='line_1_40' title="bbox 182 4702 1450 4776; baseline -0.002 -13"><span class='ocrx_word' id='word_1_330' title='bbox 182 4711 329 4763; x_wconf 88' lang='lat' dir='ltr'>montano</span> <span class='ocrx_word' id='word_1_331' title='bbox 364 4704 396 4762; x_wconf 89' lang='lat' dir='ltr'>in</span> <span class='ocrx_word' id='word_1_332' title='bbox 430 4718 482 4761; x_wconf 85' lang='lat' dir='ltr'>sex</span> <span class='ocrx_word' id='word_1_333' title='bbox 518 4704 640 4761; x_wconf 91' lang='lat' dir='ltr'>cubulis</span> <span class='ocrx_word' id='word_1_334' title='bbox 674 4702 895 4762; x_wconf 91' lang='lat' dir='ltr'>colendissimo</span> <span class='ocrx_word' id='word_1_335' title='bbox 929 4704 1111 4760; x_wconf 90' lang='lat' dir='ltr'>Latinorum</span> <span class='ocrx_word' id='word_1_336' title='bbox 1142 4702 1279 4776; x_wconf 87' lang='lat' dir='ltr'>parocho</span> <span class='ocrx_word' id='word_1_337' title='bbox 1303 4702 1450 4761; x_wconf 90' lang='lat' dir='ltr'>videlicet</span> 
     </span>
    </p>
   </div>
   <div class='ocr_carea' id='block_1_7' title="bbox 182 4807 1357 4883">
    <p class='ocr_par' dir='ltr' id='par_1_7' title="bbox 182 4807 1357 4883">
     <span class='ocr_line' id='line_1_41' title="bbox 182 4807 1357 4883; baseline -0.008 -13"><span class='ocrx_word' id='word_1_338' title='bbox 182 4810 243 4870; x_wconf 88' lang='lat' dir='ltr'>vici</span> <span class='ocrx_word' id='word_1_339' title='bbox 266 4810 446 4869; x_wconf 81' lang='lat' dir='ltr'>latinorum</span> <span class='ocrx_word' id='word_1_340' title='bbox 470 4824 569 4867; x_wconf 87' lang='lat' dir='ltr'>annue</span> <span class='ocrx_word' id='word_1_341' title='bbox 592 4809 779 4882; x_wconf 90' lang='lat' dir='ltr'>obtingente,</span> <span class='ocrx_word' id='word_1_342' title='bbox 803 4809 1011 4883; x_wconf 86' lang='lat' dir='ltr'>perennaliter</span> <span class='ocrx_word' id='word_1_343' title='bbox 1035 4807 1167 4879; x_wconf 86' lang='lat' dir='ltr'>vendita,</span> <span class='ocrx_word' id='word_1_344' title='bbox 1192 4819 1357 4867; x_wconf 88' lang='lat' dir='ltr'>emanatae.</span> 
     </span>
    </p>
   </div>
   <div class='ocr_carea' id='block_1_8' title="bbox 287 4916 1388 5042">
    <p class='ocr_par' dir='ltr' id='par_1_8' title="bbox 287 4916 1388 5042">
     <span class='ocr_line' id='line_1_42' title="bbox 287 4916 1388 4982; baseline -0.004 -13"><span class='ocrx_word' id='word_1_345' title='bbox 287 4919 350 4971; x_wconf 78' lang='lat' dir='ltr'>Ace</span> <span class='ocrx_word' id='word_1_346' title='bbox 369 4934 439 4972; x_wconf 83' lang='lat' dir='ltr'>mon.</span> <span class='ocrx_word' id='word_1_347' title='bbox 458 4920 564 4970; x_wconf 89' lang='lat' dir='ltr'>Remet.</span> <span class='ocrx_word' id='word_1_348' title='bbox 583 4920 658 4968; x_wconf 84' lang='lat' dir='ltr'>Fasc.</span> <span class='ocrx_word' id='word_1_349' title='bbox 677 4921 711 4967; x_wconf 62' lang='lat'>11,</span> <span class='ocrx_word' id='word_1_350' title='bbox 734 4935 772 4970; x_wconf 90' lang='lat' dir='ltr'>nr.</span> <span class='ocrx_word' id='word_1_351' title='bbox 793 4929 835 4970; x_wconf 84' lang='lat'>22.</span> <span class='ocrx_word' id='word_1_352' title='bbox 854 4920 886 4968; x_wconf 90' lang='lat' dir='ltr'>In</span> <span class='ocrx_word' id='word_1_353' title='bbox 904 4919 1001 4972; x_wconf 82' lang='lat' dir='ltr'>archiv.</span> <span class='ocrx_word' id='word_1_354' title='bbox 1019 4933 1090 4982; x_wconf 83' lang='lat' dir='ltr'>regn.</span> <span class='ocrx_word' id='word_1_355' title='bbox 1111 4919 1195 4968; x_wconf 61' lang='grc' dir='ltr'><strong>(ποεῖ.</strong></span> <span class='ocrx_word' id='word_1_356' title='bbox 1215 4916 1284 4970; x_wconf 85' lang='lat' dir='ltr'>Slav.</span> <span class='ocrx_word' id='word_1_357' title='bbox 1303 4917 1388 4967; x_wconf 81' lang='lat' dir='ltr'>Dalm.</span> 
     </span>
     <span class='ocr_line' id='line_1_43' title="bbox 1342 5007 1359 5042; baseline 0 0"><span class='ocrx_word' id='word_1_358' title='bbox 1342 5007 1359 5042; x_wconf 72' lang='lat' dir='ltr'>s</span> 
     </span>
    </p>
   </div>
   <div class='ocr_carea' id='block_1_9' title="bbox 0 0 1644 5348">
    <p class='ocr_par' dir='ltr' id='par_1_9' title="bbox 0 0 1644 5348">
     <span class='ocr_line' id='line_1_44' title="bbox 0 0 1644 5348; baseline 0 2"><span class='ocrx_word' id='word_1_359' title='bbox 0 0 1644 5348; x_wconf 95' lang='lat' dir='ltr'> </span> 
     </span>
    </p>
   </div>
  </div>
 </body>
</html>
