<?xml version="1.0" encoding="UTF-8"?>
<!DOCTYPE html PUBLIC "-//W3C//DTD XHTML 1.0 Transitional//EN"
    "http://www.w3.org/TR/xhtml1/DTD/xhtml1-transitional.dtd">
<html xmlns="http://www.w3.org/1999/xhtml" xml:lang="en" lang="en">
 <head>
  <title>
</title>
<meta http-equiv="Content-Type" content="text/html;charset=utf-8" />
  <meta name='ocr-system' content='tesseract 3.04.00' />
  <meta name='ocr-capabilities' content='ocr_page ocr_carea ocr_par ocr_line ocrx_word'/>
</head>
<body>
  <div class='ocr_page' id='page_1' title='image "./monumentahistor01laszgoog_0340.png"; bbox 0 0 3278 5348; ppageno 0'>
   <div class='ocr_carea' id='block_1_1' title="bbox 182 633 1452 1449">
    <p class='ocr_par' dir='ltr' id='par_1_1' title="bbox 182 633 1452 1449">
     <span class='ocr_line' id='line_1_1' title="bbox 183 633 1449 710; baseline 0.002 -19"><span class='ocrx_word' id='word_1_1' title='bbox 183 651 215 691; x_wconf 92' lang='lat' dir='ltr'>se</span> <span class='ocrx_word' id='word_1_2' title='bbox 238 633 312 692; x_wconf 90' lang='lat' dir='ltr'>dicit</span> <span class='ocrx_word' id='word_1_3' title='bbox 335 634 399 692; x_wconf 91' lang='lat' dir='ltr'>flor.</span> <span class='ocrx_word' id='word_1_4' title='bbox 427 650 496 692; x_wconf 85' lang='lat' dir='ltr'>roo.</span> <span class='ocrx_word' id='word_1_5' title='bbox 520 635 696 693; x_wconf 88' lang='lat' dir='ltr'>Portionem</span> <span class='ocrx_word' id='word_1_6' title='bbox 720 651 808 694; x_wconf 90' lang='lat' dir='ltr'>suam</span> <span class='ocrx_word' id='word_1_7' title='bbox 833 637 942 694; x_wconf 90' lang='lat' dir='ltr'>tributi</span> <span class='ocrx_word' id='word_1_8' title='bbox 963 637 994 694; x_wconf 92' lang='lat' dir='ltr'>in</span> <span class='ocrx_word' id='word_1_9' title='bbox 1017 637 1170 708; x_wconf 86' lang='lat' dir='ltr'>Thersycz</span> <span class='ocrx_word' id='word_1_10' title='bbox 1193 652 1251 710; x_wconf 90' lang='lat' dir='ltr'>per</span> <span class='ocrx_word' id='word_1_11' title='bbox 1280 636 1449 708; x_wconf 88' lang='lat' dir='ltr'>quemdam</span> 
     </span>
     <span class='ocr_line' id='line_1_2' title="bbox 183 741 1448 817; baseline 0.001 -19"><span class='ocrx_word' id='word_1_12' title='bbox 183 742 328 798; x_wconf 89' lang='lat' dir='ltr'>comitem</span> <span class='ocrx_word' id='word_1_13' title='bbox 351 741 515 798; x_wconf 87' lang='lat' dir='ltr'>Nicolaum</span> <span class='ocrx_word' id='word_1_14' title='bbox 537 742 565 799; x_wconf 84' lang='lat' dir='ltr'>ei</span> <span class='ocrx_word' id='word_1_15' title='bbox 589 749 619 800; x_wconf 89' lang='lat' dir='ltr'>et</span> <span class='ocrx_word' id='word_1_16' title='bbox 643 743 707 801; x_wconf 92' lang='lat' dir='ltr'>eius</span> <span class='ocrx_word' id='word_1_17' title='bbox 732 742 821 801; x_wconf 84' lang='lat' dir='ltr'>fratri</span> <span class='ocrx_word' id='word_1_18' title='bbox 851 743 1095 817; x_wconf 89' lang='lat' dir='ltr'>impignoratam</span> <span class='ocrx_word' id='word_1_19' title='bbox 1118 743 1249 800; x_wconf 78' lang='lat' dir='ltr'>remittit</span> <span class='ocrx_word' id='word_1_20' title='bbox 1272 742 1383 800; x_wconf 90' lang='lat' dir='ltr'>eidem.</span> <span class='ocrx_word' id='word_1_21' title='bbox 1410 773 1448 782; x_wconf 93' lang='lat'><em>-</em></span> 
     </span>
     <span class='ocr_line' id='line_1_3' title="bbox 182 847 1447 922; baseline 0.002 -18"><span class='ocrx_word' id='word_1_22' title='bbox 182 848 367 904; x_wconf 86' lang='lat' dir='ltr'>Executores</span> <span class='ocrx_word' id='word_1_23' title='bbox 389 847 530 904; x_wconf 81' lang='lat' dir='ltr'>nominat</span> <span class='ocrx_word' id='word_1_24' title='bbox 546 848 714 906; x_wconf 90' lang='lat' dir='ltr'>Henricum</span> <span class='ocrx_word' id='word_1_25' title='bbox 731 850 913 922; x_wconf 89' lang='lat' dir='ltr'>episcopum</span> <span class='ocrx_word' id='word_1_26' title='bbox 929 848 1293 921; x_wconf 90' lang='lat' dir='ltr'>quinqueeccleslensem,</span> <span class='ocrx_word' id='word_1_27' title='bbox 1317 847 1447 907; x_wconf 87' lang='lat' dir='ltr'>fratrem</span> 
     </span>
     <span class='ocr_line' id='line_1_4' title="bbox 183 954 1451 1037; baseline 0.002 -27"><span class='ocrx_word' id='word_1_28' title='bbox 183 970 282 1023; x_wconf 90' lang='lat' dir='ltr'>suum,</span> <span class='ocrx_word' id='word_1_29' title='bbox 306 954 456 1037; x_wconf 86' lang='lat' dir='ltr'>Joannem</span> <span class='ocrx_word' id='word_1_30' title='bbox 481 960 637 1011; x_wconf 90' lang='lat' dir='ltr'>cantorem</span> <span class='ocrx_word' id='word_1_31' title='bbox 671 956 822 1013; x_wconf 86' lang='lat' dir='ltr'>vicarium</span> <span class='ocrx_word' id='word_1_32' title='bbox 845 971 947 1027; x_wconf 91' lang='lat' dir='ltr'>suum,</span> <span class='ocrx_word' id='word_1_33' title='bbox 978 954 1195 1013; x_wconf 89' lang='lat' dir='ltr'>Eberhardum</span> <span class='ocrx_word' id='word_1_34' title='bbox 1227 955 1379 1012; x_wconf 90' lang='lat' dir='ltr'>lectorem</span> <span class='ocrx_word' id='word_1_35' title='bbox 1403 970 1451 1012; x_wconf 87' lang='lat' dir='ltr'>ca·</span> 
     </span>
     <span class='ocr_line' id='line_1_5' title="bbox 183 1060 1452 1134; baseline 0.002 -17"><span class='ocrx_word' id='word_1_36' title='bbox 183 1061 327 1117; x_wconf 92' lang='lat' dir='ltr'>nonicum</span> <span class='ocrx_word' id='word_1_37' title='bbox 350 1060 590 1132; x_wconf 89' lang='lat' dir='ltr'>zagrabiensem,</span> <span class='ocrx_word' id='word_1_38' title='bbox 615 1061 784 1119; x_wconf 89' lang='lat' dir='ltr'>Henricum</span> <span class='ocrx_word' id='word_1_39' title='bbox 808 1061 846 1118; x_wconf 89' lang='lat' dir='ltr'>de</span> <span class='ocrx_word' id='word_1_40' title='bbox 862 1062 1034 1134; x_wconf 89' lang='lat' dir='ltr'>Plomberg</span> <span class='ocrx_word' id='word_1_41' title='bbox 1051 1068 1253 1133; x_wconf 90' lang='lat' dir='ltr'>capetaneum</span> <span class='ocrx_word' id='word_1_42' title='bbox 1270 1061 1302 1117; x_wconf 90' lang='lat' dir='ltr'>in</span> <span class='ocrx_word' id='word_1_43' title='bbox 1319 1061 1452 1119; x_wconf 82' lang='lat' dir='ltr'>Kemlelr</span> 
     </span>
     <span class='ocr_line' id='line_1_6' title="bbox 183 1165 1452 1241; baseline 0.002 -19"><span class='ocrx_word' id='word_1_44' title='bbox 183 1171 237 1223; x_wconf 92' lang='lat' dir='ltr'>etc.</span> <span class='ocrx_word' id='word_1_45' title='bbox 259 1165 374 1236; x_wconf 89' lang='lat' dir='ltr'>Testes,</span> <span class='ocrx_word' id='word_1_46' title='bbox 405 1165 517 1223; x_wconf 86' lang='lat' dir='ltr'>fratres</span> <span class='ocrx_word' id='word_1_47' title='bbox 539 1168 685 1237; x_wconf 89' lang='lat' dir='ltr'>canonici,</span> <span class='ocrx_word' id='word_1_48' title='bbox 716 1168 815 1241; x_wconf 87' lang='lat' dir='ltr'>aliqui</span> <span class='ocrx_word' id='word_1_49' title='bbox 846 1168 1188 1241; x_wconf 90' lang='lat' dir='ltr'>quinqueecclesienses.</span> <span class='ocrx_word' id='word_1_50' title='bbox 1223 1165 1361 1224; x_wconf 86' lang='lat' dir='ltr'>Thomas</span> <span class='ocrx_word' id='word_1_51' title='bbox 1386 1168 1452 1241; x_wconf 84' lang='lat' dir='ltr'>ple·</span> 
     </span>
     <span class='ocr_line' id='line_1_7' title="bbox 182 1270 1448 1357; baseline 0.002 -29"><span class='ocrx_word' id='word_1_52' title='bbox 182 1272 281 1328; x_wconf 90' lang='lat' dir='ltr'>banus</span> <span class='ocrx_word' id='word_1_53' title='bbox 305 1271 342 1328; x_wconf 94' lang='lat' dir='ltr'>de</span> <span class='ocrx_word' id='word_1_54' title='bbox 365 1272 508 1329; x_wconf 89' lang='lat' dir='ltr'>Dombro</span> <span class='ocrx_word' id='word_1_55' title='bbox 531 1273 693 1331; x_wconf 91' lang='lat' dir='ltr'>canonicus</span> <span class='ocrx_word' id='word_1_56' title='bbox 716 1274 932 1346; x_wconf 88' lang='lat' dir='ltr'>zagrabiensis,</span> <span class='ocrx_word' id='word_1_57' title='bbox 965 1274 1097 1357; x_wconf 83' lang='lat' dir='ltr'>Joannes</span> <span class='ocrx_word' id='word_1_58' title='bbox 1121 1271 1160 1330; x_wconf 92' lang='lat' dir='ltr'>de</span> <span class='ocrx_word' id='word_1_59' title='bbox 1183 1270 1336 1331; x_wconf 84' lang='lat' dir='ltr'>Rakonok</span> <span class='ocrx_word' id='word_1_60' title='bbox 1358 1288 1448 1332; x_wconf 82' lang='lat' dir='ltr'>cano</span> 
     </span>
     <span class='ocr_line' id='line_1_8' title="bbox 182 1376 507 1449; baseline 0 -15"><span class='ocrx_word' id='word_1_61' title='bbox 182 1378 268 1434; x_wconf 91' lang='lat' dir='ltr'>nicus</span> <span class='ocrx_word' id='word_1_62' title='bbox 291 1376 507 1449; x_wconf 89' lang='lat' dir='ltr'>zagrabiensis.</span> 
     </span>
    </p>
   </div>
   <div class='ocr_carea' id='block_1_2' title="bbox 184 1531 1451 1686">
    <p class='ocr_par' dir='ltr' id='par_1_2' title="bbox 184 1531 1451 1686">
     <span class='ocr_line' id='line_1_9' title="bbox 288 1531 1451 1595; baseline 0.003 -17"><span class='ocrx_word' id='word_1_63' title='bbox 288 1533 312 1578; x_wconf 90' lang='lat' dir='ltr'><strong>E</strong></span> <span class='ocrx_word' id='word_1_64' title='bbox 332 1532 439 1593; x_wconf 81' lang='lat' dir='ltr'>regestis</span> <span class='ocrx_word' id='word_1_65' title='bbox 458 1533 564 1593; x_wconf 76' lang='lat' dir='ltr'>Georgii</span> <span class='ocrx_word' id='word_1_66' title='bbox 585 1531 749 1583; x_wconf 80' lang='lat' dir='ltr'>hlnrcelorid.</span> <span class='ocrx_word' id='word_1_67' title='bbox 769 1534 800 1580; x_wconf 91' lang='lat' dir='ltr'>In</span> <span class='ocrx_word' id='word_1_68' title='bbox 814 1532 933 1584; x_wconf 86' lang='lat' dir='ltr'>biblioth.</span> <span class='ocrx_word' id='word_1_69' title='bbox 947 1532 1008 1583; x_wconf 85' lang='lat' dir='ltr'>eccl.</span> <span class='ocrx_word' id='word_1_70' title='bbox 1028 1531 1140 1583; x_wconf 85' lang='lat' dir='ltr'>cathedr.</span> <span class='ocrx_word' id='word_1_71' title='bbox 1155 1531 1255 1593; x_wconf 82' lang='lat' dir='ltr'>zagrab.</span> <span class='ocrx_word' id='word_1_72' title='bbox 1278 1544 1319 1595; x_wconf 83' lang='lat'>37.</span> <span class='ocrx_word' id='word_1_73' title='bbox 1336 1545 1361 1594; x_wconf 76' lang='lat'>3.</span> <span class='ocrx_word' id='word_1_74' title='bbox 1375 1532 1451 1584; x_wconf 82' lang='lat' dir='ltr'>conl.</span> 
     </span>
     <span class='ocr_line' id='line_1_10' title="bbox 184 1619 1450 1686; baseline 0.003 -20"><span class='ocrx_word' id='word_1_75' title='bbox 184 1619 306 1667; x_wconf 71' lang='lat' dir='ltr'>Krdelid:</span> <span class='ocrx_word' id='word_1_76' title='bbox 327 1621 428 1671; x_wconf 82' lang='lat' dir='ltr'>Histor.</span> <span class='ocrx_word' id='word_1_77' title='bbox 448 1620 560 1670; x_wconf 83' lang='lat' dir='ltr'>cathedr.</span> <span class='ocrx_word' id='word_1_78' title='bbox 580 1621 641 1672; x_wconf 87' lang='lat' dir='ltr'>eccl.</span> <span class='ocrx_word' id='word_1_79' title='bbox 661 1623 682 1671; x_wconf 91' lang='lat' dir='ltr'>I.</span> <span class='ocrx_word' id='word_1_80' title='bbox 703 1638 760 1685; x_wconf 83' lang='lat' dir='ltr'>pag.</span> <span class='ocrx_word' id='word_1_81' title='bbox 784 1621 829 1686; x_wconf 78' lang='lat'>165</span> <span class='ocrx_word' id='word_1_82' title='bbox 873 1622 928 1672; x_wconf 79' lang='lat'>166.</span> <span class='ocrx_word' id='word_1_83' title='bbox 949 1650 982 1658; x_wconf 92' lang='lat'><em>-</em></span> <span class='ocrx_word' id='word_1_84' title='bbox 1001 1619 1108 1669; x_wconf 86' lang='lat' dir='ltr'>Farliati</span> <span class='ocrx_word' id='word_1_85' title='bbox 1128 1619 1193 1668; x_wconf 90' lang='lat' dir='ltr'>Illir.</span> <span class='ocrx_word' id='word_1_86' title='bbox 1218 1620 1289 1668; x_wconf 85' lang='lat' dir='ltr'>Saer.</span> <span class='ocrx_word' id='word_1_87' title='bbox 1315 1622 1392 1671; x_wconf 84' lang='lat' dir='ltr'>Tom.</span> <span class='ocrx_word' id='word_1_88' title='bbox 1418 1621 1450 1670; x_wconf 76' lang='lat' dir='ltr'>V.</span> 
     </span>
    </p>
   </div>
   <div class='ocr_carea' id='block_1_3' title="bbox 185 1708 322 1772">
    <p class='ocr_par' dir='ltr' id='par_1_3' title="bbox 185 1708 322 1772">
     <span class='ocr_line' id='line_1_11' title="bbox 185 1708 322 1772; baseline 0.015 -17"><span class='ocrx_word' id='word_1_89' title='bbox 185 1724 242 1772; x_wconf 83' lang='lat' dir='ltr'>pag.</span> <span class='ocrx_word' id='word_1_90' title='bbox 262 1708 322 1770; x_wconf 78' lang='lat'>467.</span> 
     </span>
    </p>
   </div>
   <div class='ocr_carea' id='block_1_4' title="bbox 787 1889 850 1953">
    <p class='ocr_par' dir='ltr' id='par_1_4' title="bbox 787 1889 850 1953">
     <span class='ocr_line' id='line_1_12' title="bbox 787 1889 850 1953; baseline -0.048 0"><span class='ocrx_word' id='word_1_91' title='bbox 787 1889 850 1953; x_wconf 82' lang='lat'>64.</span> 
     </span>
    </p>
   </div>
   <div class='ocr_carea' id='block_1_5' title="bbox 290 2033 783 2111">
    <p class='ocr_par' dir='ltr' id='par_1_5' title="bbox 290 2033 783 2111">
     <span class='ocr_line' id='line_1_13' title="bbox 290 2033 783 2111; baseline 0.01 -18"><span class='ocrx_word' id='word_1_92' title='bbox 290 2046 369 2094; x_wconf 80' lang='lat' dir='ltr'>Anno</span> <span class='ocrx_word' id='word_1_93' title='bbox 392 2059 465 2109; x_wconf 75' lang='lat'>1433,</span> <span class='ocrx_word' id='word_1_94' title='bbox 488 2060 529 2109; x_wconf 77' lang='lat'>23.</span> <span class='ocrx_word' id='word_1_95' title='bbox 548 2047 645 2111; x_wconf 78' lang='lat' dir='ltr'>aprilis.</span> <span class='ocrx_word' id='word_1_96' title='bbox 668 2033 783 2098; x_wconf 46' lang='lat' dir='ltr'>(fasmate.</span> 
     </span>
    </p>
   </div>
   <div class='ocr_carea' id='block_1_6' title="bbox 189 2173 1449 2247">
    <p class='ocr_par' dir='ltr' id='par_1_6' title="bbox 189 2173 1449 2247">
     <span class='ocr_line' id='line_1_14' title="bbox 189 2173 1449 2247; baseline 0 -18"><span class='ocrx_word' id='word_1_97' title='bbox 189 2174 351 2246; x_wconf 68' lang='lat' dir='ltr'>(irpitrrlnm</span> <span class='ocrx_word' id='word_1_98' title='bbox 382 2176 530 2235; x_wconf 76' lang='lat' dir='ltr'>c&#39;nsrrrrrtsc.</span> <span class='ocrx_word' id='word_1_99' title='bbox 555 2183 706 2247; x_wconf 74' lang='lat' dir='ltr'>postquam</span> <span class='ocrx_word' id='word_1_100' title='bbox 729 2174 786 2231; x_wconf 80' lang='lat' dir='ltr'>vim</span> <span class='ocrx_word' id='word_1_101' title='bbox 810 2174 918 2231; x_wconf 73' lang='lat' dir='ltr'>civium</span> <span class='ocrx_word' id='word_1_102' title='bbox 942 2173 1172 2245; x_wconf 74' lang='lat' dir='ltr'>sugrabicnsrum</span> <span class='ocrx_word' id='word_1_103' title='bbox 1197 2173 1376 2246; x_wconf 65' lang='lat' dir='ltr'>possessioni</span> <span class='ocrx_word' id='word_1_104' title='bbox 1404 2191 1449 2230; x_wconf 84' lang='lat' dir='ltr'>ca·</span> 
     </span>
    </p>
   </div>
   <div class='ocr_carea' id='block_1_7' title="bbox 272 2275 1361 2354">
    <p class='ocr_par' dir='ltr' id='par_1_7' title="bbox 272 2275 1361 2354">
     <span class='ocr_line' id='line_1_15' title="bbox 272 2275 1361 2354; baseline 0 -19"><span class='ocrx_word' id='word_1_105' title='bbox 272 2281 364 2352; x_wconf 77' lang='lat' dir='ltr'>pituli</span> <span class='ocrx_word' id='word_1_106' title='bbox 384 2282 503 2354; x_wconf 77' lang='lat' dir='ltr'>augrub.</span> <span class='ocrx_word' id='word_1_107' title='bbox 527 2281 625 2338; x_wconf 69' lang='lat' dir='ltr'>Rurici</span> <span class='ocrx_word' id='word_1_108' title='bbox 646 2281 758 2336; x_wconf 80' lang='lat' dir='ltr'>illatum</span> <span class='ocrx_word' id='word_1_109' title='bbox 783 2281 946 2352; x_wconf 75' lang='lat' dir='ltr'>exquisivit,</span> <span class='ocrx_word' id='word_1_110' title='bbox 969 2278 1152 2351; x_wconf 62' lang='lat' dir='ltr'>Sigismmnlo</span> <span class='ocrx_word' id='word_1_111' title='bbox 1175 2279 1239 2351; x_wconf 72' lang='lat' dir='ltr'>regi</span> <span class='ocrx_word' id='word_1_112' title='bbox 1259 2275 1361 2354; x_wconf 65' lang='lat' dir='ltr'>referi.</span> 
     </span>
    </p>
   </div>
   <div class='ocr_carea' id='block_1_8' title="bbox 181 2424 1450 4939">
    <p class='ocr_par' dir='ltr' id='par_1_8' title="bbox 181 2424 1450 4939">
     <span class='ocr_line' id='line_1_16' title="bbox 288 2424 1450 2500; baseline -0.001 -17"><span class='ocrx_word' id='word_1_113' title='bbox 288 2425 489 2484; x_wconf 89' lang='lat' dir='ltr'>Serenissimo</span> <span class='ocrx_word' id='word_1_114' title='bbox 513 2427 647 2500; x_wconf 88' lang='lat' dir='ltr'>principi</span> <span class='ocrx_word' id='word_1_115' title='bbox 670 2426 797 2483; x_wconf 91' lang='lat' dir='ltr'>domino</span> <span class='ocrx_word' id='word_1_116' title='bbox 822 2424 1021 2497; x_wconf 87' lang='lat' dir='ltr'>Sigismundo</span> <span class='ocrx_word' id='word_1_117' title='bbox 1045 2424 1093 2481; x_wconf 90' lang='lat' dir='ltr'>dei</span> <span class='ocrx_word' id='word_1_118' title='bbox 1117 2425 1219 2497; x_wconf 84' lang='lat' dir='ltr'>gracia</span> <span class='ocrx_word' id='word_1_119' title='bbox 1235 2424 1450 2483; x_wconf 91' lang='lat' dir='ltr'>Romanorum</span> 
     </span>
     <span class='ocr_line' id='line_1_17' title="bbox 182 2529 1450 2606; baseline 0.001 -18"><span class='ocrx_word' id='word_1_120' title='bbox 182 2532 257 2603; x_wconf 88' lang='lat' dir='ltr'>regi,</span> <span class='ocrx_word' id='word_1_121' title='bbox 281 2548 405 2606; x_wconf 88' lang='lat' dir='ltr'>semper</span> <span class='ocrx_word' id='word_1_122' title='bbox 428 2540 568 2604; x_wconf 89' lang='lat' dir='ltr'>augusto,</span> <span class='ocrx_word' id='word_1_123' title='bbox 592 2549 628 2589; x_wconf 89' lang='lat' dir='ltr'>ac</span> <span class='ocrx_word' id='word_1_124' title='bbox 650 2533 819 2604; x_wconf 79' lang='lat' dir='ltr'>llungarie,</span> <span class='ocrx_word' id='word_1_125' title='bbox 845 2531 999 2599; x_wconf 76' lang='lat' dir='ltr'>bohemie,</span> <span class='ocrx_word' id='word_1_126' title='bbox 1030 2531 1200 2599; x_wconf 90' lang='lat' dir='ltr'>Dalmacie,</span> <span class='ocrx_word' id='word_1_127' title='bbox 1231 2529 1361 2589; x_wconf 89' lang='lat' dir='ltr'>Croacie</span> <span class='ocrx_word' id='word_1_128' title='bbox 1392 2542 1450 2590; x_wconf 89' lang='lat' dir='ltr'>etc.</span> 
     </span>
     <span class='ocr_line' id='line_1_18' title="bbox 181 2637 1450 2712; baseline 0.001 -18"><span class='ocrx_word' id='word_1_129' title='bbox 181 2638 255 2709; x_wconf 89' lang='lat' dir='ltr'>regi,</span> <span class='ocrx_word' id='word_1_130' title='bbox 290 2637 417 2696; x_wconf 91' lang='lat' dir='ltr'>domino</span> <span class='ocrx_word' id='word_1_131' title='bbox 451 2640 594 2712; x_wconf 91' lang='lat' dir='ltr'>ipsorum</span> <span class='ocrx_word' id='word_1_132' title='bbox 629 2639 775 2711; x_wconf 91' lang='lat' dir='ltr'>naturali,</span> <span class='ocrx_word' id='word_1_133' title='bbox 813 2638 984 2711; x_wconf 89' lang='lat' dir='ltr'>capitulum</span> <span class='ocrx_word' id='word_1_134' title='bbox 1016 2637 1145 2694; x_wconf 89' lang='lat' dir='ltr'>ecclesie</span> <span class='ocrx_word' id='word_1_135' title='bbox 1168 2637 1360 2695; x_wconf 91' lang='lat' dir='ltr'>chasmensis</span> <span class='ocrx_word' id='word_1_136' title='bbox 1382 2653 1450 2696; x_wconf 92' lang='lat' dir='ltr'>ora-</span> 
     </span>
     <span class='ocr_line' id='line_1_19' title="bbox 182 2742 1450 2817; baseline 0.002 -17"><span class='ocrx_word' id='word_1_137' title='bbox 182 2744 305 2801; x_wconf 88' lang='lat' dir='ltr'>cionum</span> <span class='ocrx_word' id='word_1_138' title='bbox 329 2745 477 2817; x_wconf 86' lang='lat' dir='ltr'>suffragia</span> <span class='ocrx_word' id='word_1_139' title='bbox 500 2744 694 2801; x_wconf 90' lang='lat' dir='ltr'>devotarum.</span> <span class='ocrx_word' id='word_1_140' title='bbox 720 2744 830 2801; x_wconf 88' lang='lat' dir='ltr'>Vestra</span> <span class='ocrx_word' id='word_1_141' title='bbox 854 2744 975 2800; x_wconf 87' lang='lat' dir='ltr'>noverit</span> <span class='ocrx_word' id='word_1_142' title='bbox 1007 2743 1163 2814; x_wconf 87' lang='lat' dir='ltr'>serenitas,</span> <span class='ocrx_word' id='word_1_143' title='bbox 1187 2742 1272 2816; x_wconf 91' lang='lat' dir='ltr'>quod</span> <span class='ocrx_word' id='word_1_144' title='bbox 1296 2759 1353 2802; x_wconf 92' lang='lat' dir='ltr'>nos</span> <span class='ocrx_word' id='word_1_145' title='bbox 1377 2745 1450 2802; x_wconf 90' lang='lat' dir='ltr'>obe-</span> 
     </span>
     <span class='ocr_line' id='line_1_20' title="bbox 183 2849 1450 2924; baseline 0.002 -17"><span class='ocrx_word' id='word_1_146' title='bbox 183 2850 303 2908; x_wconf 86' lang='lat' dir='ltr'>diencia</span> <span class='ocrx_word' id='word_1_147' title='bbox 327 2866 388 2924; x_wconf 93' lang='lat' dir='ltr'>qua</span> <span class='ocrx_word' id='word_1_148' title='bbox 411 2850 514 2908; x_wconf 88' lang='lat' dir='ltr'>decuit</span> <span class='ocrx_word' id='word_1_149' title='bbox 538 2851 671 2924; x_wconf 88' lang='lat' dir='ltr'>receptis</span> <span class='ocrx_word' id='word_1_150' title='bbox 696 2850 808 2907; x_wconf 92' lang='lat' dir='ltr'>litteris</span> <span class='ocrx_word' id='word_1_151' title='bbox 831 2849 944 2906; x_wconf 88' lang='lat' dir='ltr'>vestris</span> <span class='ocrx_word' id='word_1_152' title='bbox 968 2849 1154 2906; x_wconf 90' lang='lat' dir='ltr'>annualibus</span> <span class='ocrx_word' id='word_1_153' title='bbox 1184 2863 1242 2922; x_wconf 89' lang='lat' dir='ltr'>pro</span> <span class='ocrx_word' id='word_1_154' title='bbox 1271 2850 1450 2909; x_wconf 88' lang='lat' dir='ltr'>honorabili</span> 
     </span>
     <span class='ocr_line' id='line_1_21' title="bbox 182 2955 1445 3030; baseline 0.001 -16"><span class='ocrx_word' id='word_1_155' title='bbox 182 2956 319 3030; x_wconf 90' lang='lat' dir='ltr'>capitulo</span> <span class='ocrx_word' id='word_1_156' title='bbox 353 2958 480 3016; x_wconf 90' lang='lat' dir='ltr'>ecclesie</span> <span class='ocrx_word' id='word_1_157' title='bbox 514 2957 731 3029; x_wconf 86' lang='lat' dir='ltr'>zagrabiensis,</span> <span class='ocrx_word' id='word_1_158' title='bbox 755 2955 794 3012; x_wconf 95' lang='lat' dir='ltr'>ad</span> <span class='ocrx_word' id='word_1_159' title='bbox 819 2955 1047 3027; x_wconf 91' lang='lat' dir='ltr'>inquisiciones,</span> <span class='ocrx_word' id='word_1_160' title='bbox 1070 2956 1279 3027; x_wconf 84' lang='lat' dir='ltr'>evocaciones,</span> <span class='ocrx_word' id='word_1_161' title='bbox 1304 2957 1445 3028; x_wconf 91' lang='lat' dir='ltr'>prohibi·</span> 
     </span>
     <span class='ocr_line' id='line_1_22' title="bbox 182 3060 1449 3135; baseline 0 -15"><span class='ocrx_word' id='word_1_162' title='bbox 182 3065 284 3121; x_wconf 88' lang='lat' dir='ltr'>ciones</span> <span class='ocrx_word' id='word_1_163' title='bbox 307 3063 404 3120; x_wconf 90' lang='lat' dir='ltr'>acad</span> <span class='ocrx_word' id='word_1_164' title='bbox 428 3064 531 3121; x_wconf 91' lang='lat' dir='ltr'>omnia</span> <span class='ocrx_word' id='word_1_165' title='bbox 557 3063 627 3131; x_wconf 93' lang='lat' dir='ltr'>alia,</span> <span class='ocrx_word' id='word_1_166' title='bbox 652 3078 712 3135; x_wconf 92' lang='lat' dir='ltr'>que</span> <span class='ocrx_word' id='word_1_167' title='bbox 736 3062 821 3119; x_wconf 85' lang='lat' dir='ltr'>iuxta</span> <span class='ocrx_word' id='word_1_168' title='bbox 845 3061 932 3132; x_wconf 87' lang='lat' dir='ltr'>regni</span> <span class='ocrx_word' id='word_1_169' title='bbox 948 3062 1043 3118; x_wconf 85' lang='lat' dir='ltr'>vestri</span> <span class='ocrx_word' id='word_1_170' title='bbox 1059 3060 1315 3119; x_wconf 78' lang='lat' dir='ltr'>consvetudinem</span> <span class='ocrx_word' id='word_1_171' title='bbox 1333 3063 1449 3120; x_wconf 91' lang='lat' dir='ltr'>talibus</span> 
     </span>
     <span class='ocr_line' id='line_1_23' title="bbox 183 3166 1447 3243; baseline -0.001 -16"><span class='ocrx_word' id='word_1_172' title='bbox 183 3171 213 3227; x_wconf 90' lang='lat' dir='ltr'>in</span> <span class='ocrx_word' id='word_1_173' title='bbox 248 3171 445 3243; x_wconf 90' lang='lat' dir='ltr'>processibus</span> <span class='ocrx_word' id='word_1_174' title='bbox 479 3170 547 3227; x_wconf 86' lang='lat' dir='ltr'>fieri</span> <span class='ocrx_word' id='word_1_175' title='bbox 582 3174 808 3226; x_wconf 90' lang='lat' dir='ltr'>consveverunt</span> <span class='ocrx_word' id='word_1_176' title='bbox 843 3166 1002 3236; x_wconf 86' lang='lat' dir='ltr'>iacienda,</span> <span class='ocrx_word' id='word_1_177' title='bbox 1038 3166 1184 3225; x_wconf 89' lang='lat' dir='ltr'>conlectis</span> <span class='ocrx_word' id='word_1_178' title='bbox 1219 3176 1249 3225; x_wconf 92' lang='lat' dir='ltr'>et</span> <span class='ocrx_word' id='word_1_179' title='bbox 1284 3169 1447 3239; x_wconf 90' lang='lat' dir='ltr'>emanatis,</span> 
     </span>
     <span class='ocr_line' id='line_1_24' title="bbox 183 3271 1449 3349; baseline 0 -16"><span class='ocrx_word' id='word_1_180' title='bbox 183 3271 347 3349; x_wconf 88' lang='lat' dir='ltr'>eidemque</span> <span class='ocrx_word' id='word_1_181' title='bbox 363 3293 419 3349; x_wconf 91' lang='lat' dir='ltr'>per</span> <span class='ocrx_word' id='word_1_182' title='bbox 435 3286 571 3334; x_wconf 86' lang='lat' dir='ltr'>vestram</span> <span class='ocrx_word' id='word_1_183' title='bbox 589 3277 781 3334; x_wconf 90' lang='lat' dir='ltr'>maiestatem</span> <span class='ocrx_word' id='word_1_184' title='bbox 802 3273 840 3330; x_wconf 92' lang='lat' dir='ltr'>ad</span> <span class='ocrx_word' id='word_1_185' title='bbox 860 3274 930 3330; x_wconf 91' lang='lat' dir='ltr'>anni</span> <span class='ocrx_word' id='word_1_186' title='bbox 955 3274 1145 3331; x_wconf 91' lang='lat' dir='ltr'>curriculum</span> <span class='ocrx_word' id='word_1_187' title='bbox 1168 3275 1307 3347; x_wconf 84' lang='lat' dir='ltr'>graciose</span> <span class='ocrx_word' id='word_1_188' title='bbox 1324 3275 1404 3333; x_wconf 91' lang='lat' dir='ltr'>datis</span> <span class='ocrx_word' id='word_1_189' title='bbox 1420 3282 1449 3332; x_wconf 92' lang='lat' dir='ltr'>et</span> 
     </span>
     <span class='ocr_line' id='line_1_25' title="bbox 183 3379 1447 3455; baseline 0.001 -17"><span class='ocrx_word' id='word_1_190' title='bbox 183 3383 343 3449; x_wconf 88' lang='lat' dir='ltr'>concessis,</span> <span class='ocrx_word' id='word_1_191' title='bbox 367 3382 457 3438; x_wconf 88' lang='lat' dir='ltr'>nobis</span> <span class='ocrx_word' id='word_1_192' title='bbox 479 3383 672 3455; x_wconf 89' lang='lat' dir='ltr'>preceptorie</span> <span class='ocrx_word' id='word_1_193' title='bbox 695 3380 827 3449; x_wconf 71' lang='lat' dir='ltr'>directis</span> <span class='ocrx_word' id='word_1_194' title='bbox 852 3380 880 3436; x_wconf 89' lang='lat' dir='ltr'>ei</span> <span class='ocrx_word' id='word_1_195' title='bbox 904 3379 988 3436; x_wconf 87' lang='lat' dir='ltr'>iuxta</span> <span class='ocrx_word' id='word_1_196' title='bbox 1013 3380 1195 3436; x_wconf 90' lang='lat' dir='ltr'>earumdem</span> <span class='ocrx_word' id='word_1_197' title='bbox 1222 3382 1447 3439; x_wconf 90' lang='lat' dir='ltr'>continenciam</span> 
     </span>
     <span class='ocr_line' id='line_1_26' title="bbox 183 3485 1447 3558; baseline 0.001 -14"><span class='ocrx_word' id='word_1_198' title='bbox 183 3504 314 3544; x_wconf 90' lang='lat' dir='ltr'>unacum</span> <span class='ocrx_word' id='word_1_199' title='bbox 351 3486 460 3558; x_wconf 86' lang='lat' dir='ltr'>Blasi0,</span> <span class='ocrx_word' id='word_1_200' title='bbox 499 3487 565 3544; x_wconf 88' lang='lat' dir='ltr'>filio</span> <span class='ocrx_word' id='word_1_201' title='bbox 601 3486 755 3543; x_wconf 79' lang='lat' dir='ltr'>benedicti</span> <span class='ocrx_word' id='word_1_202' title='bbox 794 3485 832 3542; x_wconf 89' lang='lat' dir='ltr'>de</span> <span class='ocrx_word' id='word_1_203' title='bbox 867 3485 1071 3558; x_wconf 88' lang='lat' dir='ltr'>Therztenyk,</span> <span class='ocrx_word' id='word_1_204' title='bbox 1106 3486 1231 3543; x_wconf 89' lang='lat' dir='ltr'>homine</span> <span class='ocrx_word' id='word_1_205' title='bbox 1265 3492 1380 3558; x_wconf 90' lang='lat' dir='ltr'>vestro,</span> <span class='ocrx_word' id='word_1_206' title='bbox 1416 3487 1447 3545; x_wconf 92' lang='lat' dir='ltr'>in</span> 
     </span>
     <span class='ocr_line' id='line_1_27' title="bbox 183 3592 1446 3661; baseline 0.001 -11"><span class='ocrx_word' id='word_1_207' title='bbox 183 3593 298 3650; x_wconf 90' lang='lat' dir='ltr'>eisdem</span> <span class='ocrx_word' id='word_1_208' title='bbox 336 3592 449 3649; x_wconf 89' lang='lat' dir='ltr'>litteris</span> <span class='ocrx_word' id='word_1_209' title='bbox 473 3594 583 3649; x_wconf 91' lang='lat' dir='ltr'>vestris</span> <span class='ocrx_word' id='word_1_210' title='bbox 607 3593 801 3661; x_wconf 89' lang='lat' dir='ltr'>annualibus,</span> <span class='ocrx_word' id='word_1_211' title='bbox 836 3593 915 3648; x_wconf 92' lang='lat' dir='ltr'>inter</span> <span class='ocrx_word' id='word_1_212' title='bbox 938 3592 1017 3649; x_wconf 88' lang='lat' dir='ltr'>alios</span> <span class='ocrx_word' id='word_1_213' title='bbox 1041 3593 1182 3650; x_wconf 90' lang='lat' dir='ltr'>homines</span> <span class='ocrx_word' id='word_1_214' title='bbox 1206 3598 1326 3649; x_wconf 89' lang='lat' dir='ltr'>vestros</span> <span class='ocrx_word' id='word_1_215' title='bbox 1347 3594 1446 3651; x_wconf 89' lang='lat' dir='ltr'>nomi-</span> 
     </span>
     <span class='ocr_line' id='line_1_28' title="bbox 183 3698 1449 3771; baseline 0.001 -15"><span class='ocrx_word' id='word_1_216' title='bbox 183 3701 279 3756; x_wconf 84' lang='lat' dir='ltr'>natim</span> <span class='ocrx_word' id='word_1_217' title='bbox 304 3700 487 3771; x_wconf 90' lang='lat' dir='ltr'>conscripto,</span> <span class='ocrx_word' id='word_1_218' title='bbox 512 3706 652 3755; x_wconf 90' lang='lat' dir='ltr'>nostrum</span> <span class='ocrx_word' id='word_1_219' title='bbox 676 3699 845 3768; x_wconf 91' lang='lat' dir='ltr'>hominem,</span> <span class='ocrx_word' id='word_1_220' title='bbox 869 3698 1016 3755; x_wconf 83' lang='lat' dir='ltr'>videlicet</span> <span class='ocrx_word' id='word_1_221' title='bbox 1053 3698 1223 3756; x_wconf 91' lang='lat' dir='ltr'>discretum</span> <span class='ocrx_word' id='word_1_222' title='bbox 1253 3698 1360 3757; x_wconf 78' lang='lat' dir='ltr'>virum</span> <span class='ocrx_word' id='word_1_223' title='bbox 1389 3698 1449 3759; x_wconf 90' lang='lat' dir='ltr'>Ge-</span> 
     </span>
     <span class='ocr_line' id='line_1_29' title="bbox 182 3803 1449 3879; baseline 0.002 -17"><span class='ocrx_word' id='word_1_224' title='bbox 182 3807 305 3877; x_wconf 81' lang='lat' dir='ltr'>orgium</span> <span class='ocrx_word' id='word_1_225' title='bbox 331 3805 539 3879; x_wconf 91' lang='lat' dir='ltr'>preshiterum</span> <span class='ocrx_word' id='word_1_226' title='bbox 563 3806 649 3863; x_wconf 90' lang='lat' dir='ltr'>chori</span> <span class='ocrx_word' id='word_1_227' title='bbox 673 3805 800 3863; x_wconf 88' lang='lat' dir='ltr'>ecclesie</span> <span class='ocrx_word' id='word_1_228' title='bbox 824 3810 927 3861; x_wconf 88' lang='lat' dir='ltr'>nostre</span> <span class='ocrx_word' id='word_1_229' title='bbox 951 3804 1090 3878; x_wconf 90' lang='lat' dir='ltr'>predicte</span> <span class='ocrx_word' id='word_1_230' title='bbox 1124 3803 1377 3878; x_wconf 90' lang='lat' dir='ltr'>prebendarium,</span> <span class='ocrx_word' id='word_1_231' title='bbox 1409 3805 1449 3864; x_wconf 93' lang='lat' dir='ltr'>ad</span> 
     </span>
     <span class='ocr_line' id='line_1_30' title="bbox 181 3910 1449 3986; baseline 0.002 -17"><span class='ocrx_word' id='word_1_232' title='bbox 181 3912 394 3986; x_wconf 82' lang='lat' dir='ltr'>infrascriptas</span> <span class='ocrx_word' id='word_1_233' title='bbox 417 3913 651 3984; x_wconf 90' lang='lat' dir='ltr'>inquisicionem</span> <span class='ocrx_word' id='word_1_234' title='bbox 677 3918 705 3967; x_wconf 91' lang='lat' dir='ltr'>et</span> <span class='ocrx_word' id='word_1_235' title='bbox 729 3912 946 3968; x_wconf 90' lang='lat' dir='ltr'>evocacionem</span> <span class='ocrx_word' id='word_1_236' title='bbox 970 3910 1125 3969; x_wconf 85' lang='lat' dir='ltr'>faciendas</span> <span class='ocrx_word' id='word_1_237' title='bbox 1149 3915 1255 3969; x_wconf 85' lang='lat' dir='ltr'>vestro</span> <span class='ocrx_word' id='word_1_238' title='bbox 1279 3927 1339 3986; x_wconf 91' lang='lat' dir='ltr'>pro</span> <span class='ocrx_word' id='word_1_239' title='bbox 1363 3915 1449 3971; x_wconf 90' lang='lat' dir='ltr'>testi·</span> 
     </span>
     <span class='ocr_line' id='line_1_31' title="bbox 184 4011 1447 4091; baseline 0.002 -17"><span class='ocrx_word' id='word_1_240' title='bbox 184 4020 288 4075; x_wconf 91' lang='lat' dir='ltr'>monio</span> <span class='ocrx_word' id='word_1_241' title='bbox 313 4011 541 4076; x_wconf 85' lang='lat' dir='ltr'>transmisimus</span> <span class='ocrx_word' id='word_1_242' title='bbox 565 4016 626 4073; x_wconf 88' lang='lat' dir='ltr'>fide</span> <span class='ocrx_word' id='word_1_243' title='bbox 652 4016 797 4088; x_wconf 86' lang='lat' dir='ltr'>dignum;</span> <span class='ocrx_word' id='word_1_244' title='bbox 814 4018 869 4089; x_wconf 89' lang='lat' dir='ltr'>qui</span> <span class='ocrx_word' id='word_1_245' title='bbox 893 4016 1017 4074; x_wconf 90' lang='lat' dir='ltr'>tandem</span> <span class='ocrx_word' id='word_1_246' title='bbox 1042 4016 1153 4075; x_wconf 85' lang='lat' dir='ltr'>exinde</span> <span class='ocrx_word' id='word_1_247' title='bbox 1176 4017 1216 4075; x_wconf 91' lang='lat' dir='ltr'>ad</span> <span class='ocrx_word' id='word_1_248' title='bbox 1239 4033 1296 4076; x_wconf 91' lang='lat' dir='ltr'>nos</span> <span class='ocrx_word' id='word_1_249' title='bbox 1319 4020 1447 4091; x_wconf 86' lang='lat' dir='ltr'>reversi,</span> 
     </span>
     <span class='ocr_line' id='line_1_32' title="bbox 183 4122 1448 4197; baseline 0.001 -16"><span class='ocrx_word' id='word_1_250' title='bbox 183 4125 272 4181; x_wconf 91' lang='lat' dir='ltr'>nobis</span> <span class='ocrx_word' id='word_1_251' title='bbox 307 4124 504 4181; x_wconf 81' lang='lat' dir='ltr'>uniformiter</span> <span class='ocrx_word' id='word_1_252' title='bbox 538 4123 718 4193; x_wconf 89' lang='lat' dir='ltr'>retulerunt,</span> <span class='ocrx_word' id='word_1_253' title='bbox 754 4122 837 4195; x_wconf 92' lang='lat' dir='ltr'>quod</span> <span class='ocrx_word' id='word_1_254' title='bbox 873 4123 1014 4197; x_wconf 89' lang='lat' dir='ltr'>prefatus</span> <span class='ocrx_word' id='word_1_255' title='bbox 1049 4125 1143 4182; x_wconf 92' lang='lat' dir='ltr'>homo</span> <span class='ocrx_word' id='word_1_256' title='bbox 1179 4130 1281 4182; x_wconf 88' lang='lat' dir='ltr'>vester</span> <span class='ocrx_word' id='word_1_257' title='bbox 1304 4136 1448 4197; x_wconf 90' lang='lat' dir='ltr'>presente</span> 
     </span>
     <span class='ocr_line' id='line_1_33' title="bbox 183 4227 1448 4303; baseline 0.001 -16"><span class='ocrx_word' id='word_1_258' title='bbox 183 4230 265 4287; x_wconf 89' lang='lat' dir='ltr'>dicto</span> <span class='ocrx_word' id='word_1_259' title='bbox 288 4240 393 4287; x_wconf 88' lang='lat' dir='ltr'>nostro</span> <span class='ocrx_word' id='word_1_260' title='bbox 417 4231 601 4299; x_wconf 88' lang='lat' dir='ltr'>testimonio,</span> <span class='ocrx_word' id='word_1_261' title='bbox 626 4227 702 4286; x_wconf 85' lang='lat' dir='ltr'>feria</span> <span class='ocrx_word' id='word_1_262' title='bbox 726 4238 835 4302; x_wconf 90' lang='lat' dir='ltr'>quarta</span> <span class='ocrx_word' id='word_1_263' title='bbox 860 4231 1003 4302; x_wconf 82' lang='lat' dir='ltr'>proxima</span> <span class='ocrx_word' id='word_1_264' title='bbox 1028 4237 1099 4303; x_wconf 90' lang='lat' dir='ltr'>post</span> <span class='ocrx_word' id='word_1_265' title='bbox 1115 4229 1305 4288; x_wconf 89' lang='lat' dir='ltr'>dominicam</span> <span class='ocrx_word' id='word_1_266' title='bbox 1325 4230 1448 4289; x_wconf 91' lang='lat' dir='ltr'>Ramis-</span> 
     </span>
     <span class='ocr_line' id='line_1_34' title="bbox 183 4335 1448 4410; baseline 0.003 -19"><span class='ocrx_word' id='word_1_267' title='bbox 183 4337 368 4408; x_wconf 90' lang='lat' dir='ltr'>palmarum,</span> <span class='ocrx_word' id='word_1_268' title='bbox 404 4337 547 4410; x_wconf 80' lang='lat' dir='ltr'>proxime</span> <span class='ocrx_word' id='word_1_269' title='bbox 582 4337 771 4408; x_wconf 89' lang='lat' dir='ltr'>preteritam,</span> <span class='ocrx_word' id='word_1_270' title='bbox 796 4337 836 4392; x_wconf 90' lang='lat' dir='ltr'>ab</span> <span class='ocrx_word' id='word_1_271' title='bbox 869 4337 1023 4406; x_wconf 90' lang='lat' dir='ltr'>omnibus,</span> <span class='ocrx_word' id='word_1_272' title='bbox 1059 4337 1215 4409; x_wconf 89' lang='lat' dir='ltr'>aquibus</span> <span class='ocrx_word' id='word_1_273' title='bbox 1238 4335 1393 4394; x_wconf 88' lang='lat' dir='ltr'>decuisset</span> <span class='ocrx_word' id='word_1_274' title='bbox 1417 4343 1448 4395; x_wconf 85' lang='lat' dir='ltr'>et</span> 
     </span>
     <span class='ocr_line' id='line_1_35' title="bbox 183 4441 1448 4515; baseline 0.001 -16"><span class='ocrx_word' id='word_1_275' title='bbox 183 4443 319 4499; x_wconf 87' lang='lat' dir='ltr'>licuisset</span> <span class='ocrx_word' id='word_1_276' title='bbox 343 4443 447 4515; x_wconf 92' lang='lat' dir='ltr'>palam</span> <span class='ocrx_word' id='word_1_277' title='bbox 472 4450 501 4499; x_wconf 93' lang='lat' dir='ltr'>et</span> <span class='ocrx_word' id='word_1_278' title='bbox 524 4443 645 4498; x_wconf 89' lang='lat' dir='ltr'>occulte</span> <span class='ocrx_word' id='word_1_279' title='bbox 669 4441 833 4513; x_wconf 88' lang='lat' dir='ltr'>diligenter</span> <span class='ocrx_word' id='word_1_280' title='bbox 855 4442 893 4498; x_wconf 94' lang='lat' dir='ltr'>de</span> <span class='ocrx_word' id='word_1_281' title='bbox 917 4442 1122 4514; x_wconf 83' lang='lat' dir='ltr'>infrascriptis</span> <span class='ocrx_word' id='word_1_282' title='bbox 1138 4441 1332 4514; x_wconf 90' lang='lat' dir='ltr'>inquirendo,</span> <span class='ocrx_word' id='word_1_283' title='bbox 1350 4443 1448 4501; x_wconf 91' lang='lat' dir='ltr'>talem</span> 
     </span>
     <span class='ocr_line' id='line_1_36' title="bbox 183 4546 1447 4623; baseline 0.002 -19"><span class='ocrx_word' id='word_1_284' title='bbox 183 4549 322 4605; x_wconf 88' lang='lat' dir='ltr'>scivisset</span> <span class='ocrx_word' id='word_1_285' title='bbox 357 4550 528 4619; x_wconf 90' lang='lat' dir='ltr'>veritatem,</span> <span class='ocrx_word' id='word_1_286' title='bbox 564 4547 723 4620; x_wconf 90' lang='lat' dir='ltr'>quomodo</span> <span class='ocrx_word' id='word_1_287' title='bbox 758 4549 931 4606; x_wconf 86' lang='lat' dir='ltr'>Anthonius</span> <span class='ocrx_word' id='word_1_288' title='bbox 963 4549 1096 4619; x_wconf 88' lang='lat' dir='ltr'>Italicus,</span> <span class='ocrx_word' id='word_1_289' title='bbox 1126 4546 1229 4623; x_wconf 84' lang='lat' dir='ltr'>judex,</span> <span class='ocrx_word' id='word_1_290' title='bbox 1261 4548 1447 4607; x_wconf 89' lang='lat' dir='ltr'>Benedictus</span> 
     </span>
     <span class='ocr_line' id='line_1_37' title="bbox 184 4654 1449 4736; baseline 0.002 -24"><span class='ocrx_word' id='word_1_291' title='bbox 184 4654 388 4723; x_wconf 90' lang='lat' dir='ltr'>dombrensis‚</span> <span class='ocrx_word' id='word_1_292' title='bbox 425 4654 577 4726; x_wconf 89' lang='lat' dir='ltr'>Georgius</span> <span class='ocrx_word' id='word_1_293' title='bbox 611 4660 721 4724; x_wconf 90' lang='lat' dir='ltr'>sartor,</span> <span class='ocrx_word' id='word_1_294' title='bbox 755 4654 841 4736; x_wconf 79' lang='lat' dir='ltr'>Jaxa,</span> <span class='ocrx_word' id='word_1_295' title='bbox 876 4655 960 4713; x_wconf 89' lang='lat' dir='ltr'>filius</span> <span class='ocrx_word' id='word_1_296' title='bbox 998 4654 1154 4726; x_wconf 86' lang='lat' dir='ltr'>Boletych,</span> <span class='ocrx_word' id='word_1_297' title='bbox 1188 4654 1331 4725; x_wconf 88' lang='lat' dir='ltr'>Michael,</span> <span class='ocrx_word' id='word_1_298' title='bbox 1363 4654 1449 4714; x_wconf 88' lang='lat' dir='ltr'>filius</span> 
     </span>
     <span class='ocr_line' id='line_1_38' title="bbox 183 4759 1448 4843; baseline 0.002 -26"><span class='ocrx_word' id='word_1_299' title='bbox 183 4759 363 4829; x_wconf 83' lang='lat' dir='ltr'>Sebastiam,</span> <span class='ocrx_word' id='word_1_300' title='bbox 388 4761 538 4818; x_wconf 81' lang='lat' dir='ltr'>Martinus</span> <span class='ocrx_word' id='word_1_301' title='bbox 557 4761 684 4831; x_wconf 88' lang='lat' dir='ltr'>Parvus,</span> <span class='ocrx_word' id='word_1_302' title='bbox 708 4761 863 4843; x_wconf 91' lang='lat' dir='ltr'>Johannes</span> <span class='ocrx_word' id='word_1_303' title='bbox 887 4762 1022 4831; x_wconf 87' lang='lat' dir='ltr'>Peronis,</span> <span class='ocrx_word' id='word_1_304' title='bbox 1045 4759 1148 4835; x_wconf 87' lang='lat' dir='ltr'>jurati,</span> <span class='ocrx_word' id='word_1_305' title='bbox 1172 4759 1289 4833; x_wconf 91' lang='lat' dir='ltr'>aliique</span> <span class='ocrx_word' id='word_1_306' title='bbox 1306 4761 1393 4819; x_wconf 86' lang='lat' dir='ltr'>cives</span> <span class='ocrx_word' id='word_1_307' title='bbox 1416 4768 1448 4819; x_wconf 89' lang='lat' dir='ltr'>et</span> 
     </span>
     <span class='ocr_line' id='line_1_39' title="bbox 183 4866 1449 4939; baseline 0.002 -15"><span class='ocrx_word' id='word_1_308' title='bbox 183 4866 321 4939; x_wconf 90' lang='lat' dir='ltr'>hospites</span> <span class='ocrx_word' id='word_1_309' title='bbox 344 4867 477 4924; x_wconf 90' lang='lat' dir='ltr'>civitatis</span> <span class='ocrx_word' id='word_1_310' title='bbox 500 4868 615 4924; x_wconf 91' lang='lat' dir='ltr'>montis</span> <span class='ocrx_word' id='word_1_311' title='bbox 638 4866 823 4925; x_wconf 89' lang='lat' dir='ltr'>Grechensis</span> <span class='ocrx_word' id='word_1_312' title='bbox 846 4868 877 4924; x_wconf 92' lang='lat' dir='ltr'>in</span> <span class='ocrx_word' id='word_1_313' title='bbox 901 4882 981 4924; x_wconf 92' lang='lat' dir='ltr'>anno</span> <span class='ocrx_word' id='word_1_314' title='bbox 1004 4868 1091 4924; x_wconf 88' lang='lat' dir='ltr'>cuius</span> <span class='ocrx_word' id='word_1_315' title='bbox 1114 4868 1178 4926; x_wconf 91' lang='lat' dir='ltr'>iam</span> <span class='ocrx_word' id='word_1_316' title='bbox 1202 4866 1298 4925; x_wconf 89' lang='lat' dir='ltr'>tercia</span> <span class='ocrx_word' id='word_1_317' title='bbox 1318 4868 1449 4928; x_wconf 89' lang='lat' dir='ltr'>instaret</span> 
     </span>
    </p>
   </div>
   <div class='ocr_carea' id='block_1_9' title="bbox 0 0 1644 5348">
    <p class='ocr_par' dir='ltr' id='par_1_9' title="bbox 0 0 1644 5348">
     <span class='ocr_line' id='line_1_40' title="bbox 0 0 1644 5348; baseline 0 0"><span class='ocrx_word' id='word_1_318' title='bbox 0 0 1644 5348; x_wconf 95' lang='lat' dir='ltr'> </span> 
     </span>
    </p>
   </div>
  </div>
 </body>
</html>
