<?xml version="1.0" encoding="UTF-8"?>
<!DOCTYPE html PUBLIC "-//W3C//DTD XHTML 1.0 Transitional//EN"
    "http://www.w3.org/TR/xhtml1/DTD/xhtml1-transitional.dtd">
<html xmlns="http://www.w3.org/1999/xhtml" xml:lang="en" lang="en">
 <head>
  <title>
</title>
<meta http-equiv="Content-Type" content="text/html;charset=utf-8" />
  <meta name='ocr-system' content='tesseract 3.04.00' />
  <meta name='ocr-capabilities' content='ocr_page ocr_carea ocr_par ocr_line ocrx_word'/>
</head>
<body>
  <div class='ocr_page' id='page_1' title='image "./monumentahistor01laszgoog_0301.png"; bbox 0 0 3278 5348; ppageno 0'>
   <div class='ocr_carea' id='block_1_1' title="bbox 43 96 1365 4528">
    <p class='ocr_par' dir='ltr' id='par_1_1' title="bbox 77 96 1365 1448">
     <span class='ocr_line' id='line_1_1' title="bbox 531 96 1359 173; baseline -0.002 -19"><span class='ocrx_word' id='word_1_1' title='bbox 531 96 604 154; x_wconf 87' lang='lat' dir='ltr'>Doc.</span> <span class='ocrx_word' id='word_1_2' title='bbox 623 109 677 173; x_wconf 75' lang='lat'>52.</span> <span class='ocrx_word' id='word_1_3' title='bbox 699 128 738 139; x_wconf 83' lang='lat'>-</span> <span class='ocrx_word' id='word_1_4' title='bbox 762 97 819 155; x_wconf 87' lang='lat' dir='ltr'>An.</span> <span class='ocrx_word' id='word_1_5' title='bbox 843 111 933 173; x_wconf 57' lang='grc' dir='ltr'>[με.</span> <span class='ocrx_word' id='word_1_6' title='bbox 1323 114 1359 171; x_wconf 86' lang='lat'>35</span> 
     </span>
     <span class='ocr_line' id='line_1_2' title="bbox 93 290 1364 388; baseline 0.002 -18"><span class='ocrx_word' id='word_1_7' title='bbox 93 313 230 386; x_wconf 89' lang='lat' dir='ltr'>ipsorum</span> <span class='ocrx_word' id='word_1_8' title='bbox 257 311 447 373; x_wconf 88' lang='lat' dir='ltr'>crudelitate</span> <span class='ocrx_word' id='word_1_9' title='bbox 469 318 500 370; x_wconf 90' lang='lat' dir='ltr'>et</span> <span class='ocrx_word' id='word_1_10' title='bbox 521 327 672 371; x_wconf 88' lang='lat' dir='ltr'>manuum</span> <span class='ocrx_word' id='word_1_11' title='bbox 694 327 823 370; x_wconf 88' lang='lat' dir='ltr'>suarum</span> <span class='ocrx_word' id='word_1_12' title='bbox 837 290 1055 370; x_wconf 49' lang='lat' dir='ltr'>&#39;violentarum</span> <span class='ocrx_word' id='word_1_13' title='bbox 1078 327 1114 369; x_wconf 90' lang='lat' dir='ltr'>ac</span> <span class='ocrx_word' id='word_1_14' title='bbox 1140 315 1364 388; x_wconf 87' lang='lat' dir='ltr'>sacrilegarum</span> 
     </span>
     <span class='ocr_line' id='line_1_3' title="bbox 95 417 1365 493; baseline 0.001 -17"><span class='ocrx_word' id='word_1_15' title='bbox 95 418 260 481; x_wconf 88' lang='lat' dir='ltr'>inieccione</span> <span class='ocrx_word' id='word_1_16' title='bbox 285 420 475 478; x_wconf 87' lang='lat' dir='ltr'>vulneribus</span> <span class='ocrx_word' id='word_1_17' title='bbox 498 419 667 477; x_wconf 86' lang='lat' dir='ltr'>affecerunt</span> <span class='ocrx_word' id='word_1_18' title='bbox 691 424 720 476; x_wconf 90' lang='lat' dir='ltr'>et</span> <span class='ocrx_word' id='word_1_19' title='bbox 743 423 911 492; x_wconf 91' lang='lat' dir='ltr'>postremo,</span> <span class='ocrx_word' id='word_1_20' title='bbox 938 417 1032 475; x_wconf 93' lang='lat' dir='ltr'>modo</span> <span class='ocrx_word' id='word_1_21' title='bbox 1065 418 1170 489; x_wconf 85' lang='lat' dir='ltr'>simili,</span> <span class='ocrx_word' id='word_1_22' title='bbox 1202 420 1232 477; x_wconf 93' lang='lat' dir='ltr'>in</span> <span class='ocrx_word' id='word_1_23' title='bbox 1263 419 1365 493; x_wconf 85' lang='lat' dir='ltr'>ipsam</span> 
     </span>
     <span class='ocr_line' id='line_1_4' title="bbox 95 524 1364 599; baseline 0.002 -18"><span class='ocrx_word' id='word_1_24' title='bbox 95 528 331 599; x_wconf 84' lang='lat' dir='ltr'>aagrabiensem</span> <span class='ocrx_word' id='word_1_25' title='bbox 354 524 517 583; x_wconf 85' lang='lat' dir='ltr'>ecclesiam</span> <span class='ocrx_word' id='word_1_26' title='bbox 540 538 688 599; x_wconf 85' lang='lat' dir='ltr'>sponsam</span> <span class='ocrx_word' id='word_1_27' title='bbox 704 529 851 596; x_wconf 91' lang='lat' dir='ltr'>nostram,</span> <span class='ocrx_word' id='word_1_28' title='bbox 868 530 1001 583; x_wconf 89' lang='lat' dir='ltr'>matrem</span> <span class='ocrx_word' id='word_1_29' title='bbox 1019 525 1168 598; x_wconf 91' lang='lat' dir='ltr'>ipsorum,</span> <span class='ocrx_word' id='word_1_30' title='bbox 1184 525 1364 584; x_wconf 90' lang='lat' dir='ltr'>huiusmodi</span> 
     </span>
     <span class='ocr_line' id='line_1_5' title="bbox 94 630 1363 706; baseline 0.001 -18"><span class='ocrx_word' id='word_1_31' title='bbox 94 633 266 706; x_wconf 85' lang='lat' dir='ltr'>sepissimis</span> <span class='ocrx_word' id='word_1_32' title='bbox 289 631 411 689; x_wconf 87' lang='lat' dir='ltr'>iniuriis</span> <span class='ocrx_word' id='word_1_33' title='bbox 435 632 576 705; x_wconf 90' lang='lat' dir='ltr'>ipsorum</span> <span class='ocrx_word' id='word_1_34' title='bbox 598 645 634 687; x_wconf 92' lang='lat' dir='ltr'>ac</span> <span class='ocrx_word' id='word_1_35' title='bbox 657 630 835 704; x_wconf 91' lang='lat' dir='ltr'>inpulsibus</span> <span class='ocrx_word' id='word_1_36' title='bbox 858 630 1025 687; x_wconf 89' lang='lat' dir='ltr'>hostilibus</span> <span class='ocrx_word' id='word_1_37' title='bbox 1056 631 1231 688; x_wconf 89' lang='lat' dir='ltr'>lascesitam</span> <span class='ocrx_word' id='word_1_38' title='bbox 1256 632 1363 689; x_wconf 91' lang='lat' dir='ltr'>medu-</span> 
     </span>
     <span class='ocr_line' id='line_1_6' title="bbox 94 735 1363 812; baseline 0.002 -20"><span class='ocrx_word' id='word_1_39' title='bbox 94 735 162 798; x_wconf 92' lang='lat' dir='ltr'>litus</span> <span class='ocrx_word' id='word_1_40' title='bbox 187 744 220 797; x_wconf 92' lang='lat' dir='ltr'>et</span> <span class='ocrx_word' id='word_1_41' title='bbox 246 743 294 796; x_wconf 91' lang='lat' dir='ltr'>tot</span> <span class='ocrx_word' id='word_1_42' title='bbox 317 738 497 796; x_wconf 86' lang='lat' dir='ltr'>enormibus</span> <span class='ocrx_word' id='word_1_43' title='bbox 521 737 664 796; x_wconf 88' lang='lat' dir='ltr'>collisam</span> <span class='ocrx_word' id='word_1_44' title='bbox 681 735 817 812; x_wconf 90' lang='lat' dir='ltr'>jacturis,</span> <span class='ocrx_word' id='word_1_45' title='bbox 833 743 867 794; x_wconf 90' lang='lat' dir='ltr'>ut</span> <span class='ocrx_word' id='word_1_46' title='bbox 883 737 988 794; x_wconf 91' lang='lat' dir='ltr'>hostes</span> <span class='ocrx_word' id='word_1_47' title='bbox 1004 737 1069 793; x_wconf 93' lang='lat' dir='ltr'>eius</span> <span class='ocrx_word' id='word_1_48' title='bbox 1086 736 1253 794; x_wconf 86' lang='lat' dir='ltr'>efficaciter</span> <span class='ocrx_word' id='word_1_49' title='bbox 1269 737 1363 795; x_wconf 92' lang='lat' dir='ltr'>modo</span> 
     </span>
     <span class='ocr_line' id='line_1_7' title="bbox 96 839 1363 917; baseline 0.003 -21"><span class='ocrx_word' id='word_1_50' title='bbox 96 839 171 916; x_wconf 86' lang='lat' dir='ltr'>tacti,</span> <span class='ocrx_word' id='word_1_51' title='bbox 197 845 280 903; x_wconf 91' lang='lat' dir='ltr'>alias</span> <span class='ocrx_word' id='word_1_52' title='bbox 305 844 369 901; x_wconf 91' lang='lat' dir='ltr'>cari</span> <span class='ocrx_word' id='word_1_53' title='bbox 392 843 490 917; x_wconf 92' lang='lat' dir='ltr'>ipsius</span> <span class='ocrx_word' id='word_1_54' title='bbox 513 859 549 901; x_wconf 90' lang='lat' dir='ltr'>ac</span> <span class='ocrx_word' id='word_1_55' title='bbox 572 843 664 901; x_wconf 92' lang='lat' dir='ltr'>vicini</span> <span class='ocrx_word' id='word_1_56' title='bbox 689 848 720 900; x_wconf 91' lang='lat' dir='ltr'>et</span> <span class='ocrx_word' id='word_1_57' title='bbox 743 843 797 916; x_wconf 93' lang='lat' dir='ltr'>qui</span> <span class='ocrx_word' id='word_1_58' title='bbox 819 843 918 916; x_wconf 91' lang='lat' dir='ltr'>ipsius</span> <span class='ocrx_word' id='word_1_59' title='bbox 942 849 1093 900; x_wconf 84' lang='lat' dir='ltr'>suxerunt</span> <span class='ocrx_word' id='word_1_60' title='bbox 1115 844 1212 901; x_wconf 88' lang='lat' dir='ltr'>ubera</span> <span class='ocrx_word' id='word_1_61' title='bbox 1243 845 1283 900; x_wconf 91' lang='lat' dir='ltr'>ab</span> <span class='ocrx_word' id='word_1_62' title='bbox 1308 844 1363 901; x_wconf 90' lang='lat' dir='ltr'>illa</span> 
     </span>
     <span class='ocr_line' id='line_1_8' title="bbox 95 947 1363 1025; baseline 0.001 -20"><span class='ocrx_word' id='word_1_63' title='bbox 95 952 194 1025; x_wconf 87' lang='lat' dir='ltr'>sepius</span> <span class='ocrx_word' id='word_1_64' title='bbox 220 951 314 1008; x_wconf 90' lang='lat' dir='ltr'>lactis</span> <span class='ocrx_word' id='word_1_65' title='bbox 336 948 445 1007; x_wconf 85' lang='lat' dir='ltr'>refecti</span> <span class='ocrx_word' id='word_1_66' title='bbox 468 948 641 1020; x_wconf 88' lang='lat' dir='ltr'>dulcedine,</span> <span class='ocrx_word' id='word_1_67' title='bbox 667 949 783 1022; x_wconf 91' lang='lat' dir='ltr'>quique</span> <span class='ocrx_word' id='word_1_68' title='bbox 819 947 975 1005; x_wconf 88' lang='lat' dir='ltr'>fecundati</span> <span class='ocrx_word' id='word_1_69' title='bbox 1006 965 1063 1022; x_wconf 89' lang='lat' dir='ltr'>per</span> <span class='ocrx_word' id='word_1_70' title='bbox 1093 950 1194 1021; x_wconf 86' lang='lat' dir='ltr'>ipsam</span> <span class='ocrx_word' id='word_1_71' title='bbox 1226 950 1363 1023; x_wconf 92' lang='lat' dir='ltr'>amplius</span> 
     </span>
     <span class='ocr_line' id='line_1_9' title="bbox 94 1054 1363 1129; baseline -0.002 -13"><span class='ocrx_word' id='word_1_72' title='bbox 94 1057 261 1124; x_wconf 79' lang='lat' dir='ltr'>nandium</span> <span class='ocrx_word' id='word_1_73' title='bbox 286 1055 428 1113; x_wconf 90' lang='lat' dir='ltr'>ubertate</span> <span class='ocrx_word' id='word_1_74' title='bbox 451 1055 606 1113; x_wconf 90' lang='lat' dir='ltr'>bonorum</span> <span class='ocrx_word' id='word_1_75' title='bbox 630 1070 698 1112; x_wconf 93' lang='lat' dir='ltr'>eam</span> <span class='ocrx_word' id='word_1_76' title='bbox 731 1054 948 1112; x_wconf 83' lang='lat' dir='ltr'>amaritudinis</span> <span class='ocrx_word' id='word_1_77' title='bbox 981 1055 1110 1112; x_wconf 86' lang='lat' dir='ltr'>calicem</span> <span class='ocrx_word' id='word_1_78' title='bbox 1141 1057 1239 1129; x_wconf 80' lang='lat' dir='ltr'>procli</span> <span class='ocrx_word' id='word_1_79' title='bbox 1273 1055 1363 1113; x_wconf 89' lang='lat' dir='ltr'>dolor</span> 
     </span>
     <span class='ocr_line' id='line_1_10' title="bbox 92 1156 1362 1238; baseline -0.002 -17"><span class='ocrx_word' id='word_1_80' title='bbox 92 1156 253 1238; x_wconf 83' lang='lat' dir='ltr'>degustari</span> <span class='ocrx_word' id='word_1_81' title='bbox 289 1161 516 1235; x_wconf 91' lang='lat' dir='ltr'>compellendo,</span> <span class='ocrx_word' id='word_1_82' title='bbox 550 1161 697 1235; x_wconf 91' lang='lat' dir='ltr'>pluribus</span> <span class='ocrx_word' id='word_1_83' title='bbox 731 1161 850 1233; x_wconf 75' lang='lat' dir='ltr'>sagittis</span> <span class='ocrx_word' id='word_1_84' title='bbox 885 1160 1005 1216; x_wconf 86' lang='lat' dir='ltr'>emissis</span> <span class='ocrx_word' id='word_1_85' title='bbox 1036 1165 1066 1217; x_wconf 93' lang='lat' dir='ltr'>et</span> <span class='ocrx_word' id='word_1_86' title='bbox 1089 1160 1244 1218; x_wconf 87' lang='lat' dir='ltr'>hostiliter</span> <span class='ocrx_word' id='word_1_87' title='bbox 1266 1161 1308 1217; x_wconf 93' lang='lat' dir='ltr'>ob</span> <span class='ocrx_word' id='word_1_88' title='bbox 1332 1166 1362 1218; x_wconf 93' lang='lat' dir='ltr'>et</span> 
     </span>
     <span class='ocr_line' id='line_1_11' title="bbox 85 1262 1357 1346; baseline -0.002 -20"><span class='ocrx_word' id='word_1_89' title='bbox 85 1262 298 1346; x_wconf 84' lang='lat' dir='ltr'>inpugnando</span> <span class='ocrx_word' id='word_1_90' title='bbox 320 1267 496 1326; x_wconf 89' lang='lat' dir='ltr'>subintrare</span> <span class='ocrx_word' id='word_1_91' title='bbox 521 1271 552 1325; x_wconf 98' lang='lat' dir='ltr'>et</span> <span class='ocrx_word' id='word_1_92' title='bbox 575 1269 695 1326; x_wconf 90' lang='lat' dir='ltr'>curiam</span> <span class='ocrx_word' id='word_1_93' title='bbox 729 1271 867 1324; x_wconf 89' lang='lat' dir='ltr'>nostram</span> <span class='ocrx_word' id='word_1_94' title='bbox 891 1267 1103 1339; x_wconf 88' lang='lat' dir='ltr'>episcopalem</span> <span class='ocrx_word' id='word_1_95' title='bbox 1127 1265 1248 1323; x_wconf 83' lang='lat' dir='ltr'>fortiter</span> <span class='ocrx_word' id='word_1_96' title='bbox 1272 1267 1357 1340; x_wconf 90' lang='lat' dir='ltr'>inpe-</span> 
     </span>
     <span class='ocr_line' id='line_1_12' title="bbox 77 1371 1356 1448; baseline -0.001 -18"><span class='ocrx_word' id='word_1_97' title='bbox 77 1371 143 1436; x_wconf 82' lang='lat' dir='ltr'>tere</span> <span class='ocrx_word' id='word_1_98' title='bbox 186 1374 295 1433; x_wconf 91' lang='lat' dir='ltr'>conati</span> <span class='ocrx_word' id='word_1_99' title='bbox 327 1380 399 1432; x_wconf 90' lang='lat' dir='ltr'>sunt</span> <span class='ocrx_word' id='word_1_100' title='bbox 432 1378 524 1448; x_wconf 91' lang='lat' dir='ltr'>atque</span> <span class='ocrx_word' id='word_1_101' title='bbox 560 1375 635 1446; x_wconf 91' lang='lat' dir='ltr'>ausi,</span> <span class='ocrx_word' id='word_1_102' title='bbox 659 1380 690 1432; x_wconf 93' lang='lat' dir='ltr'>et</span> <span class='ocrx_word' id='word_1_103' title='bbox 711 1373 984 1446; x_wconf 78' lang='lat' dir='ltr'>eandem-utique</span> <span class='ocrx_word' id='word_1_104' title='bbox 1008 1372 1212 1430; x_wconf 91' lang='lat' dir='ltr'>subintrando</span> <span class='ocrx_word' id='word_1_105' title='bbox 1237 1372 1356 1430; x_wconf 85' lang='lat' dir='ltr'>confre-</span> 
     </span>
    </p>

    <p class='ocr_par' dir='ltr' id='par_1_2' title="bbox 43 1478 1362 4528">
     <span class='ocr_line' id='line_1_13' title="bbox 66 1478 1362 1554; baseline -0.002 -14"><span class='ocrx_word' id='word_1_106' title='bbox 66 1481 207 1548; x_wconf 72' lang='lat' dir='ltr'>gissent</span> <span class='ocrx_word' id='word_1_107' title='bbox 232 1486 263 1538; x_wconf 93' lang='lat' dir='ltr'>et</span> <span class='ocrx_word' id='word_1_108' title='bbox 285 1480 479 1554; x_wconf 84' lang='lat' dir='ltr'>spoliassent,</span> <span class='ocrx_word' id='word_1_109' title='bbox 502 1480 530 1538; x_wconf 91' lang='lat' dir='ltr'>si</span> <span class='ocrx_word' id='word_1_110' title='bbox 549 1486 626 1538; x_wconf 91' lang='lat' dir='ltr'>nutu</span> <span class='ocrx_word' id='word_1_111' title='bbox 649 1479 757 1537; x_wconf 91' lang='lat' dir='ltr'>divino</span> <span class='ocrx_word' id='word_1_112' title='bbox 780 1486 811 1536; x_wconf 92' lang='lat' dir='ltr'>et</span> <span class='ocrx_word' id='word_1_113' title='bbox 833 1478 979 1551; x_wconf 85' lang='lat' dir='ltr'>sufragiis</span> <span class='ocrx_word' id='word_1_114' title='bbox 1010 1484 1197 1550; x_wconf 90' lang='lat' dir='ltr'>sanctorum,</span> <span class='ocrx_word' id='word_1_115' title='bbox 1223 1495 1362 1552; x_wconf 92' lang='lat' dir='ltr'>quorum</span> 
     </span>
     <span class='ocr_line' id='line_1_14' title="bbox 58 1578 1360 1660; baseline -0.006 -10"><span class='ocrx_word' id='word_1_116' title='bbox 58 1578 160 1650; x_wconf 81' lang='lat' dir='ltr'>inibi</span> <span class='ocrx_word' id='word_1_117' title='bbox 188 1602 282 1645; x_wconf 85' lang='lat' dir='ltr'>sacre</span> <span class='ocrx_word' id='word_1_118' title='bbox 303 1587 502 1660; x_wconf 88' lang='lat' dir='ltr'>requiescunt</span> <span class='ocrx_word' id='word_1_119' title='bbox 522 1586 662 1660; x_wconf 88' lang='lat' dir='ltr'>reliquie,</span> <span class='ocrx_word' id='word_1_120' title='bbox 686 1601 795 1644; x_wconf 90' lang='lat' dir='ltr'>eorum</span> <span class='ocrx_word' id='word_1_121' title='bbox 819 1601 912 1643; x_wconf 90' lang='lat' dir='ltr'>ausus</span> <span class='ocrx_word' id='word_1_122' title='bbox 934 1585 1079 1656; x_wconf 84' lang='lat' dir='ltr'>sacrilegi</span> <span class='ocrx_word' id='word_1_123' title='bbox 1103 1590 1134 1642; x_wconf 95' lang='lat' dir='ltr'>et</span> <span class='ocrx_word' id='word_1_124' title='bbox 1158 1590 1285 1643; x_wconf 90' lang='lat' dir='ltr'>conatus</span> <span class='ocrx_word' id='word_1_125' title='bbox 1315 1586 1360 1642; x_wconf 91' lang='lat' dir='ltr'>in·</span> 
     </span>
     <span class='ocr_line' id='line_1_15' title="bbox 49 1691 1359 1767; baseline -0.005 -11"><span class='ocrx_word' id='word_1_126' title='bbox 49 1701 226 1763; x_wconf 74' lang='lat' dir='ltr'>Dortune</span> <span class='ocrx_word' id='word_1_127' title='bbox 250 1699 281 1751; x_wconf 91' lang='lat' dir='ltr'>et</span> <span class='ocrx_word' id='word_1_128' title='bbox 304 1697 481 1767; x_wconf 87' lang='lat' dir='ltr'>opportune</span> <span class='ocrx_word' id='word_1_129' title='bbox 503 1706 565 1751; x_wconf 91' lang='lat' dir='ltr'>non</span> <span class='ocrx_word' id='word_1_130' title='bbox 587 1691 718 1751; x_wconf 87' lang='lat' dir='ltr'>fuissent</span> <span class='ocrx_word' id='word_1_131' title='bbox 741 1693 835 1750; x_wconf 91' lang='lat' dir='ltr'>cicius</span> <span class='ocrx_word' id='word_1_132' title='bbox 867 1692 1059 1766; x_wconf 91' lang='lat' dir='ltr'>propulsati;</span> <span class='ocrx_word' id='word_1_133' title='bbox 1088 1691 1275 1765; x_wconf 88' lang='lat' dir='ltr'>tandemque</span> <span class='ocrx_word' id='word_1_134' title='bbox 1299 1693 1359 1766; x_wconf 92' lang='lat' dir='ltr'>ipsi</span> 
     </span>
     <span class='ocr_line' id='line_1_16' title="bbox 47 1798 1355 1876; baseline -0.005 -15"><span class='ocrx_word' id='word_1_135' title='bbox 47 1801 116 1861; x_wconf 80' lang='lat' dir='ltr'>sic</span> <span class='ocrx_word' id='word_1_136' title='bbox 146 1799 279 1876; x_wconf 89' lang='lat' dir='ltr'>repulsi</span> <span class='ocrx_word' id='word_1_137' title='bbox 301 1804 331 1856; x_wconf 93' lang='lat' dir='ltr'>et</span> <span class='ocrx_word' id='word_1_138' title='bbox 354 1800 385 1856; x_wconf 93' lang='lat' dir='ltr'>in</span> <span class='ocrx_word' id='word_1_139' title='bbox 408 1799 548 1872; x_wconf 90' lang='lat' dir='ltr'>maligno</span> <span class='ocrx_word' id='word_1_140' title='bbox 571 1799 712 1872; x_wconf 91' lang='lat' dir='ltr'>ipsorum</span> <span class='ocrx_word' id='word_1_141' title='bbox 737 1800 899 1873; x_wconf 89' lang='lat' dir='ltr'>proposito</span> <span class='ocrx_word' id='word_1_142' title='bbox 922 1798 1054 1871; x_wconf 88' lang='lat' dir='ltr'>inpediti</span> <span class='ocrx_word' id='word_1_143' title='bbox 1075 1804 1106 1856; x_wconf 94' lang='lat' dir='ltr'>et</span> <span class='ocrx_word' id='word_1_144' title='bbox 1129 1800 1217 1855; x_wconf 90' lang='lat' dir='ltr'>eiecti</span> <span class='ocrx_word' id='word_1_145' title='bbox 1241 1800 1355 1856; x_wconf 88' lang='lat' dir='ltr'>instan-</span> 
     </span>
     <span class='ocr_line' id='line_1_17' title="bbox 43 1903 1361 1980; baseline 0 -19"><span class='ocrx_word' id='word_1_146' title='bbox 43 1906 209 1968; x_wconf 84' lang='lat' dir='ltr'>tissime</span> <span class='ocrx_word' id='word_1_147' title='bbox 235 1904 275 1962; x_wconf 90' lang='lat' dir='ltr'>ad</span> <span class='ocrx_word' id='word_1_148' title='bbox 298 1905 427 1980; x_wconf 92' lang='lat' dir='ltr'>pulsum</span> <span class='ocrx_word' id='word_1_149' title='bbox 450 1905 594 1963; x_wconf 90' lang='lat' dir='ltr'>similiter</span> <span class='ocrx_word' id='word_1_150' title='bbox 610 1919 760 1979; x_wconf 89' lang='lat' dir='ltr'>campane</span> <span class='ocrx_word' id='word_1_151' title='bbox 776 1906 917 1979; x_wconf 90' lang='lat' dir='ltr'>ipsorum</span> <span class='ocrx_word' id='word_1_152' title='bbox 934 1904 1072 1977; x_wconf 87' lang='lat' dir='ltr'>predicte</span> <span class='ocrx_word' id='word_1_153' title='bbox 1088 1903 1361 1977; x_wconf 85' lang='lat' dir='ltr'>validissimosque</span> 
     </span>
     <span class='ocr_line' id='line_1_18' title="bbox 48 2010 1360 2085; baseline -0.004 -14"><span class='ocrx_word' id='word_1_154' title='bbox 48 2017 258 2083; x_wconf 87' lang='lat' dir='ltr'>clamores,</span> <span class='ocrx_word' id='word_1_155' title='bbox 293 2012 432 2084; x_wconf 90' lang='lat' dir='ltr'>latratus,</span> <span class='ocrx_word' id='word_1_156' title='bbox 467 2016 502 2069; x_wconf 89' lang='lat' dir='ltr'>ut</span> <span class='ocrx_word' id='word_1_157' title='bbox 535 2026 634 2084; x_wconf 87' lang='lat' dir='ltr'>canes,</span> <span class='ocrx_word' id='word_1_158' title='bbox 668 2011 852 2085; x_wconf 85' lang='lat' dir='ltr'>vispiliones</span> <span class='ocrx_word' id='word_1_159' title='bbox 875 2011 1000 2082; x_wconf 89' lang='lat' dir='ltr'>ebriosi,</span> <span class='ocrx_word' id='word_1_160' title='bbox 1031 2010 1158 2085; x_wconf 90' lang='lat' dir='ltr'>publice</span> <span class='ocrx_word' id='word_1_161' title='bbox 1180 2010 1360 2067; x_wconf 91' lang='lat' dir='ltr'>huiusmodi</span> 
     </span>
     <span class='ocr_line' id='line_1_19' title="bbox 54 2115 1358 2189; baseline -0.005 -11"><span class='ocrx_word' id='word_1_162' title='bbox 54 2120 194 2181; x_wconf 71' lang='lat' dir='ltr'>verba</span> <span class='ocrx_word' id='word_1_163' title='bbox 219 2117 408 2176; x_wconf 90' lang='lat' dir='ltr'>clamantes:</span> <span class='ocrx_word' id='word_1_164' title='bbox 431 2117 579 2176; x_wconf 86' lang='lat' dir='ltr'>audacter</span> <span class='ocrx_word' id='word_1_165' title='bbox 600 2124 630 2176; x_wconf 92' lang='lat' dir='ltr'>et</span> <span class='ocrx_word' id='word_1_166' title='bbox 654 2118 717 2176; x_wconf 90' lang='lat' dir='ltr'>cito</span> <span class='ocrx_word' id='word_1_167' title='bbox 740 2116 881 2175; x_wconf 84' lang='lat' dir='ltr'>festinate</span> <span class='ocrx_word' id='word_1_168' title='bbox 905 2117 935 2173; x_wconf 94' lang='lat' dir='ltr'>in</span> <span class='ocrx_word' id='word_1_169' title='bbox 959 2117 1150 2189; x_wconf 87' lang='lat' dir='ltr'>presbiteros</span> <span class='ocrx_word' id='word_1_170' title='bbox 1176 2115 1358 2173; x_wconf 89' lang='lat' dir='ltr'>maledictos</span> 
     </span>
     <span class='ocr_line' id='line_1_20' title="bbox 49 2221 1359 2299; baseline -0.005 -14"><span class='ocrx_word' id='word_1_171' title='bbox 49 2236 108 2287; x_wconf 82' lang='lat' dir='ltr'>et</span> <span class='ocrx_word' id='word_1_172' title='bbox 136 2225 287 2295; x_wconf 86' lang='lat' dir='ltr'>clericos,</span> <span class='ocrx_word' id='word_1_173' title='bbox 302 2224 433 2298; x_wconf 91' lang='lat' dir='ltr'>predam</span> <span class='ocrx_word' id='word_1_174' title='bbox 450 2224 560 2297; x_wconf 86' lang='lat' dir='ltr'>tollite,</span> <span class='ocrx_word' id='word_1_175' title='bbox 576 2224 687 2299; x_wconf 90' lang='lat' dir='ltr'>capite,</span> <span class='ocrx_word' id='word_1_176' title='bbox 711 2223 880 2292; x_wconf 90' lang='lat' dir='ltr'>vulnerate,</span> <span class='ocrx_word' id='word_1_177' title='bbox 898 2222 1068 2293; x_wconf 89' lang='lat' dir='ltr'>interficite,</span> <span class='ocrx_word' id='word_1_178' title='bbox 1093 2221 1234 2291; x_wconf 90' lang='lat' dir='ltr'>detinete,</span> <span class='ocrx_word' id='word_1_179' title='bbox 1249 2221 1359 2292; x_wconf 88' lang='lat' dir='ltr'>libros,</span> 
     </span>
     <span class='ocr_line' id='line_1_21' title="bbox 55 2326 1360 2404; baseline -0.007 -12"><span class='ocrx_word' id='word_1_180' title='bbox 55 2333 207 2392; x_wconf 82' lang='lat' dir='ltr'>calices</span> <span class='ocrx_word' id='word_1_181' title='bbox 232 2335 262 2387; x_wconf 92' lang='lat' dir='ltr'>et</span> <span class='ocrx_word' id='word_1_182' title='bbox 285 2335 467 2404; x_wconf 90' lang='lat' dir='ltr'>paramenta</span> <span class='ocrx_word' id='word_1_183' title='bbox 490 2330 619 2388; x_wconf 91' lang='lat' dir='ltr'>ecclesie</span> <span class='ocrx_word' id='word_1_184' title='bbox 642 2330 739 2387; x_wconf 89' lang='lat' dir='ltr'>sancti</span> <span class='ocrx_word' id='word_1_185' title='bbox 762 2327 911 2402; x_wconf 89' lang='lat' dir='ltr'>Stephani</span> <span class='ocrx_word' id='word_1_186' title='bbox 935 2334 964 2384; x_wconf 92' lang='lat' dir='ltr'>et</span> <span class='ocrx_word' id='word_1_187' title='bbox 987 2328 1205 2385; x_wconf 91' lang='lat' dir='ltr'>canonicorum</span> <span class='ocrx_word' id='word_1_188' title='bbox 1222 2326 1360 2384; x_wconf 89' lang='lat' dir='ltr'>eiusdem</span> 
     </span>
     <span class='ocr_line' id='line_1_22' title="bbox 68 2434 1359 2514; baseline -0.005 -17"><span class='ocrx_word' id='word_1_189' title='bbox 68 2439 196 2514; x_wconf 87' lang='lat' dir='ltr'>rapite</span> <span class='ocrx_word' id='word_1_190' title='bbox 233 2451 270 2493; x_wconf 88' lang='lat' dir='ltr'>ac</span> <span class='ocrx_word' id='word_1_191' title='bbox 303 2436 405 2494; x_wconf 91' lang='lat' dir='ltr'>tollite</span> <span class='ocrx_word' id='word_1_192' title='bbox 439 2441 469 2493; x_wconf 92' lang='lat' dir='ltr'>et</span> <span class='ocrx_word' id='word_1_193' title='bbox 500 2436 664 2493; x_wconf 89' lang='lat' dir='ltr'>vobiscum</span> <span class='ocrx_word' id='word_1_194' title='bbox 699 2441 893 2510; x_wconf 90' lang='lat' dir='ltr'>ausportate;</span> <span class='ocrx_word' id='word_1_195' title='bbox 916 2434 1093 2493; x_wconf 91' lang='lat' dir='ltr'>dividamus</span> <span class='ocrx_word' id='word_1_196' title='bbox 1114 2434 1225 2506; x_wconf 87' lang='lat' dir='ltr'>spolia,</span> <span class='ocrx_word' id='word_1_197' title='bbox 1251 2449 1359 2491; x_wconf 89' lang='lat' dir='ltr'>eorum</span> 
     </span>
     <span class='ocr_line' id='line_1_23' title="bbox 59 2541 1361 2617; baseline -0.005 -14"><span class='ocrx_word' id='word_1_198' title='bbox 59 2546 187 2604; x_wconf 80' lang='lat' dir='ltr'>rebus</span> <span class='ocrx_word' id='word_1_199' title='bbox 212 2548 334 2600; x_wconf 89' lang='lat' dir='ltr'>nostras</span> <span class='ocrx_word' id='word_1_200' title='bbox 356 2541 429 2600; x_wconf 92' lang='lat' dir='ltr'>edes</span> <span class='ocrx_word' id='word_1_201' title='bbox 452 2542 651 2617; x_wconf 88' lang='lat' dir='ltr'>impleamus,</span> <span class='ocrx_word' id='word_1_202' title='bbox 676 2542 790 2614; x_wconf 94' lang='lat' dir='ltr'>quibus</span> <span class='ocrx_word' id='word_1_203' title='bbox 806 2546 840 2599; x_wconf 94' lang='lat' dir='ltr'>ut</span> <span class='ocrx_word' id='word_1_204' title='bbox 855 2541 933 2598; x_wconf 91' lang='lat' dir='ltr'>alias</span> <span class='ocrx_word' id='word_1_205' title='bbox 957 2542 1096 2598; x_wconf 93' lang='lat' dir='ltr'>animum</span> <span class='ocrx_word' id='word_1_206' title='bbox 1113 2541 1263 2614; x_wconf 91' lang='lat' dir='ltr'>principis</span> <span class='ocrx_word' id='word_1_207' title='bbox 1280 2548 1361 2597; x_wconf 89' lang='lat' dir='ltr'>terre</span> 
     </span>
     <span class='ocr_line' id='line_1_24' title="bbox 62 2647 1361 2723; baseline -0.006 -13"><span class='ocrx_word' id='word_1_208' title='bbox 62 2665 119 2710; x_wconf 79' lang='lat' dir='ltr'>ac</span> <span class='ocrx_word' id='word_1_209' title='bbox 146 2649 251 2708; x_wconf 84' lang='lat' dir='ltr'>nostri</span> <span class='ocrx_word' id='word_1_210' title='bbox 274 2647 404 2707; x_wconf 91' lang='lat' dir='ltr'>dominii</span> <span class='ocrx_word' id='word_1_211' title='bbox 426 2649 606 2723; x_wconf 90' lang='lat' dir='ltr'>simplicem</span> <span class='ocrx_word' id='word_1_212' title='bbox 628 2654 658 2705; x_wconf 91' lang='lat' dir='ltr'>et</span> <span class='ocrx_word' id='word_1_213' title='bbox 683 2648 837 2706; x_wconf 89' lang='lat' dir='ltr'>insontem</span> <span class='ocrx_word' id='word_1_214' title='bbox 861 2649 975 2705; x_wconf 90' lang='lat' dir='ltr'>iterum</span> <span class='ocrx_word' id='word_1_215' title='bbox 998 2663 1079 2704; x_wconf 92' lang='lat' dir='ltr'>nunc</span> <span class='ocrx_word' id='word_1_216' title='bbox 1111 2647 1270 2720; x_wconf 86' lang='lat' dir='ltr'>placemus</span> <span class='ocrx_word' id='word_1_217' title='bbox 1293 2662 1361 2703; x_wconf 89' lang='lat' dir='ltr'>san·</span> 
     </span>
     <span class='ocr_line' id='line_1_25' title="bbox 61 2753 1362 2832; baseline -0.005 -17"><span class='ocrx_word' id='word_1_218' title='bbox 61 2758 183 2832; x_wconf 81' lang='lat' dir='ltr'>guine</span> <span class='ocrx_word' id='word_1_219' title='bbox 208 2755 407 2813; x_wconf 89' lang='lat' dir='ltr'>innocentum</span> <span class='ocrx_word' id='word_1_220' title='bbox 429 2759 459 2812; x_wconf 88' lang='lat' dir='ltr'>et</span> <span class='ocrx_word' id='word_1_221' title='bbox 482 2756 656 2812; x_wconf 91' lang='lat' dir='ltr'>occisorum</span> <span class='ocrx_word' id='word_1_222' title='bbox 679 2754 799 2828; x_wconf 91' lang='lat' dir='ltr'>plateas</span> <span class='ocrx_word' id='word_1_223' title='bbox 822 2769 893 2811; x_wconf 89' lang='lat' dir='ltr'>suas</span> <span class='ocrx_word' id='word_1_224' title='bbox 917 2760 947 2810; x_wconf 93' lang='lat' dir='ltr'>et</span> <span class='ocrx_word' id='word_1_225' title='bbox 970 2768 1079 2810; x_wconf 93' lang='lat' dir='ltr'>eorum</span> <span class='ocrx_word' id='word_1_226' title='bbox 1096 2753 1307 2826; x_wconf 89' lang='lat' dir='ltr'>purpurando,</span> <span class='ocrx_word' id='word_1_227' title='bbox 1332 2758 1362 2808; x_wconf 93' lang='lat' dir='ltr'>et</span> 
     </span>
     <span class='ocr_line' id='line_1_26' title="bbox 73 2860 1361 2938; baseline -0.005 -17"><span class='ocrx_word' id='word_1_228' title='bbox 73 2863 202 2938; x_wconf 79' lang='lat' dir='ltr'>plures</span> <span class='ocrx_word' id='word_1_229' title='bbox 237 2877 276 2918; x_wconf 88' lang='lat' dir='ltr'>ex</span> <span class='ocrx_word' id='word_1_230' title='bbox 310 2860 429 2919; x_wconf 90' lang='lat' dir='ltr'>eisdem</span> <span class='ocrx_word' id='word_1_231' title='bbox 462 2860 659 2920; x_wconf 90' lang='lat' dir='ltr'>verberando</span> <span class='ocrx_word' id='word_1_232' title='bbox 691 2861 803 2918; x_wconf 90' lang='lat' dir='ltr'>acriter</span> <span class='ocrx_word' id='word_1_233' title='bbox 836 2866 866 2918; x_wconf 92' lang='lat' dir='ltr'>et</span> <span class='ocrx_word' id='word_1_234' title='bbox 897 2860 1068 2918; x_wconf 86' lang='lat' dir='ltr'>detinendo¹</span> <span class='ocrx_word' id='word_1_235' title='bbox 1094 2860 1254 2932; x_wconf 88' lang='lat' dir='ltr'>Multaque</span> <span class='ocrx_word' id='word_1_236' title='bbox 1278 2860 1361 2917; x_wconf 88' lang='lat' dir='ltr'>mala</span> 
     </span>
     <span class='ocr_line' id='line_1_27' title="bbox 63 2965 1358 3042; baseline -0.002 -17"><span class='ocrx_word' id='word_1_237' title='bbox 63 2965 228 3028; x_wconf 88' lang='lat' dir='ltr'>inaudita</span> <span class='ocrx_word' id='word_1_238' title='bbox 251 2982 359 3039; x_wconf 88' lang='lat' dir='ltr'>ymmo</span> <span class='ocrx_word' id='word_1_239' title='bbox 382 2968 507 3042; x_wconf 91' lang='lat' dir='ltr'>piarum</span> <span class='ocrx_word' id='word_1_240' title='bbox 530 2968 654 3025; x_wconf 84' lang='lat' dir='ltr'>aurium</span> <span class='ocrx_word' id='word_1_241' title='bbox 679 2967 831 3024; x_wconf 86' lang='lat' dir='ltr'>offensiva</span> <span class='ocrx_word' id='word_1_242' title='bbox 866 2966 1090 3024; x_wconf 89' lang='lat' dir='ltr'>committendo</span> <span class='ocrx_word' id='word_1_243' title='bbox 1123 2971 1152 3022; x_wconf 92' lang='lat' dir='ltr'>et</span> <span class='ocrx_word' id='word_1_244' title='bbox 1184 2966 1358 3038; x_wconf 91' lang='lat' dir='ltr'>plurimum</span> 
     </span>
     <span class='ocr_line' id='line_1_28' title="bbox 69 3072 1360 3148; baseline -0.004 -15"><span class='ocrx_word' id='word_1_245' title='bbox 69 3072 281 3145; x_wconf 82' lang='lat' dir='ltr'>scandalosa,</span> <span class='ocrx_word' id='word_1_246' title='bbox 305 3088 366 3147; x_wconf 90' lang='lat' dir='ltr'>que</span> <span class='ocrx_word' id='word_1_247' title='bbox 389 3080 546 3148; x_wconf 90' lang='lat' dir='ltr'>nequeunt</span> <span class='ocrx_word' id='word_1_248' title='bbox 568 3072 660 3131; x_wconf 87' lang='lat' dir='ltr'>facile</span> <span class='ocrx_word' id='word_1_249' title='bbox 683 3089 738 3130; x_wconf 94' lang='lat' dir='ltr'>nec</span> <span class='ocrx_word' id='word_1_250' title='bbox 762 3075 882 3146; x_wconf 89' lang='lat' dir='ltr'>possint</span> <span class='ocrx_word' id='word_1_251' title='bbox 905 3072 944 3130; x_wconf 91' lang='lat' dir='ltr'>ad</span> <span class='ocrx_word' id='word_1_252' title='bbox 968 3075 1097 3147; x_wconf 91' lang='lat' dir='ltr'>pienum</span> <span class='ocrx_word' id='word_1_253' title='bbox 1128 3073 1169 3128; x_wconf 93' lang='lat' dir='ltr'>ob</span> <span class='ocrx_word' id='word_1_254' title='bbox 1193 3073 1242 3129; x_wconf 89' lang='lat' dir='ltr'>sui</span> <span class='ocrx_word' id='word_1_255' title='bbox 1265 3073 1360 3145; x_wconf 90' lang='lat' dir='ltr'>proli·</span> 
     </span>
     <span class='ocr_line' id='line_1_29' title="bbox 74 3179 1359 3250; baseline -0.003 -12"><span class='ocrx_word' id='word_1_256' title='bbox 74 3181 221 3238; x_wconf 74' lang='lat' dir='ltr'>:ritatem</span> <span class='ocrx_word' id='word_1_257' title='bbox 256 3179 347 3238; x_wconf 91' lang='lat' dir='ltr'>brevi</span> <span class='ocrx_word' id='word_1_258' title='bbox 377 3179 449 3238; x_wconf 91' lang='lat' dir='ltr'>stilo</span> <span class='ocrx_word' id='word_1_259' title='bbox 473 3181 604 3250; x_wconf 87' lang='lat' dir='ltr'>exarari,</span> <span class='ocrx_word' id='word_1_260' title='bbox 635 3196 668 3237; x_wconf 91' lang='lat' dir='ltr'>se</span> <span class='ocrx_word' id='word_1_261' title='bbox 692 3181 781 3237; x_wconf 91' lang='lat' dir='ltr'>novis</span> <span class='ocrx_word' id='word_1_262' title='bbox 805 3180 968 3236; x_wconf 87' lang='lat' dir='ltr'>sentenciis</span> <span class='ocrx_word' id='word_1_263' title='bbox 991 3181 1106 3236; x_wconf 85' lang='lat' dir='ltr'>iterum</span> <span class='ocrx_word' id='word_1_264' title='bbox 1128 3193 1288 3235; x_wconf 89' lang='lat' dir='ltr'>sacrorum</span> <span class='ocrx_word' id='word_1_265' title='bbox 1310 3194 1359 3235; x_wconf 91' lang='lat' dir='ltr'>ca·</span> 
     </span>
     <span class='ocr_line' id='line_1_30' title="bbox 82 3283 1361 3362; baseline -0.002 -18"><span class='ocrx_word' id='word_1_266' title='bbox 82 3300 213 3344; x_wconf 84' lang='lat' dir='ltr'>nonum</span> <span class='ocrx_word' id='word_1_267' title='bbox 236 3285 268 3344; x_wconf 88' lang='lat' dir='ltr'>iu</span> <span class='ocrx_word' id='word_1_268' title='bbox 291 3285 369 3343; x_wconf 90' lang='lat' dir='ltr'>tales</span> <span class='ocrx_word' id='word_1_269' title='bbox 391 3287 508 3361; x_wconf 91' lang='lat' dir='ltr'>scripto</span> <span class='ocrx_word' id='word_1_270' title='bbox 531 3283 599 3362; x_wconf 84' lang='lat' dir='ltr'>jure</span> <span class='ocrx_word' id='word_1_271' title='bbox 624 3286 833 3359; x_wconf 86' lang='lat' dir='ltr'>promulgatis</span> <span class='ocrx_word' id='word_1_272' title='bbox 868 3285 1057 3359; x_wconf 89' lang='lat' dir='ltr'>inplicantes.</span> <span class='ocrx_word' id='word_1_273' title='bbox 1092 3285 1292 3358; x_wconf 81' lang='lat' dir='ltr'>Quapropter</span> <span class='ocrx_word' id='word_1_274' title='bbox 1323 3284 1361 3341; x_wconf 91' lang='lat' dir='ltr'>de</span> 
     </span>
     <span class='ocr_line' id='line_1_31' title="bbox 78 3390 1359 3466; baseline -0.002 -17"><span class='ocrx_word' id='word_1_275' title='bbox 78 3390 159 3466; x_wconf 87' lang='lat' dir='ltr'>ipso</span> <span class='ocrx_word' id='word_1_276' title='bbox 182 3390 400 3460; x_wconf 84' lang='lat' dir='ltr'>amaritudinis</span> <span class='ocrx_word' id='word_1_277' title='bbox 419 3392 516 3450; x_wconf 91' lang='lat' dir='ltr'>calice</span> <span class='ocrx_word' id='word_1_278' title='bbox 539 3407 601 3450; x_wconf 90' lang='lat' dir='ltr'>non</span> <span class='ocrx_word' id='word_1_279' title='bbox 625 3392 736 3450; x_wconf 89' lang='lat' dir='ltr'>merito</span> <span class='ocrx_word' id='word_1_280' title='bbox 761 3392 911 3462; x_wconf 90' lang='lat' dir='ltr'>bibentes,</span> <span class='ocrx_word' id='word_1_281' title='bbox 939 3406 1002 3463; x_wconf 90' lang='lat' dir='ltr'>quo</span> <span class='ocrx_word' id='word_1_282' title='bbox 1026 3392 1092 3464; x_wconf 90' lang='lat' dir='ltr'>ipse</span> <span class='ocrx_word' id='word_1_283' title='bbox 1112 3391 1281 3462; x_wconf 86' lang='lat' dir='ltr'>sacrilegus</span> <span class='ocrx_word' id='word_1_284' title='bbox 1306 3406 1359 3464; x_wconf 92' lang='lat' dir='ltr'>po·</span> 
     </span>
     <span class='ocr_line' id='line_1_32' title="bbox 85 3490 1359 3571; baseline 0 -18"><span class='ocrx_word' id='word_1_285' title='bbox 85 3497 185 3570; x_wconf 79' lang='lat' dir='ltr'>putus</span> <span class='ocrx_word' id='word_1_286' title='bbox 208 3497 306 3555; x_wconf 89' lang='lat' dir='ltr'>nostri</span> <span class='ocrx_word' id='word_1_287' title='bbox 329 3497 361 3555; x_wconf 90' lang='lat' dir='ltr'>in</span> <span class='ocrx_word' id='word_1_288' title='bbox 383 3497 529 3556; x_wconf 88' lang='lat' dir='ltr'>absencia</span> <span class='ocrx_word' id='word_1_289' title='bbox 552 3504 638 3555; x_wconf 90' lang='lat' dir='ltr'>tanta</span> <span class='ocrx_word' id='word_1_290' title='bbox 661 3497 780 3555; x_wconf 89' lang='lat' dir='ltr'>infinita</span> <span class='ocrx_word' id='word_1_291' title='bbox 804 3498 888 3554; x_wconf 92' lang='lat' dir='ltr'>mala</span> <span class='ocrx_word' id='word_1_292' title='bbox 905 3497 1106 3571; x_wconf 86' lang='lat' dir='ltr'>perpetravit,</span> <span class='ocrx_word' id='word_1_293' title='bbox 1125 3504 1158 3553; x_wconf 93' lang='lat' dir='ltr'>ut</span> <span class='ocrx_word' id='word_1_294' title='bbox 1175 3496 1250 3553; x_wconf 92' lang='lat' dir='ltr'>dum</span> <span class='ocrx_word' id='word_1_295' title='bbox 1269 3490 1359 3554; x_wconf 83' lang='lat' dir='ltr'>nobis</span> 
     </span>
     <span class='ocr_line' id='line_1_33' title="bbox 83 3601 1359 3676; baseline 0.001 -16"><span class='ocrx_word' id='word_1_296' title='bbox 83 3601 129 3660; x_wconf 86' lang='lat' dir='ltr'>de</span> <span class='ocrx_word' id='word_1_297' title='bbox 151 3602 247 3676; x_wconf 87' lang='lat' dir='ltr'>regiis</span> <span class='ocrx_word' id='word_1_298' title='bbox 269 3603 409 3661; x_wconf 88' lang='lat' dir='ltr'>serviciis</span> <span class='ocrx_word' id='word_1_299' title='bbox 431 3602 643 3674; x_wconf 85' lang='lat' dir='ltr'>redeuntibus,</span> <span class='ocrx_word' id='word_1_300' title='bbox 666 3604 711 3661; x_wconf 92' lang='lat' dir='ltr'>ibi</span> <span class='ocrx_word' id='word_1_301' title='bbox 734 3604 807 3676; x_wconf 91' lang='lat' dir='ltr'>plus</span> <span class='ocrx_word' id='word_1_302' title='bbox 832 3602 1035 3661; x_wconf 87' lang='lat' dir='ltr'>desolacionis</span> <span class='ocrx_word' id='word_1_303' title='bbox 1059 3602 1237 3660; x_wconf 90' lang='lat' dir='ltr'>audivimus</span> <span class='ocrx_word' id='word_1_304' title='bbox 1253 3611 1282 3660; x_wconf 89' lang='lat' dir='ltr'>et</span> <span class='ocrx_word' id='word_1_305' title='bbox 1298 3604 1359 3661; x_wconf 88' lang='lat' dir='ltr'>tide</span> 
     </span>
     <span class='ocr_line' id='line_1_34' title="bbox 92 3708 1358 3784; baseline 0.001 -17"><span class='ocrx_word' id='word_1_306' title='bbox 92 3709 215 3767; x_wconf 91' lang='lat' dir='ltr'>oculata</span> <span class='ocrx_word' id='word_1_307' title='bbox 240 3708 377 3768; x_wconf 91' lang='lat' dir='ltr'>vidimus</span> <span class='ocrx_word' id='word_1_308' title='bbox 399 3711 455 3768; x_wconf 91' lang='lat' dir='ltr'>ubi</span> <span class='ocrx_word' id='word_1_309' title='bbox 478 3709 552 3784; x_wconf 91' lang='lat' dir='ltr'>plus</span> <span class='ocrx_word' id='word_1_310' title='bbox 574 3710 682 3767; x_wconf 90' lang='lat' dir='ltr'>solacii</span> <span class='ocrx_word' id='word_1_311' title='bbox 705 3710 918 3782; x_wconf 90' lang='lat' dir='ltr'>sperabamus;</span> <span class='ocrx_word' id='word_1_312' title='bbox 943 3715 973 3766; x_wconf 91' lang='lat' dir='ltr'>et</span> <span class='ocrx_word' id='word_1_313' title='bbox 1005 3708 1080 3766; x_wconf 89' lang='lat' dir='ltr'>dum</span> <span class='ocrx_word' id='word_1_314' title='bbox 1112 3710 1270 3767; x_wconf 90' lang='lat' dir='ltr'>christiani</span> <span class='ocrx_word' id='word_1_315' title='bbox 1306 3727 1358 3768; x_wconf 90' lang='lat' dir='ltr'>no·</span> 
     </span>
     <span class='ocr_line' id='line_1_35' title="bbox 90 3814 1361 3890; baseline 0.001 -18"><span class='ocrx_word' id='word_1_316' title='bbox 90 3815 185 3874; x_wconf 87' lang='lat' dir='ltr'>minis</span> <span class='ocrx_word' id='word_1_317' title='bbox 206 3815 363 3874; x_wconf 88' lang='lat' dir='ltr'>vocabulo</span> <span class='ocrx_word' id='word_1_318' title='bbox 386 3816 557 3890; x_wconf 85' lang='lat' dir='ltr'>insignitos,</span> <span class='ocrx_word' id='word_1_319' title='bbox 580 3817 625 3872; x_wconf 91' lang='lat' dir='ltr'>sic</span> <span class='ocrx_word' id='word_1_320' title='bbox 649 3816 680 3872; x_wconf 91' lang='lat' dir='ltr'>in</span> <span class='ocrx_word' id='word_1_321' title='bbox 703 3815 895 3889; x_wconf 87' lang='lat' dir='ltr'>profundum</span> <span class='ocrx_word' id='word_1_322' title='bbox 927 3814 1084 3871; x_wconf 88' lang='lat' dir='ltr'>malorum</span> <span class='ocrx_word' id='word_1_323' title='bbox 1116 3814 1261 3872; x_wconf 85' lang='lat' dir='ltr'>festinare</span> <span class='ocrx_word' id='word_1_324' title='bbox 1290 3832 1361 3873; x_wconf 90' lang='lat' dir='ltr'>con·</span> 
     </span>
     <span class='ocr_line' id='line_1_36' title="bbox 93 3919 1357 3995; baseline 0.002 -20"><span class='ocrx_word' id='word_1_325' title='bbox 93 3920 251 3992; x_wconf 90' lang='lat' dir='ltr'>spicimus,</span> <span class='ocrx_word' id='word_1_326' title='bbox 275 3933 355 3994; x_wconf 88' lang='lat' dir='ltr'>quos</span> <span class='ocrx_word' id='word_1_327' title='bbox 377 3934 433 3979; x_wconf 89' lang='lat' dir='ltr'>nos</span> <span class='ocrx_word' id='word_1_328' title='bbox 462 3920 588 3980; x_wconf 90' lang='lat' dir='ltr'>Christo</span> <span class='ocrx_word' id='word_1_329' title='bbox 618 3919 800 3979; x_wconf 87' lang='lat' dir='ltr'>lucrifacere</span> <span class='ocrx_word' id='word_1_330' title='bbox 831 3921 1044 3995; x_wconf 88' lang='lat' dir='ltr'>sperabamus.</span> <span class='ocrx_word' id='word_1_331' title='bbox 1075 3920 1357 3993; x_wconf 80' lang='lat' dir='ltr'>Adtendentesque‚</span> 
     </span>
     <span class='ocr_line' id='line_1_37' title="bbox 93 4024 1360 4099; baseline -0.001 -16"><span class='ocrx_word' id='word_1_332' title='bbox 93 4024 175 4098; x_wconf 91' lang='lat' dir='ltr'>quod</span> <span class='ocrx_word' id='word_1_333' title='bbox 199 4026 232 4084; x_wconf 92' lang='lat' dir='ltr'>in</span> <span class='ocrx_word' id='word_1_334' title='bbox 255 4026 372 4085; x_wconf 88' lang='lat' dir='ltr'>talibus</span> <span class='ocrx_word' id='word_1_335' title='bbox 394 4043 450 4087; x_wconf 88' lang='lat' dir='ltr'>nec</span> <span class='ocrx_word' id='word_1_336' title='bbox 473 4026 576 4086; x_wconf 91' lang='lat' dir='ltr'>ordini</span> <span class='ocrx_word' id='word_1_337' title='bbox 600 4042 656 4085; x_wconf 92' lang='lat' dir='ltr'>nec</span> <span class='ocrx_word' id='word_1_338' title='bbox 679 4025 784 4083; x_wconf 86' lang='lat' dir='ltr'>officio</span> <span class='ocrx_word' id='word_1_339' title='bbox 809 4027 956 4099; x_wconf 91' lang='lat' dir='ltr'>parcitur,</span> <span class='ocrx_word' id='word_1_340' title='bbox 992 4043 1047 4084; x_wconf 89' lang='lat' dir='ltr'>nec</span> <span class='ocrx_word' id='word_1_341' title='bbox 1083 4027 1155 4083; x_wconf 90' lang='lat' dir='ltr'>etati</span> <span class='ocrx_word' id='word_1_342' title='bbox 1190 4033 1243 4083; x_wconf 91' lang='lat' dir='ltr'>aut</span> <span class='ocrx_word' id='word_1_343' title='bbox 1278 4033 1360 4084; x_wconf 89' lang='lat' dir='ltr'>certe</span> 
     </span>
     <span class='ocr_line' id='line_1_38' title="bbox 93 4124 1359 4207; baseline -0.002 -19"><span class='ocrx_word' id='word_1_344' title='bbox 93 4128 235 4204; x_wconf 78' lang='lat' dir='ltr'>dignitati</span> <span class='ocrx_word' id='word_1_345' title='bbox 258 4130 406 4203; x_wconf 80' lang='lat' dir='ltr'>defertur,</span> <span class='ocrx_word' id='word_1_346' title='bbox 429 4133 486 4191; x_wconf 91' lang='lat' dir='ltr'>ubi</span> <span class='ocrx_word' id='word_1_347' title='bbox 509 4148 566 4207; x_wconf 94' lang='lat' dir='ltr'>per</span> <span class='ocrx_word' id='word_1_348' title='bbox 589 4131 772 4189; x_wconf 84' lang='lat' dir='ltr'>facilitatem</span> <span class='ocrx_word' id='word_1_349' title='bbox 795 4132 884 4188; x_wconf 93' lang='lat' dir='ltr'>venie</span> <span class='ocrx_word' id='word_1_350' title='bbox 905 4136 989 4189; x_wconf 90' lang='lat' dir='ltr'>tanta</span> <span class='ocrx_word' id='word_1_351' title='bbox 1005 4124 1134 4187; x_wconf 88' lang='lat' dir='ltr'>nocendi</span> <span class='ocrx_word' id='word_1_352' title='bbox 1152 4136 1303 4202; x_wconf 88' lang='lat' dir='ltr'>potestate</span> <span class='ocrx_word' id='word_1_353' title='bbox 1320 4129 1359 4186; x_wconf 90' lang='lat' dir='ltr'>ad</span> 
     </span>
     <span class='ocr_line' id='line_1_39' title="bbox 96 4235 1358 4314; baseline -0.002 -20"><span class='ocrx_word' id='word_1_354' title='bbox 96 4236 217 4311; x_wconf 86' lang='lat' dir='ltr'>iniquos</span> <span class='ocrx_word' id='word_1_355' title='bbox 240 4236 404 4310; x_wconf 84' lang='lat' dir='ltr'>transfusa,</span> <span class='ocrx_word' id='word_1_356' title='bbox 438 4254 532 4314; x_wconf 91' lang='lat' dir='ltr'>super</span> <span class='ocrx_word' id='word_1_357' title='bbox 566 4242 684 4296; x_wconf 88' lang='lat' dir='ltr'>sortem</span> <span class='ocrx_word' id='word_1_358' title='bbox 716 4235 871 4312; x_wconf 88' lang='lat' dir='ltr'>justorum</span> <span class='ocrx_word' id='word_1_359' title='bbox 906 4239 1020 4310; x_wconf 91' lang='lat' dir='ltr'>inpune</span> <span class='ocrx_word' id='word_1_360' title='bbox 1057 4238 1145 4307; x_wconf 88' lang='lat' dir='ltr'>virga</span> <span class='ocrx_word' id='word_1_361' title='bbox 1181 4235 1358 4293; x_wconf 84' lang='lat' dir='ltr'>extenditur</span> 
     </span>
     <span class='ocr_line' id='line_1_40' title="bbox 93 4339 1360 4418; baseline -0.004 -16"><span class='ocrx_word' id='word_1_362' title='bbox 93 4348 300 4416; x_wconf 87' lang='lat' dir='ltr'>peccatorum,</span> <span class='ocrx_word' id='word_1_363' title='bbox 323 4359 439 4403; x_wconf 87' lang='lat' dir='ltr'>nervus</span> <span class='ocrx_word' id='word_1_364' title='bbox 460 4344 625 4418; x_wconf 91' lang='lat' dir='ltr'>discipline</span> <span class='ocrx_word' id='word_1_365' title='bbox 648 4345 858 4417; x_wconf 89' lang='lat' dir='ltr'>obrumpitur,</span> <span class='ocrx_word' id='word_1_366' title='bbox 893 4343 1086 4400; x_wconf 89' lang='lat' dir='ltr'>rectitudinis</span> <span class='ocrx_word' id='word_1_367' title='bbox 1120 4339 1272 4415; x_wconf 89' lang='lat' dir='ltr'>judicium</span> <span class='ocrx_word' id='word_1_368' title='bbox 1306 4356 1360 4414; x_wconf 88' lang='lat' dir='ltr'>pe·</span> 
     </span>
     <span class='ocr_line' id='line_1_41' title="bbox 94 4441 1360 4528; baseline -0.002 -21"><span class='ocrx_word' id='word_1_369' title='bbox 94 4450 173 4509; x_wconf 84' lang='lat' dir='ltr'>nitus</span> <span class='ocrx_word' id='word_1_370' title='bbox 195 4449 356 4525; x_wconf 86' lang='lat' dir='ltr'>religatur,</span> <span class='ocrx_word' id='word_1_371' title='bbox 379 4449 500 4528; x_wconf 89' lang='lat' dir='ltr'>justicie</span> <span class='ocrx_word' id='word_1_372' title='bbox 523 4455 627 4525; x_wconf 90' lang='lat' dir='ltr'>partes</span> <span class='ocrx_word' id='word_1_373' title='bbox 650 4451 788 4509; x_wconf 89' lang='lat' dir='ltr'>totaliter</span> <span class='ocrx_word' id='word_1_374' title='bbox 809 4451 1056 4526; x_wconf 89' lang='lat' dir='ltr'>proscribuntur,</span> <span class='ocrx_word' id='word_1_375' title='bbox 1087 4441 1257 4521; x_wconf 82' lang='lat' dir='ltr'>negligitur</span> <span class='ocrx_word' id='word_1_376' title='bbox 1289 4448 1360 4521; x_wconf 92' lang='lat' dir='ltr'>pius</span> 
     </span>
    </p>
   </div>
   <div class='ocr_carea' id='block_1_2' title="bbox 94 4553 1361 4696">
    <p class='ocr_par' dir='ltr' id='par_1_3' title="bbox 94 4553 1361 4696">
     <span class='ocr_line' id='line_1_42' title="bbox 94 4553 1361 4631; baseline -0.003 -17"><span class='ocrx_word' id='word_1_377' title='bbox 94 4564 189 4631; x_wconf 85' lang='lat' dir='ltr'>pater,</span> <span class='ocrx_word' id='word_1_378' title='bbox 209 4556 266 4631; x_wconf 88' lang='lat' dir='ltr'>qni</span> <span class='ocrx_word' id='word_1_379' title='bbox 288 4556 424 4629; x_wconf 81' lang='lat' dir='ltr'>tollerat,</span> <span class='ocrx_word' id='word_1_380' title='bbox 447 4571 555 4629; x_wconf 81' lang='lat' dir='ltr'>ymmo</span> <span class='ocrx_word' id='word_1_381' title='bbox 578 4558 606 4614; x_wconf 92' lang='lat' dir='ltr'>si</span> <span class='ocrx_word' id='word_1_382' title='bbox 627 4558 721 4616; x_wconf 88' lang='lat' dir='ltr'>nimis</span> <span class='ocrx_word' id='word_1_383' title='bbox 743 4561 893 4630; x_wconf 88' lang='lat' dir='ltr'>expectat,</span> <span class='ocrx_word' id='word_1_384' title='bbox 916 4555 1145 4627; x_wconf 91' lang='lat' dir='ltr'>contempnitur</span> <span class='ocrx_word' id='word_1_385' title='bbox 1175 4553 1275 4629; x_wconf 88' lang='lat' dir='ltr'>justus</span> <span class='ocrx_word' id='word_1_386' title='bbox 1307 4553 1361 4611; x_wconf 91' lang='lat' dir='ltr'>do-</span> 
     </span>
     <span class='ocr_line' id='line_1_43' title="bbox 1256 4657 1273 4696; baseline 0 0"><span class='ocrx_word' id='word_1_387' title='bbox 1256 4657 1273 4696; x_wconf 67' lang='lat' dir='ltr'>tt</span> 
     </span>
    </p>
   </div>
   <div class='ocr_carea' id='block_1_3' title="bbox 0 0 1644 5348">
    <p class='ocr_par' dir='ltr' id='par_1_4' title="bbox 0 0 1644 5348">
     <span class='ocr_line' id='line_1_44' title="bbox 0 0 1644 5348; baseline 0 0"><span class='ocrx_word' id='word_1_388' title='bbox 0 0 1644 5348; x_wconf 95' lang='lat' dir='ltr'> </span> 
     </span>
    </p>
   </div>
  </div>
 </body>
</html>
