<?xml version="1.0" encoding="UTF-8"?>
<!DOCTYPE html PUBLIC "-//W3C//DTD XHTML 1.0 Transitional//EN"
    "http://www.w3.org/TR/xhtml1/DTD/xhtml1-transitional.dtd">
<html xmlns="http://www.w3.org/1999/xhtml" xml:lang="en" lang="en">
 <head>
  <title>
</title>
<meta http-equiv="Content-Type" content="text/html;charset=utf-8" />
  <meta name='ocr-system' content='tesseract 3.04.00' />
  <meta name='ocr-capabilities' content='ocr_page ocr_carea ocr_par ocr_line ocrx_word'/>
</head>
<body>
  <div class='ocr_page' id='page_1' title='image "./monumentahistor01laszgoog_0750.png"; bbox 0 0 3256 5346; ppageno 0'>
   <div class='ocr_carea' id='block_1_1' title="bbox 249 442 1521 2962">
    <p class='ocr_par' dir='ltr' id='par_1_1' title="bbox 254 442 1103 528">
     <span class='ocr_line' id='line_1_1' title="bbox 254 442 1103 528; baseline -0.005 -18"><span class='ocrx_word' id='word_1_1' title='bbox 254 451 316 528; x_wconf 78' lang='lat'>482</span> <span class='ocrx_word' id='word_1_2' title='bbox 677 448 750 508; x_wconf 85' lang='lat' dir='ltr'>Doc.</span> <span class='ocrx_word' id='word_1_3' title='bbox 766 442 841 523; x_wconf 75' lang='lat'>361.</span> <span class='ocrx_word' id='word_1_4' title='bbox 866 479 907 489; x_wconf 90' lang='lat'><strong>—</strong></span> <span class='ocrx_word' id='word_1_5' title='bbox 931 445 988 504; x_wconf 84' lang='lat' dir='ltr'>An.</span> <span class='ocrx_word' id='word_1_6' title='bbox 1011 457 1103 522; x_wconf 67' lang='lat'><em>1492.</em></span> 
     </span>
    </p>

    <p class='ocr_par' dir='ltr' id='par_1_2' title="bbox 249 659 1521 2962">
     <span class='ocr_line' id='line_1_2' title="bbox 249 659 1521 739; baseline -0.006 -14"><span class='ocrx_word' id='word_1_7' title='bbox 249 665 377 738; x_wconf 83' lang='lat' dir='ltr'>kowyth</span> <span class='ocrx_word' id='word_1_8' title='bbox 409 665 528 739; x_wconf 81' lang='lat' dir='ltr'>prefate</span> <span class='ocrx_word' id='word_1_9' title='bbox 560 664 720 721; x_wconf 87' lang='lat' dir='ltr'>Dorothee</span> <span class='ocrx_word' id='word_1_10' title='bbox 752 663 886 733; x_wconf 90' lang='lat' dir='ltr'>mulieri,</span> <span class='ocrx_word' id='word_1_11' title='bbox 921 668 1015 736; x_wconf 92' lang='lat' dir='ltr'>prout</span> <span class='ocrx_word' id='word_1_12' title='bbox 1047 661 1181 735; x_wconf 87' lang='lat' dir='ltr'>ipsamet</span> <span class='ocrx_word' id='word_1_13' title='bbox 1212 661 1304 720; x_wconf 90' lang='lat' dir='ltr'>nobis</span> <span class='ocrx_word' id='word_1_14' title='bbox 1326 661 1438 719; x_wconf 90' lang='lat' dir='ltr'>retulit</span> <span class='ocrx_word' id='word_1_15' title='bbox 1460 659 1521 737; x_wconf 89' lang='lat' dir='ltr'>jam</span> 
     </span>
     <span class='ocr_line' id='line_1_3' title="bbox 254 768 1521 846; baseline -0.005 -16"><span class='ocrx_word' id='word_1_16' title='bbox 254 772 346 846; x_wconf 86' lang='lat' dir='ltr'><strong>plene</strong></span> <span class='ocrx_word' id='word_1_17' title='bbox 362 771 442 829; x_wconf 90' lang='lat' dir='ltr'>datis</span> <span class='ocrx_word' id='word_1_18' title='bbox 465 777 496 828; x_wconf 92' lang='lat' dir='ltr'>et</span> <span class='ocrx_word' id='word_1_19' title='bbox 512 770 689 845; x_wconf 83' lang='lat' dir='ltr'>persolutis,</span> <span class='ocrx_word' id='word_1_20' title='bbox 713 768 902 827; x_wconf 86' lang='lat' dir='ltr'>vendidisset</span> <span class='ocrx_word' id='word_1_21' title='bbox 923 775 954 826; x_wconf 92' lang='lat' dir='ltr'>et</span> <span class='ocrx_word' id='word_1_22' title='bbox 977 768 1166 838; x_wconf 87' lang='lat' dir='ltr'>contulisset,</span> <span class='ocrx_word' id='word_1_23' title='bbox 1190 768 1289 825; x_wconf 90' lang='lat' dir='ltr'>immo</span> <span class='ocrx_word' id='word_1_24' title='bbox 1311 784 1352 825; x_wconf 85' lang='lat' dir='ltr'>ex</span> <span class='ocrx_word' id='word_1_25' title='bbox 1375 782 1521 826; x_wconf 90' lang='lat' dir='ltr'>consensu</span> 
     </span>
     <span class='ocr_line' id='line_1_4' title="bbox 251 873 1521 950; baseline -0.003 -15"><span class='ocrx_word' id='word_1_26' title='bbox 251 878 426 936; x_wconf 83' lang='lat' dir='ltr'>uicinorum</span> <span class='ocrx_word' id='word_1_27' title='bbox 450 876 663 950; x_wconf 89' lang='lat' dir='ltr'>predictorum</span> <span class='ocrx_word' id='word_1_28' title='bbox 695 874 837 933; x_wconf 84' lang='lat' dir='ltr'>vendidit</span> <span class='ocrx_word' id='word_1_29' title='bbox 868 884 897 932; x_wconf 89' lang='lat' dir='ltr'>et</span> <span class='ocrx_word' id='word_1_30' title='bbox 921 875 1053 933; x_wconf 91' lang='lat' dir='ltr'>contulit</span> <span class='ocrx_word' id='word_1_31' title='bbox 1076 889 1182 932; x_wconf 90' lang='lat' dir='ltr'>coram</span> <span class='ocrx_word' id='word_1_32' title='bbox 1206 875 1299 932; x_wconf 91' lang='lat' dir='ltr'>nobis</span> <span class='ocrx_word' id='word_1_33' title='bbox 1320 873 1391 949; x_wconf 89' lang='lat' dir='ltr'>jure</span> <span class='ocrx_word' id='word_1_34' title='bbox 1414 890 1521 949; x_wconf 91' lang='lat' dir='ltr'>perpe·</span> 
     </span>
     <span class='ocr_line' id='line_1_5' title="bbox 253 980 1521 1054; baseline -0.003 -13"><span class='ocrx_word' id='word_1_35' title='bbox 253 990 307 1042; x_wconf 93' lang='lat' dir='ltr'>tuo</span> <span class='ocrx_word' id='word_1_36' title='bbox 331 989 363 1042; x_wconf 89' lang='lat' dir='ltr'>et</span> <span class='ocrx_word' id='word_1_37' title='bbox 384 983 632 1041; x_wconf 79' lang='lat' dir='ltr'>irrevocabiliter</span> <span class='ocrx_word' id='word_1_38' title='bbox 648 981 822 1051; x_wconf 86' lang='lat' dir='ltr'>tenendam,</span> <span class='ocrx_word' id='word_1_39' title='bbox 846 980 1066 1054; x_wconf 84' lang='lat' dir='ltr'>possidendam</span> <span class='ocrx_word' id='word_1_40' title='bbox 1089 981 1208 1054; x_wconf 92' lang='lat' dir='ltr'>pariter</span> <span class='ocrx_word' id='word_1_41' title='bbox 1231 987 1260 1038; x_wconf 92' lang='lat' dir='ltr'>et</span> <span class='ocrx_word' id='word_1_42' title='bbox 1285 980 1463 1039; x_wconf 87' lang='lat' dir='ltr'>habendam</span> <span class='ocrx_word' id='word_1_43' title='bbox 1487 996 1521 1038; x_wconf 91' lang='lat' dir='ltr'>ac</span> 
     </span>
     <span class='ocr_line' id='line_1_6' title="bbox 252 1087 1520 1162; baseline -0.002 -15"><span class='ocrx_word' id='word_1_44' title='bbox 252 1090 339 1148; x_wconf 86' lang='lat' dir='ltr'>iuxta</span> <span class='ocrx_word' id='word_1_45' title='bbox 361 1088 573 1147; x_wconf 91' lang='lat' dir='ltr'>condicionem</span> <span class='ocrx_word' id='word_1_46' title='bbox 596 1088 730 1145; x_wconf 89' lang='lat' dir='ltr'>civitatis</span> <span class='ocrx_word' id='word_1_47' title='bbox 752 1093 914 1162; x_wconf 74' lang='lat' dir='ltr'>prenotate</span> <span class='ocrx_word' id='word_1_48' title='bbox 927 1088 967 1144; x_wconf 90' lang='lat' dir='ltr'>ab</span> <span class='ocrx_word' id='word_1_49' title='bbox 991 1087 1117 1158; x_wconf 90' lang='lat' dir='ltr'>antiquo</span> <span class='ocrx_word' id='word_1_50' title='bbox 1141 1087 1387 1160; x_wconf 85' lang='lat' dir='ltr'>privilegialiter</span> <span class='ocrx_word' id='word_1_51' title='bbox 1409 1103 1520 1161; x_wconf 91' lang='lat' dir='ltr'>appro-</span> 
     </span>
     <span class='ocr_line' id='line_1_7' title="bbox 253 1192 1520 1268; baseline -0.002 -15"><span class='ocrx_word' id='word_1_52' title='bbox 253 1196 359 1253; x_wconf 88' lang='lat' dir='ltr'>batam</span> <span class='ocrx_word' id='word_1_53' title='bbox 390 1193 684 1268; x_wconf 83' lang='lat' dir='ltr'>quomodocumque</span> <span class='ocrx_word' id='word_1_54' title='bbox 721 1193 855 1252; x_wconf 83' lang='lat' dir='ltr'>voluerit</span> <span class='ocrx_word' id='word_1_55' title='bbox 892 1192 1126 1267; x_wconf 89' lang='lat' dir='ltr'>disponendam.</span> <span class='ocrx_word' id='word_1_56' title='bbox 1161 1194 1241 1250; x_wconf 87' lang='lat' dir='ltr'>Mete</span> <span class='ocrx_word' id='word_1_57' title='bbox 1273 1199 1379 1251; x_wconf 91' lang='lat' dir='ltr'>autem</span> <span class='ocrx_word' id='word_1_58' title='bbox 1403 1193 1520 1268; x_wconf 88' lang='lat' dir='ltr'>predic-</span> 
     </span>
     <span class='ocr_line' id='line_1_8' title="bbox 251 1299 1518 1375; baseline -0.001 -16"><span class='ocrx_word' id='word_1_59' title='bbox 251 1306 354 1359; x_wconf 89' lang='lat' dir='ltr'>tarum</span> <span class='ocrx_word' id='word_1_60' title='bbox 376 1301 538 1373; x_wconf 86' lang='lat' dir='ltr'>silvarum,</span> <span class='ocrx_word' id='word_1_61' title='bbox 560 1306 654 1375; x_wconf 90' lang='lat' dir='ltr'>prout</span> <span class='ocrx_word' id='word_1_62' title='bbox 677 1315 728 1357; x_wconf 90' lang='lat' dir='ltr'>eas</span> <span class='ocrx_word' id='word_1_63' title='bbox 751 1301 783 1358; x_wconf 94' lang='lat' dir='ltr'>in</span> <span class='ocrx_word' id='word_1_64' title='bbox 805 1300 875 1357; x_wconf 91' lang='lat' dir='ltr'>aliis</span> <span class='ocrx_word' id='word_1_65' title='bbox 909 1301 1020 1358; x_wconf 90' lang='lat' dir='ltr'>litteris</span> <span class='ocrx_word' id='word_1_66' title='bbox 1043 1301 1155 1358; x_wconf 86' lang='lat' dir='ltr'>nostris</span> <span class='ocrx_word' id='word_1_67' title='bbox 1179 1299 1262 1357; x_wconf 87' lang='lat' dir='ltr'>clare</span> <span class='ocrx_word' id='word_1_68' title='bbox 1288 1299 1438 1372; x_wconf 86' lang='lat' dir='ltr'>vidimus,</span> <span class='ocrx_word' id='word_1_69' title='bbox 1463 1302 1518 1358; x_wconf 92' lang='lat' dir='ltr'>hoc</span> 
     </span>
     <span class='ocr_line' id='line_1_9' title="bbox 252 1403 1518 1480; baseline -0.001 -16"><span class='ocrx_word' id='word_1_70' title='bbox 252 1406 361 1465; x_wconf 89' lang='lat' dir='ltr'>ordine</span> <span class='ocrx_word' id='word_1_71' title='bbox 382 1414 556 1480; x_wconf 90' lang='lat' dir='ltr'>ponuntur:</span> <span class='ocrx_word' id='word_1_72' title='bbox 580 1406 684 1480; x_wconf 91' lang='lat' dir='ltr'>primo</span> <span class='ocrx_word' id='word_1_73' title='bbox 707 1421 726 1462; x_wconf 95' lang='lat' dir='ltr'>a</span> <span class='ocrx_word' id='word_1_74' title='bbox 748 1403 868 1479; x_wconf 83' lang='lat' dir='ltr'>prelata</span> <span class='ocrx_word' id='word_1_75' title='bbox 893 1406 942 1462; x_wconf 89' lang='lat' dir='ltr'>via</span> <span class='ocrx_word' id='word_1_76' title='bbox 965 1405 1132 1477; x_wconf 91' lang='lat' dir='ltr'>communi,</span> <span class='ocrx_word' id='word_1_77' title='bbox 1149 1405 1297 1463; x_wconf 85' lang='lat' dir='ltr'>videlicet</span> <span class='ocrx_word' id='word_1_78' title='bbox 1320 1421 1338 1462; x_wconf 90' lang='lat' dir='ltr'>a</span> <span class='ocrx_word' id='word_1_79' title='bbox 1362 1415 1451 1479; x_wconf 89' lang='lat' dir='ltr'>parte</span> <span class='ocrx_word' id='word_1_80' title='bbox 1474 1422 1518 1463; x_wconf 87' lang='lat' dir='ltr'>oc·</span> 
     </span>
     <span class='ocr_line' id='line_1_10' title="bbox 253 1510 1519 1586; baseline -0.001 -16"><span class='ocrx_word' id='word_1_81' title='bbox 253 1512 408 1583; x_wconf 88' lang='lat' dir='ltr'>cidentali,</span> <span class='ocrx_word' id='word_1_82' title='bbox 433 1510 609 1586; x_wconf 91' lang='lat' dir='ltr'>incipiendo</span> <span class='ocrx_word' id='word_1_83' title='bbox 631 1527 650 1568; x_wconf 92' lang='lat' dir='ltr'>a</span> <span class='ocrx_word' id='word_1_84' title='bbox 673 1511 862 1584; x_wconf 90' lang='lat' dir='ltr'>quibusdam</span> <span class='ocrx_word' id='word_1_85' title='bbox 896 1511 1018 1569; x_wconf 90' lang='lat' dir='ltr'>duabus</span> <span class='ocrx_word' id='word_1_86' title='bbox 1053 1512 1219 1569; x_wconf 88' lang='lat' dir='ltr'>arboribus</span> <span class='ocrx_word' id='word_1_87' title='bbox 1254 1513 1410 1584; x_wconf 88' lang='lat' dir='ltr'>quercinis</span> <span class='ocrx_word' id='word_1_88' title='bbox 1434 1528 1519 1570; x_wconf 90' lang='lat' dir='ltr'>cruce</span> 
     </span>
     <span class='ocr_line' id='line_1_11' title="bbox 250 1616 1516 1691; baseline -0.001 -15"><span class='ocrx_word' id='word_1_89' title='bbox 250 1619 378 1691; x_wconf 83' lang='lat' dir='ltr'>signatis</span> <span class='ocrx_word' id='word_1_90' title='bbox 399 1623 430 1676; x_wconf 92' lang='lat' dir='ltr'>et</span> <span class='ocrx_word' id='word_1_91' title='bbox 451 1618 563 1675; x_wconf 89' lang='lat' dir='ltr'>abhinc</span> <span class='ocrx_word' id='word_1_92' title='bbox 586 1616 700 1674; x_wconf 88' lang='lat' dir='ltr'>directe</span> <span class='ocrx_word' id='word_1_93' title='bbox 724 1616 938 1676; x_wconf 89' lang='lat' dir='ltr'>descendendo</span> <span class='ocrx_word' id='word_1_94' title='bbox 962 1617 1164 1691; x_wconf 83' lang='lat' dir='ltr'>pervenitad</span> <span class='ocrx_word' id='word_1_95' title='bbox 1190 1617 1348 1690; x_wconf 90' lang='lat' dir='ltr'>quandam</span> <span class='ocrx_word' id='word_1_96' title='bbox 1372 1620 1516 1677; x_wconf 87' lang='lat' dir='ltr'>arborem</span> 
     </span>
     <span class='ocr_line' id='line_1_12' title="bbox 253 1723 1518 1797; baseline 0.001 -16"><span class='ocrx_word' id='word_1_97' title='bbox 253 1725 349 1781; x_wconf 88' lang='lat' dir='ltr'>cerasi</span> <span class='ocrx_word' id='word_1_98' title='bbox 380 1738 399 1780; x_wconf 93' lang='lat' dir='ltr'>a</span> <span class='ocrx_word' id='word_1_99' title='bbox 429 1723 568 1797; x_wconf 92' lang='lat' dir='ltr'>predicta</span> <span class='ocrx_word' id='word_1_100' title='bbox 599 1724 847 1797; x_wconf 88' lang='lat' dir='ltr'>septemtrionali</span> <span class='ocrx_word' id='word_1_101' title='bbox 877 1728 966 1797; x_wconf 87' lang='lat' dir='ltr'>parte</span> <span class='ocrx_word' id='word_1_102' title='bbox 1001 1732 1031 1781; x_wconf 90' lang='lat' dir='ltr'>et</span> <span class='ocrx_word' id='word_1_103' title='bbox 1062 1723 1159 1783; x_wconf 88' lang='lat' dir='ltr'>tendit</span> <span class='ocrx_word' id='word_1_104' title='bbox 1181 1740 1280 1797; x_wconf 90' lang='lat' dir='ltr'>usque</span> <span class='ocrx_word' id='word_1_105' title='bbox 1303 1726 1444 1783; x_wconf 87' lang='lat' dir='ltr'>rivulum</span> <span class='ocrx_word' id='word_1_106' title='bbox 1466 1739 1518 1782; x_wconf 87' lang='lat' dir='ltr'>sau</span> 
     </span>
     <span class='ocr_line' id='line_1_13' title="bbox 251 1829 1519 1904; baseline 0.002 -18"><span class='ocrx_word' id='word_1_107' title='bbox 251 1837 389 1887; x_wconf 91' lang='lat' dir='ltr'>meatum</span> <span class='ocrx_word' id='word_1_108' title='bbox 412 1845 491 1902; x_wconf 87' lang='lat' dir='ltr'>aque</span> <span class='ocrx_word' id='word_1_109' title='bbox 524 1830 672 1901; x_wconf 84' lang='lat' dir='ltr'>pluvialis</span> <span class='ocrx_word' id='word_1_110' title='bbox 703 1830 743 1886; x_wconf 91' lang='lat' dir='ltr'>ad</span> <span class='ocrx_word' id='word_1_111' title='bbox 775 1836 896 1904; x_wconf 88' lang='lat' dir='ltr'>partem</span> <span class='ocrx_word' id='word_1_112' title='bbox 932 1830 1124 1901; x_wconf 85' lang='lat' dir='ltr'>orientalem,</span> <span class='ocrx_word' id='word_1_113' title='bbox 1160 1829 1270 1888; x_wconf 90' lang='lat' dir='ltr'>deinde</span> <span class='ocrx_word' id='word_1_114' title='bbox 1307 1846 1383 1888; x_wconf 83' lang='lat' dir='ltr'>vero</span> <span class='ocrx_word' id='word_1_115' title='bbox 1406 1830 1519 1890; x_wconf 89' lang='lat' dir='ltr'>directe</span> 
     </span>
     <span class='ocr_line' id='line_1_14' title="bbox 251 1935 1518 2011; baseline 0.002 -18"><span class='ocrx_word' id='word_1_116' title='bbox 251 1935 447 2009; x_wconf 85' lang='lat' dir='ltr'>procedendo</span> <span class='ocrx_word' id='word_1_117' title='bbox 473 1952 529 2008; x_wconf 90' lang='lat' dir='ltr'>per</span> <span class='ocrx_word' id='word_1_118' title='bbox 552 1938 655 2009; x_wconf 87' lang='lat' dir='ltr'>ipsum</span> <span class='ocrx_word' id='word_1_119' title='bbox 681 1945 817 1994; x_wconf 89' lang='lat' dir='ltr'>meatum</span> <span class='ocrx_word' id='word_1_120' title='bbox 841 1951 923 2009; x_wconf 90' lang='lat' dir='ltr'>aque</span> <span class='ocrx_word' id='word_1_121' title='bbox 948 1936 1098 2009; x_wconf 87' lang='lat' dir='ltr'>pluvialis</span> <span class='ocrx_word' id='word_1_122' title='bbox 1122 1935 1223 1994; x_wconf 88' lang='lat' dir='ltr'>eundo</span> <span class='ocrx_word' id='word_1_123' title='bbox 1246 1937 1286 1995; x_wconf 90' lang='lat' dir='ltr'>ad</span> <span class='ocrx_word' id='word_1_124' title='bbox 1311 1945 1433 2011; x_wconf 88' lang='lat' dir='ltr'>partem</span> <span class='ocrx_word' id='word_1_125' title='bbox 1458 1953 1518 1995; x_wconf 91' lang='lat' dir='ltr'>me·</span> 
     </span>
     <span class='ocr_line' id='line_1_15' title="bbox 253 2041 1518 2116; baseline 0.002 -17"><span class='ocrx_word' id='word_1_126' title='bbox 253 2041 437 2100; x_wconf 90' lang='lat' dir='ltr'>ridionalem</span> <span class='ocrx_word' id='word_1_127' title='bbox 473 2049 502 2098; x_wconf 92' lang='lat' dir='ltr'>et</span> <span class='ocrx_word' id='word_1_128' title='bbox 536 2042 653 2099; x_wconf 89' lang='lat' dir='ltr'>ibidem</span> <span class='ocrx_word' id='word_1_129' title='bbox 690 2041 772 2101; x_wconf 88' lang='lat' dir='ltr'>cadit</span> <span class='ocrx_word' id='word_1_130' title='bbox 798 2058 853 2100; x_wconf 93' lang='lat' dir='ltr'>seu</span> <span class='ocrx_word' id='word_1_131' title='bbox 889 2043 1026 2115; x_wconf 89' lang='lat' dir='ltr'>perverit</span> <span class='ocrx_word' id='word_1_132' title='bbox 1049 2042 1088 2098; x_wconf 85' lang='lat' dir='ltr'>ad</span> <span class='ocrx_word' id='word_1_133' title='bbox 1113 2042 1273 2115; x_wconf 90' lang='lat' dir='ltr'>quoddam</span> <span class='ocrx_word' id='word_1_134' title='bbox 1296 2049 1443 2116; x_wconf 84' lang='lat' dir='ltr'>stagnum</span> <span class='ocrx_word' id='word_1_135' title='bbox 1468 2060 1518 2102; x_wconf 89' lang='lat' dir='ltr'>seu</span> 
     </span>
     <span class='ocr_line' id='line_1_16' title="bbox 255 2146 1518 2223; baseline 0.002 -19"><span class='ocrx_word' id='word_1_136' title='bbox 255 2147 405 2205; x_wconf 78' lang='lat' dir='ltr'>fossatum</span> <span class='ocrx_word' id='word_1_137' title='bbox 429 2147 525 2220; x_wconf 86' lang='lat' dir='ltr'>vulgo</span> <span class='ocrx_word' id='word_1_138' title='bbox 548 2146 634 2223; x_wconf 90' lang='lat' dir='ltr'>jarek</span> <span class='ocrx_word' id='word_1_139' title='bbox 658 2148 775 2205; x_wconf 91' lang='lat' dir='ltr'>dictum</span> <span class='ocrx_word' id='word_1_140' title='bbox 800 2155 830 2206; x_wconf 89' lang='lat' dir='ltr'>et</span> <span class='ocrx_word' id='word_1_141' title='bbox 861 2147 932 2205; x_wconf 93' lang='lat' dir='ltr'>inde</span> <span class='ocrx_word' id='word_1_142' title='bbox 956 2148 1072 2206; x_wconf 90' lang='lat' dir='ltr'>directe</span> <span class='ocrx_word' id='word_1_143' title='bbox 1095 2148 1290 2207; x_wconf 88' lang='lat' dir='ltr'>ascendendo</span> <span class='ocrx_word' id='word_1_144' title='bbox 1316 2150 1518 2222; x_wconf 88' lang='lat' dir='ltr'>pervenitad</span> 
     </span>
     <span class='ocr_line' id='line_1_17' title="bbox 252 2253 1518 2325; baseline 0.004 -15"><span class='ocrx_word' id='word_1_145' title='bbox 252 2253 408 2325; x_wconf 88' lang='lat' dir='ltr'>quandam</span> <span class='ocrx_word' id='word_1_146' title='bbox 440 2255 584 2311; x_wconf 89' lang='lat' dir='ltr'>arborem</span> <span class='ocrx_word' id='word_1_147' title='bbox 616 2261 765 2325; x_wconf 77' lang='lat' dir='ltr'>castaneo,</span> <span class='ocrx_word' id='word_1_148' title='bbox 789 2255 903 2312; x_wconf 89' lang='lat' dir='ltr'>abhinc</span> <span class='ocrx_word' id='word_1_149' title='bbox 935 2269 1010 2311; x_wconf 91' lang='lat' dir='ltr'>vero</span> <span class='ocrx_word' id='word_1_150' title='bbox 1034 2253 1149 2312; x_wconf 85' lang='lat' dir='ltr'>directe</span> <span class='ocrx_word' id='word_1_151' title='bbox 1172 2271 1296 2312; x_wconf 89' lang='lat' dir='ltr'>sursum</span> <span class='ocrx_word' id='word_1_152' title='bbox 1320 2256 1455 2315; x_wconf 90' lang='lat' dir='ltr'>meando</span> <span class='ocrx_word' id='word_1_153' title='bbox 1482 2257 1518 2314; x_wconf 87' lang='lat' dir='ltr'>ad</span> 
     </span>
     <span class='ocr_line' id='line_1_18' title="bbox 253 2359 1518 2438; baseline 0.005 -23"><span class='ocrx_word' id='word_1_154' title='bbox 253 2367 373 2432; x_wconf 90' lang='lat' dir='ltr'>partem</span> <span class='ocrx_word' id='word_1_155' title='bbox 397 2359 623 2417; x_wconf 74' lang='lat' dir='ltr'>occidentalem</span> <span class='ocrx_word' id='word_1_156' title='bbox 649 2361 789 2433; x_wconf 89' lang='lat' dir='ltr'>pervenit</span> <span class='ocrx_word' id='word_1_157' title='bbox 813 2361 852 2417; x_wconf 92' lang='lat' dir='ltr'>ad</span> <span class='ocrx_word' id='word_1_158' title='bbox 877 2362 961 2418; x_wconf 85' lang='lat' dir='ltr'>viam</span> <span class='ocrx_word' id='word_1_159' title='bbox 983 2360 1137 2435; x_wconf 81' lang='lat' dir='ltr'>prefatam</span> <span class='ocrx_word' id='word_1_160' title='bbox 1162 2377 1363 2422; x_wconf 89' lang='lat' dir='ltr'>communem</span> <span class='ocrx_word' id='word_1_161' title='bbox 1388 2380 1441 2422; x_wconf 89' lang='lat' dir='ltr'>seu</span> <span class='ocrx_word' id='word_1_162' title='bbox 1466 2381 1518 2438; x_wconf 90' lang='lat' dir='ltr'>pu·</span> 
     </span>
     <span class='ocr_line' id='line_1_19' title="bbox 253 2466 1518 2544; baseline 0.006 -23"><span class='ocrx_word' id='word_1_163' title='bbox 253 2466 377 2536; x_wconf 87' lang='lat' dir='ltr'>blicam,</span> <span class='ocrx_word' id='word_1_164' title='bbox 394 2466 501 2536; x_wconf 89' lang='lat' dir='ltr'>ibique</span> <span class='ocrx_word' id='word_1_165' title='bbox 525 2466 643 2540; x_wconf 87' lang='lat' dir='ltr'>prefate</span> <span class='ocrx_word' id='word_1_166' title='bbox 666 2474 746 2524; x_wconf 91' lang='lat' dir='ltr'>mete</span> <span class='ocrx_word' id='word_1_167' title='bbox 770 2469 983 2525; x_wconf 87' lang='lat' dir='ltr'>terminantur.</span> <span class='ocrx_word' id='word_1_168' title='bbox 1008 2468 1041 2525; x_wconf 92' lang='lat' dir='ltr'>In</span> <span class='ocrx_word' id='word_1_169' title='bbox 1057 2469 1144 2526; x_wconf 86' lang='lat' dir='ltr'>cuius</span> <span class='ocrx_word' id='word_1_170' title='bbox 1167 2470 1212 2526; x_wconf 87' lang='lat' dir='ltr'>rei</span> <span class='ocrx_word' id='word_1_171' title='bbox 1228 2471 1413 2528; x_wconf 87' lang='lat' dir='ltr'>memoriam</span> <span class='ocrx_word' id='word_1_172' title='bbox 1430 2482 1518 2544; x_wconf 91' lang='lat' dir='ltr'>atque</span> 
     </span>
     <span class='ocr_line' id='line_1_20' title="bbox 253 2572 1518 2648; baseline 0.005 -20"><span class='ocrx_word' id='word_1_173' title='bbox 253 2572 475 2642; x_wconf 89' lang='lat' dir='ltr'>testimonium,</span> <span class='ocrx_word' id='word_1_174' title='bbox 498 2572 740 2644; x_wconf 87' lang='lat' dir='ltr'>firmitatemque</span> <span class='ocrx_word' id='word_1_175' title='bbox 773 2584 965 2645; x_wconf 89' lang='lat' dir='ltr'>perpetuam,</span> <span class='ocrx_word' id='word_1_176' title='bbox 991 2575 1185 2645; x_wconf 84' lang='lat' dir='ltr'>presentibus</span> <span class='ocrx_word' id='word_1_177' title='bbox 1215 2575 1358 2648; x_wconf 85' lang='lat' dir='ltr'>sigillum</span> <span class='ocrx_word' id='word_1_178' title='bbox 1381 2586 1518 2634; x_wconf 89' lang='lat' dir='ltr'>nostrum</span> 
     </span>
     <span class='ocr_line' id='line_1_21' title="bbox 252 2676 1519 2755; baseline 0.005 -22"><span class='ocrx_word' id='word_1_179' title='bbox 252 2691 416 2734; x_wconf 91' lang='lat' dir='ltr'>commune</span> <span class='ocrx_word' id='word_1_180' title='bbox 440 2676 585 2735; x_wconf 86' lang='lat' dir='ltr'>duximus</span> <span class='ocrx_word' id='word_1_181' title='bbox 608 2678 856 2750; x_wconf 89' lang='lat' dir='ltr'>appendendum.</span> <span class='ocrx_word' id='word_1_182' title='bbox 882 2679 998 2736; x_wconf 81' lang='lat' dir='ltr'>Datum</span> <span class='ocrx_word' id='word_1_183' title='bbox 1022 2679 1098 2737; x_wconf 86' lang='lat' dir='ltr'>feria</span> <span class='ocrx_word' id='word_1_184' title='bbox 1121 2680 1254 2739; x_wconf 88' lang='lat' dir='ltr'>secunda</span> <span class='ocrx_word' id='word_1_185' title='bbox 1277 2684 1424 2755; x_wconf 83' lang='lat' dir='ltr'>proxima</span> <span class='ocrx_word' id='word_1_186' title='bbox 1453 2694 1519 2741; x_wconf 89' lang='lat' dir='ltr'>ante</span> 
     </span>
     <span class='ocr_line' id='line_1_22' title="bbox 252 2774 1519 2863; baseline 0.006 -24"><span class='ocrx_word' id='word_1_187' title='bbox 252 2774 366 2840; x_wconf 88' lang='lat' dir='ltr'>festum</span> <span class='ocrx_word' id='word_1_188' title='bbox 390 2784 472 2841; x_wconf 91' lang='lat' dir='ltr'>beati</span> <span class='ocrx_word' id='word_1_189' title='bbox 495 2784 614 2840; x_wconf 91' lang='lat' dir='ltr'>Thome</span> <span class='ocrx_word' id='word_1_190' title='bbox 634 2785 776 2856; x_wconf 89' lang='lat' dir='ltr'>apostoli.</span> <span class='ocrx_word' id='word_1_191' title='bbox 792 2786 881 2842; x_wconf 87' lang='lat' dir='ltr'>Anno</span> <span class='ocrx_word' id='word_1_192' title='bbox 898 2784 1014 2843; x_wconf 90' lang='lat' dir='ltr'>domini</span> <span class='ocrx_word' id='word_1_193' title='bbox 1032 2786 1199 2844; x_wconf 88' lang='lat' dir='ltr'>millesimo</span> <span class='ocrx_word' id='word_1_194' title='bbox 1216 2788 1519 2863; x_wconf 81' lang='lat' dir='ltr'>quadringentesimo</span> 
     </span>
     <span class='ocr_line' id='line_1_23' title="bbox 253 2889 582 2962; baseline 0 -16"><span class='ocrx_word' id='word_1_195' title='bbox 253 2889 455 2961; x_wconf 81' lang='lat' dir='ltr'>nonagesimo</span> <span class='ocrx_word' id='word_1_196' title='bbox 479 2890 582 2962; x_wconf 91' lang='lat' dir='ltr'>primo</span> 
     </span>
    </p>
   </div>
   <div class='ocr_carea' id='block_1_2' title="bbox 256 3078 1520 3219">
    <p class='ocr_par' dir='ltr' id='par_1_3' title="bbox 256 3078 1520 3219">
     <span class='ocr_line' id='line_1_24' title="bbox 360 3078 1520 3155; baseline 0.002 -29"><span class='ocrx_word' id='word_1_197' title='bbox 360 3078 494 3142; x_wconf 85' lang='lat' dir='ltr'>Originale</span> <span class='ocrx_word' id='word_1_198' title='bbox 521 3079 548 3126; x_wconf 93' lang='lat' dir='ltr'>in</span> <span class='ocrx_word' id='word_1_199' title='bbox 573 3079 726 3128; x_wconf 82' lang='lat' dir='ltr'>membrana.</span> <span class='ocrx_word' id='word_1_200' title='bbox 754 3080 780 3127; x_wconf 89' lang='lat' dir='ltr'>A</span> <span class='ocrx_word' id='word_1_201' title='bbox 798 3087 869 3142; x_wconf 80' lang='lat' dir='ltr'>tergo</span> <span class='ocrx_word' id='word_1_202' title='bbox 889 3081 1043 3144; x_wconf 82' lang='lat' dir='ltr'>impressum</span> <span class='ocrx_word' id='word_1_203' title='bbox 1071 3088 1109 3129; x_wconf 84' lang='lat' dir='ltr'>est</span> <span class='ocrx_word' id='word_1_204' title='bbox 1134 3081 1258 3145; x_wconf 82' lang='lat' dir='ltr'>sigillum.</span> <span class='ocrx_word' id='word_1_205' title='bbox 1290 3084 1321 3131; x_wconf 92' lang='lat' dir='ltr'>In</span> <span class='ocrx_word' id='word_1_206' title='bbox 1348 3083 1448 3134; x_wconf 83' lang='lat' dir='ltr'>archiv.</span> <span class='ocrx_word' id='word_1_207' title='bbox 1462 3081 1520 3155; x_wconf 73' lang='lat' dir='ltr'>incl⁸</span> 
     </span>
     <span class='ocr_line' id='line_1_25' title="bbox 256 3169 676 3219; baseline 0.007 -4"><span class='ocrx_word' id='word_1_208' title='bbox 256 3169 334 3219; x_wconf 79' lang='lat' dir='ltr'>Acad.</span> <span class='ocrx_word' id='word_1_209' title='bbox 355 3169 450 3219; x_wconf 83' lang='lat' dir='ltr'>Scient.</span> <span class='ocrx_word' id='word_1_210' title='bbox 470 3169 567 3219; x_wconf 79' lang='lat' dir='ltr'>Slauor.</span> <span class='ocrx_word' id='word_1_211' title='bbox 588 3169 676 3218; x_wconf 81' lang='lat' dir='ltr'>meriti.</span> 
     </span>
    </p>
   </div>
   <div class='ocr_carea' id='block_1_3' title="bbox 851 3418 933 3482">
    <p class='ocr_par' dir='ltr' id='par_1_4' title="bbox 851 3418 933 3482">
     <span class='ocr_line' id='line_1_26' title="bbox 851 3418 933 3482; baseline -0.012 0"><span class='ocrx_word' id='word_1_212' title='bbox 851 3418 933 3482; x_wconf 82' lang='lat'>361.</span> 
     </span>
    </p>
   </div>
   <div class='ocr_carea' id='block_1_4' title="bbox 363 3557 697 3617">
    <p class='ocr_par' dir='ltr' id='par_1_5' title="bbox 363 3557 697 3617">
     <span class='ocr_line' id='line_1_27' title="bbox 363 3557 697 3617; baseline 0.006 -14"><span class='ocrx_word' id='word_1_213' title='bbox 363 3557 443 3604; x_wconf 84' lang='lat' dir='ltr'>Anno</span> <span class='ocrx_word' id='word_1_214' title='bbox 466 3568 539 3617; x_wconf 81' lang='lat'>1492,</span> <span class='ocrx_word' id='word_1_215' title='bbox 560 3570 584 3616; x_wconf 68' lang='lat' dir='ltr'>t).</span> <span class='ocrx_word' id='word_1_216' title='bbox 604 3558 697 3605; x_wconf 87' lang='lat' dir='ltr'>martii.</span> 
     </span>
    </p>
   </div>
   <div class='ocr_carea' id='block_1_5' title="bbox 307 3682 1479 3768">
    <p class='ocr_par' dir='ltr' id='par_1_6' title="bbox 307 3682 1479 3768">
     <span class='ocr_line' id='line_1_28' title="bbox 307 3682 1479 3768; baseline 0.011 -28"><span class='ocrx_word' id='word_1_217' title='bbox 307 3682 487 3755; x_wconf 79' lang='lat' dir='ltr'>Stipendium</span> <span class='ocrx_word' id='word_1_218' title='bbox 511 3702 639 3739; x_wconf 71' lang='lat' dir='ltr'>arrianum</span> <span class='ocrx_word' id='word_1_219' title='bbox 663 3683 817 3741; x_wconf 75' lang='lat' dir='ltr'>uredicincre</span> <span class='ocrx_word' id='word_1_220' title='bbox 839 3685 950 3743; x_wconf 63' lang='lat' dir='ltr'>(luctari</span> <span class='ocrx_word' id='word_1_221' title='bbox 970 3705 989 3742; x_wconf 80' lang='lat' dir='ltr'>a</span> <span class='ocrx_word' id='word_1_222' title='bbox 1012 3689 1139 3760; x_wconf 79' lang='lat' dir='ltr'>capitulo</span> <span class='ocrx_word' id='word_1_223' title='bbox 1161 3691 1280 3763; x_wconf 76' lang='lat' dir='ltr'>zagrab.</span> <span class='ocrx_word' id='word_1_224' title='bbox 1304 3695 1479 3768; x_wconf 75' lang='lat' dir='ltr'>assignatur.</span> 
     </span>
    </p>
   </div>
   <div class='ocr_carea' id='block_1_6' title="bbox 248 3845 1521 4571">
    <p class='ocr_par' dir='ltr' id='par_1_7' title="bbox 248 3845 1521 4571">
     <span class='ocr_line' id='line_1_29' title="bbox 359 3845 1517 3928; baseline 0.008 -26"><span class='ocrx_word' id='word_1_225' title='bbox 359 3845 447 3904; x_wconf 87' lang='lat' dir='ltr'>Feria</span> <span class='ocrx_word' id='word_1_226' title='bbox 480 3848 586 3919; x_wconf 84' lang='lat' dir='ltr'>quinta</span> <span class='ocrx_word' id='word_1_227' title='bbox 617 3848 761 3920; x_wconf 85' lang='lat' dir='ltr'>proxima</span> <span class='ocrx_word' id='word_1_228' title='bbox 785 3856 854 3906; x_wconf 90' lang='lat' dir='ltr'>ante</span> <span class='ocrx_word' id='word_1_229' title='bbox 878 3847 992 3906; x_wconf 84' lang='lat' dir='ltr'>festum</span> <span class='ocrx_word' id='word_1_230' title='bbox 1026 3850 1106 3908; x_wconf 89' lang='lat' dir='ltr'>beati</span> <span class='ocrx_word' id='word_1_231' title='bbox 1135 3851 1262 3925; x_wconf 86' lang='lat' dir='ltr'>Georgii</span> <span class='ocrx_word' id='word_1_232' title='bbox 1287 3868 1378 3928; x_wconf 90' lang='lat' dir='ltr'>pape,</span> <span class='ocrx_word' id='word_1_233' title='bbox 1403 3854 1517 3913; x_wconf 91' lang='lat' dir='ltr'>domini</span> 
     </span>
     <span class='ocr_line' id='line_1_30' title="bbox 254 3950 1521 4031; baseline 0.008 -23"><span class='ocrx_word' id='word_1_234' title='bbox 254 3950 445 4026; x_wconf 86' lang='lat' dir='ltr'>infrascripti</span> <span class='ocrx_word' id='word_1_235' title='bbox 468 3960 498 4010; x_wconf 92' lang='lat' dir='ltr'>et</span> <span class='ocrx_word' id='word_1_236' title='bbox 520 3954 551 4010; x_wconf 92' lang='lat' dir='ltr'>in</span> <span class='ocrx_word' id='word_1_237' title='bbox 575 3954 712 4011; x_wconf 90' lang='lat' dir='ltr'>sacristia</span> <span class='ocrx_word' id='word_1_238' title='bbox 744 3955 882 4012; x_wconf 89' lang='lat' dir='ltr'>interiori</span> <span class='ocrx_word' id='word_1_239' title='bbox 910 3955 1122 4028; x_wconf 88' lang='lat' dir='ltr'>capitulariter</span> <span class='ocrx_word' id='word_1_240' title='bbox 1146 3960 1333 4031; x_wconf 86' lang='lat' dir='ltr'>congregati,</span> <span class='ocrx_word' id='word_1_241' title='bbox 1365 3962 1521 4019; x_wconf 86' lang='lat' dir='ltr'>concluse·</span> 
     </span>
     <span class='ocr_line' id='line_1_31' title="bbox 253 4060 1521 4134; baseline 0.007 -20"><span class='ocrx_word' id='word_1_242' title='bbox 253 4064 325 4114; x_wconf 92' lang='lat' dir='ltr'>runt</span> <span class='ocrx_word' id='word_1_243' title='bbox 357 4074 417 4131; x_wconf 91' lang='lat' dir='ltr'>pro</span> <span class='ocrx_word' id='word_1_244' title='bbox 449 4060 531 4116; x_wconf 89' lang='lat' dir='ltr'>bono</span> <span class='ocrx_word' id='word_1_245' title='bbox 565 4060 731 4130; x_wconf 90' lang='lat' dir='ltr'>communi,</span> <span class='ocrx_word' id='word_1_246' title='bbox 764 4061 849 4132; x_wconf 92' lang='lat' dir='ltr'>quod</span> <span class='ocrx_word' id='word_1_247' title='bbox 883 4062 1025 4134; x_wconf 86' lang='lat' dir='ltr'>egregius</span> <span class='ocrx_word' id='word_1_248' title='bbox 1054 4062 1206 4122; x_wconf 89' lang='lat' dir='ltr'>medicine</span> <span class='ocrx_word' id='word_1_249' title='bbox 1242 4064 1350 4123; x_wconf 92' lang='lat' dir='ltr'>doctor</span> <span class='ocrx_word' id='word_1_250' title='bbox 1374 4066 1521 4125; x_wconf 86' lang='lat' dir='ltr'>Henricus</span> 
     </span>
     <span class='ocr_line' id='line_1_32' title="bbox 252 4163 1519 4246; baseline 0.01 -28"><span class='ocrx_word' id='word_1_251' title='bbox 252 4163 404 4221; x_wconf 85' lang='lat' dir='ltr'>Almanus</span> <span class='ocrx_word' id='word_1_252' title='bbox 427 4166 638 4238; x_wconf 86' lang='lat' dir='ltr'>provisionem</span> <span class='ocrx_word' id='word_1_253' title='bbox 663 4167 789 4224; x_wconf 89' lang='lat' dir='ltr'>habebit</span> <span class='ocrx_word' id='word_1_254' title='bbox 820 4183 877 4240; x_wconf 92' lang='lat' dir='ltr'>pro</span> <span class='ocrx_word' id='word_1_255' title='bbox 901 4183 963 4225; x_wconf 92' lang='lat' dir='ltr'>uno</span> <span class='ocrx_word' id='word_1_256' title='bbox 986 4170 1106 4242; x_wconf 87' lang='lat' dir='ltr'>integro</span> <span class='ocrx_word' id='word_1_257' title='bbox 1129 4185 1244 4227; x_wconf 90' lang='lat' dir='ltr'>annoa</span> <span class='ocrx_word' id='word_1_258' title='bbox 1267 4171 1410 4245; x_wconf 91' lang='lat' dir='ltr'>capitulo</span> <span class='ocrx_word' id='word_1_259' title='bbox 1433 4174 1519 4246; x_wconf 90' lang='lat' dir='ltr'>quin·</span> 
     </span>
     <span class='ocr_line' id='line_1_33' title="bbox 251 4270 1516 4346; baseline 0.009 -22"><span class='ocrx_word' id='word_1_260' title='bbox 251 4271 399 4341; x_wconf 81' lang='lat' dir='ltr'>quaginta</span> <span class='ocrx_word' id='word_1_261' title='bbox 431 4270 558 4327; x_wconf 91' lang='lat' dir='ltr'>ducatos</span> <span class='ocrx_word' id='word_1_262' title='bbox 589 4272 689 4343; x_wconf 86' lang='lat' dir='ltr'>adie‚</span> <span class='ocrx_word' id='word_1_263' title='bbox 713 4288 774 4345; x_wconf 92' lang='lat' dir='ltr'>quo</span> <span class='ocrx_word' id='word_1_264' title='bbox 808 4273 942 4346; x_wconf 88' lang='lat' dir='ltr'>deponet</span> <span class='ocrx_word' id='word_1_265' title='bbox 976 4290 1007 4332; x_wconf 92' lang='lat' dir='ltr'>se</span> <span class='ocrx_word' id='word_1_266' title='bbox 1039 4276 1088 4333; x_wconf 94' lang='lat' dir='ltr'>hic</span> <span class='ocrx_word' id='word_1_267' title='bbox 1112 4276 1164 4333; x_wconf 91' lang='lat' dir='ltr'>vel</span> <span class='ocrx_word' id='word_1_268' title='bbox 1188 4277 1219 4333; x_wconf 93' lang='lat' dir='ltr'>in</span> <span class='ocrx_word' id='word_1_269' title='bbox 1243 4287 1348 4335; x_wconf 90' lang='lat' dir='ltr'>monte</span> <span class='ocrx_word' id='word_1_270' title='bbox 1373 4277 1516 4338; x_wconf 90' lang='lat' dir='ltr'>Grecensi</span> 
     </span>
     <span class='ocr_line' id='line_1_34' title="bbox 248 4377 1520 4460; baseline 0.009 -31"><span class='ocrx_word' id='word_1_271' title='bbox 248 4381 451 4445; x_wconf 68' lang='lat' dir='ltr'>moraturum</span> <span class='ocrx_word' id='word_1_272' title='bbox 464 4391 541 4448; x_wconf 91' lang='lat' dir='ltr'>quos</span> <span class='ocrx_word' id='word_1_273' title='bbox 553 4377 679 4449; x_wconf 88' lang='lat' dir='ltr'>quidem</span> <span class='ocrx_word' id='word_1_274' title='bbox 692 4379 915 4452; x_wconf 87' lang='lat' dir='ltr'>quinquaginta</span> <span class='ocrx_word' id='word_1_275' title='bbox 927 4381 1056 4440; x_wconf 83' lang='lat' dir='ltr'>florenos</span> <span class='ocrx_word' id='word_1_276' title='bbox 1069 4382 1187 4441; x_wconf 90' lang='lat' dir='ltr'>domini</span> <span class='ocrx_word' id='word_1_277' title='bbox 1199 4382 1429 4456; x_wconf 86' lang='lat' dir='ltr'>deputaverunt</span> <span class='ocrx_word' id='word_1_278' title='bbox 1440 4383 1520 4460; x_wconf 89' lang='lat' dir='ltr'>apud</span> 
     </span>
     <span class='ocr_line' id='line_1_35' title="bbox 250 4480 1520 4571; baseline 0.009 -36"><span class='ocrx_word' id='word_1_279' title='bbox 250 4480 417 4551; x_wconf 87' lang='lat' dir='ltr'>magistros</span> <span class='ocrx_word' id='word_1_280' title='bbox 440 4481 631 4555; x_wconf 87' lang='lat' dir='ltr'>Stephanum</span> <span class='ocrx_word' id='word_1_281' title='bbox 649 4484 687 4540; x_wconf 90' lang='lat' dir='ltr'>de</span> <span class='ocrx_word' id='word_1_282' title='bbox 711 4485 943 4544; x_wconf 87' lang='lat' dir='ltr'>Hrazthowicza</span> <span class='ocrx_word' id='word_1_283' title='bbox 966 4495 996 4545; x_wconf 91' lang='lat' dir='ltr'>et</span> <span class='ocrx_word' id='word_1_284' title='bbox 1018 4488 1192 4571; x_wconf 89' lang='lat' dir='ltr'>Johannem</span> <span class='ocrx_word' id='word_1_285' title='bbox 1214 4488 1333 4571; x_wconf 90' lang='lat' dir='ltr'>Jalsich</span> <span class='ocrx_word' id='word_1_286' title='bbox 1351 4493 1520 4560; x_wconf 87' lang='lat' dir='ltr'>canonicos,</span> 
     </span>
    </p>
   </div>
   <div class='ocr_carea' id='block_1_7' title="bbox 243 4585 1517 4764">
    <p class='ocr_par' dir='ltr' id='par_1_8' title="bbox 243 4585 1517 4764">
     <span class='ocr_line' id='line_1_36' title="bbox 247 4585 1517 4668; baseline 0.011 -28"><span class='ocrx_word' id='word_1_287' title='bbox 247 4585 453 4644; x_wconf 90' lang='lat' dir='ltr'>conductores</span> <span class='ocrx_word' id='word_1_288' title='bbox 486 4587 677 4646; x_wconf 90' lang='lat' dir='ltr'>decimarum</span> <span class='ocrx_word' id='word_1_289' title='bbox 713 4592 935 4664; x_wconf 89' lang='lat' dir='ltr'>capitularium</span> <span class='ocrx_word' id='word_1_290' title='bbox 970 4593 1008 4650; x_wconf 91' lang='lat' dir='ltr'>de</span> <span class='ocrx_word' id='word_1_291' title='bbox 1036 4610 1151 4668; x_wconf 63' lang='lat' dir='ltr'>,campo</span> <span class='ocrx_word' id='word_1_292' title='bbox 1181 4602 1212 4652; x_wconf 91' lang='lat' dir='ltr'>et</span> <span class='ocrx_word' id='word_1_293' title='bbox 1245 4594 1425 4656; x_wconf 81' lang='lat' dir='ltr'>Glawnicza</span> <span class='ocrx_word' id='word_1_294' title='bbox 1448 4597 1517 4655; x_wconf 91' lang='lat' dir='ltr'>anni</span> 
     </span>
     <span class='ocr_line' id='line_1_37' title="bbox 243 4691 558 4764; baseline 0.019 -18"><span class='ocrx_word' id='word_1_295' title='bbox 243 4691 386 4763; x_wconf 83' lang='lat' dir='ltr'>proxime</span> <span class='ocrx_word' id='word_1_296' title='bbox 412 4695 558 4764; x_wconf 89' lang='lat' dir='ltr'>preteriti.</span> 
     </span>
    </p>
   </div>
   <div class='ocr_carea' id='block_1_8' title="bbox 242 4827 1523 4994">
    <p class='ocr_par' dir='ltr' id='par_1_9' title="bbox 242 4827 1523 4994">
     <span class='ocr_line' id='line_1_38' title="bbox 352 4827 1521 4905; baseline 0.015 -31"><span class='ocrx_word' id='word_1_297' title='bbox 352 4827 467 4875; x_wconf 84' lang='lat' dir='ltr'>Michael</span> <span class='ocrx_word' id='word_1_298' title='bbox 486 4831 641 4894; x_wconf 89' lang='lat' dir='ltr'>prepositus.</span> <span class='ocrx_word' id='word_1_299' title='bbox 661 4847 696 4884; x_wconf 88' lang='lat' dir='ltr'>m.</span> <span class='ocrx_word' id='word_1_300' title='bbox 708 4847 732 4896; x_wconf 91' lang='lat' dir='ltr'>p.</span> <span class='ocrx_word' id='word_1_301' title='bbox 747 4835 847 4891; x_wconf 85' lang='lat' dir='ltr'>Petrus,</span> <span class='ocrx_word' id='word_1_302' title='bbox 862 4833 950 4883; x_wconf 88' lang='lat' dir='ltr'>lector.</span> <span class='ocrx_word' id='word_1_303' title='bbox 972 4852 1004 4886; x_wconf 92' lang='lat' dir='ltr'>m.</span> <span class='ocrx_word' id='word_1_304' title='bbox 1020 4853 1045 4900; x_wconf 91' lang='lat' dir='ltr'>p.</span> <span class='ocrx_word' id='word_1_305' title='bbox 1070 4838 1199 4901; x_wconf 79' lang='lat' dir='ltr'>Georgius</span> <span class='ocrx_word' id='word_1_306' title='bbox 1216 4839 1357 4905; x_wconf 86' lang='lat' dir='ltr'>episcopus</span> <span class='ocrx_word' id='word_1_307' title='bbox 1375 4841 1521 4891; x_wconf 79' lang='lat' dir='ltr'>rosenensis</span> 
     </span>
     <span class='ocr_line' id='line_1_39' title="bbox 242 4914 1523 4994; baseline 0.017 -34"><span class='ocrx_word' id='word_1_308' title='bbox 242 4927 276 4963; x_wconf 87' lang='lat' dir='ltr'>m.</span> <span class='ocrx_word' id='word_1_309' title='bbox 306 4930 330 4978; x_wconf 91' lang='lat' dir='ltr'>p.</span> <span class='ocrx_word' id='word_1_310' title='bbox 358 4914 546 4966; x_wconf 81' lang='lat' dir='ltr'>Knmarcensis</span> <span class='ocrx_word' id='word_1_311' title='bbox 570 4921 712 4983; x_wconf 87' lang='lat' dir='ltr'>Johannes,</span> <span class='ocrx_word' id='word_1_312' title='bbox 740 4938 775 4975; x_wconf 83' lang='lat' dir='ltr'>m.</span> <span class='ocrx_word' id='word_1_313' title='bbox 794 4939 820 4987; x_wconf 85' lang='lat' dir='ltr'>p.</span> <span class='ocrx_word' id='word_1_314' title='bbox 838 4924 973 4986; x_wconf 87' lang='lat' dir='ltr'>Johannes</span> <span class='ocrx_word' id='word_1_315' title='bbox 994 4927 1160 4989; x_wconf 84' lang='lat' dir='ltr'>goriczensis,</span> <span class='ocrx_word' id='word_1_316' title='bbox 1181 4943 1215 4981; x_wconf 87' lang='lat' dir='ltr'>m.</span> <span class='ocrx_word' id='word_1_317' title='bbox 1238 4943 1265 4994; x_wconf 90' lang='lat' dir='ltr'>p.</span> <span class='ocrx_word' id='word_1_318' title='bbox 1282 4927 1390 4981; x_wconf 72' lang='lat' dir='ltr'>Blasius</span> <span class='ocrx_word' id='word_1_319' title='bbox 1407 4930 1523 4981; x_wconf 77' lang='lat' dir='ltr'>Kemlek</span> 
     </span>
    </p>
   </div>
   <div class='ocr_carea' id='block_1_9' title="bbox 0 0 1636 5346">
    <p class='ocr_par' dir='ltr' id='par_1_10' title="bbox 0 0 1636 5346">
     <span class='ocr_line' id='line_1_40' title="bbox 0 0 1636 5346; baseline 0 0"><span class='ocrx_word' id='word_1_320' title='bbox 0 0 1636 5346; x_wconf 95' lang='lat' dir='ltr'> </span> 
     </span>
    </p>
   </div>
  </div>
 </body>
</html>
