3278 5348
622 409 696 469 Doc.
718 403 771 485 48.
795 442 838 452 -
863 407 918 467 An.
942 418 1032 486 1427.
1419 427 1459 487 59

190 638 251 682 non
275 624 398 697 absque
421 623 530 683 dolore
552 624 659 698 coacti,
676 623 835 694 dedimus;
858 623 1100 698 quibusquidem
1124 625 1263 684 ducentis
1285 626 1461 697 octuaginta

190 736 222 788 et
243 731 346 788 tribus
370 731 490 788 ducatis
513 730 589 788 boni
611 731 678 789 auri
698 729 800 788 eidem
824 731 953 789 ecclesie
969 731 1065 788 sancti
1081 731 1209 815 Joannis
1224 730 1361 804 Baptiste
1380 730 1460 789 obli·

189 851 310 910 gamur,
333 837 473 911 reliquos
493 844 599 895 autem
622 837 730 895 decem
754 843 784 895 et
804 845 923 912 septem
948 837 1081 895 florenos
1104 837 1172 895 auri
1192 853 1250 911 pro
1269 841 1390 911 septem
1411 835 1459 912 ju-

189 943 317 1015 geribus
341 949 422 1001 terre
445 944 576 1002 arabilis
599 945 631 1002 in
653 943 744 1003 Zelor
765 941 853 1020 juxta
870 943 1029 1017 piscinam,
1048 948 1078 1000 et
1093 944 1164 1000 aliis
1182 944 1283 1001 tribus
1297 941 1459 1018 jugeribus

189 1053 221 1106 et
243 1047 368 1106 duobus
392 1047 541 1107 fenilibus
563 1050 595 1108 in
618 1064 732 1123 campo
755 1050 817 1107 vici
838 1050 1020 1107 Latinorum
1056 1050 1137 1106 solvi
1170 1047 1308 1107 fecimus
1340 1048 1456 1107 Caven-

190 1161 298 1228 tesque
321 1161 350 1212 et
374 1156 517 1213 timentes
540 1171 578 1213 ne
602 1155 685 1213 dicta
707 1156 837 1213 ecclesia
860 1155 958 1213 sancti
979 1155 1106 1238 Joannis
1139 1153 1277 1228 Baptiste
1308 1155 1458 1229 temporis

189 1261 221 1319 in
243 1276 391 1335 processu
414 1260 579 1336 sepedictis
595 1261 734 1320 ducentis
750 1261 927 1333 octuaginta
943 1261 1043 1317 tribus
1060 1260 1178 1318 ducatis
1194 1261 1261 1318 auri
1280 1261 1458 1334 privaretur

190 1372 220 1425 et
242 1367 432 1426 consciencie
455 1373 559 1426 nostre
582 1367 768 1438 lederentur,
792 1368 895 1425 anime
917 1372 1022 1424 autem
1039 1367 1230 1439 punirentur,
1255 1374 1285 1424 et
1309 1367 1453 1440 quamvis

191 1487 253 1532 non
278 1473 406 1545 inloto,
430 1480 534 1532 tamen
556 1473 669 1531 saltem
692 1474 722 1532 in
747 1474 918 1547 aliqualem
940 1487 1185 1546 recompensam,
1199 1473 1229 1530 in
1254 1472 1348 1545 pleno
1372 1472 1455 1546 capi·

191 1580 257 1637 tulo
279 1578 371 1637 nobis
394 1579 610 1654 capitulariter
632 1581 835 1653 congregatis,
859 1579 948 1637 nullo
978 1578 1182 1652 discrepante,
1216 1584 1339 1635 matura
1374 1579 1454 1635 inter

190 1699 244 1744 nos
270 1684 439 1759 superinde
463 1684 692 1743 deliberacione
715 1685 880 1760 prehabita
903 1685 1094 1744 consciencia
1118 1684 1212 1756 ducti,
1236 1684 1371 1758 quedam
1387 1699 1457 1758 pre·

190 1789 277 1850 diola
300 1796 406 1849 nostra
426 1792 554 1849 omnino
578 1790 700 1849 deserta
722 1791 873 1850 Zavaiche
897 1798 927 1850 et
950 1790 1045 1850 Ottok
1068 1808 1140 1850 cum
1163 1790 1316 1850 Prevlalra
1339 1791 1456 1849 vocatis

190 1897 229 1955 ab
251 1897 316 1955 alia
338 1901 428 1972 parte
450 1895 541 1956 Szavi
564 1903 594 1955 et
617 1914 712 1972 penes
735 1898 868 1956 eundem
903 1897 1038 1956 Szavum
1060 1895 1148 1974 juxta
1171 1903 1201 1958 et
1224 1896 1305 1956 infra
1328 1903 1456 1971 portum

189 2009 331 2062 nostrum
364 2003 548 2087 Jelenovecz
583 2005 662 2062 inter
696 2004 843 2078 predium
875 2011 1019 2063 nostrum
1054 2005 1221 2063 Kosznicza
1251 2008 1397 2061 vocatum
1420 2017 1456 2060 ac

190 2110 269 2169 inter
290 2111 519 2185 possessionem
542 2111 698 2170 nobilium
719 2111 759 2170 de
780 2110 1002 2183 Mickcheuecz,
1026 2128 1082 2169 nec
1106 2126 1168 2169 non
1198 2112 1277 2169 inter
1307 2110 1456 2184 possessi·

190 2231 279 2276 onem
303 2216 514 2276 Eremitarum
536 2218 732 2276 Remetinecz
766 2225 909 2275 vocatam
932 2218 991 2275 sita
1014 2221 1045 2276 et
1078 2214 1200 2288 habita;
1233 2232 1294 2290 que
1327 2215 1456 2290 quidem

189 2323 298 2398 predia
319 2323 453 2381 condam
475 2323 632 2383 Dominici
654 2324 806 2398 prepositi
822 2324 949 2382 ecclesie
973 2330 1077 2382 nostre
1100 2329 1130 2381 et
1153 2329 1303 2397 nepotum
1325 2337 1455 2380 suorum

188 2429 381 2504 prefuerunt,
404 2429 459 2487 sed
482 2437 612 2504 propter
634 2444 696 2488 non
718 2431 910 2489 solucionem
933 2445 1082 2488 censuum
1104 2446 1161 2504 per
1184 2434 1285 2486 certos
1301 2442 1398 2486 annos
1415 2426 1454 2485 de

188 2536 263 2610 ipsis
288 2535 406 2610 prediis
429 2536 520 2595 nobis
545 2537 710 2609 provenire
732 2536 918 2595 debencium
941 2552 977 2593 ac
1008 2536 1238 2594 desolacionem
1271 2534 1453 2593 eorumdem

187 2641 371 2716 prediorum
393 2658 450 2715 per
470 2644 556 2717 ipsos
578 2647 706 2717 nepotes
729 2643 827 2717 ipsius
849 2643 1005 2702 Dominici
1021 2644 1173 2718 prepositi
1194 2642 1452 2717 asportacionem,

186 2749 328 2822 aliasque
349 2748 504 2821 plurimas
527 2748 763 2821 ingratitudines
786 2750 969 2808 eorumdem
990 2748 1029 2808 ad
1045 2766 1156 2808 manus
1172 2755 1292 2808 nostras
1305 2749 1453 2807 devoluta

185 2855 364 2926 extiterunt,
387 2859 417 2911 et
437 2868 496 2928 pro
519 2854 610 2912 nobis
632 2869 650 2912 a
674 2853 727 2912 diu
750 2864 900 2930 occupata
923 2864 953 2914 et
976 2858 1017 2914 ab
1040 2858 1084 2915 eis
1107 2857 1242 2915 alienata
1265 2856 1303 2915 de
1325 2854 1394 2931 jure
1416 2869 1452 2911 ac

187 2960 226 3019 de
248 2960 333 3019 facto
355 2960 499 3018 existunt.
524 2959 593 3035 Que
608 2960 733 3019 tandem
750 2961 892 3036 prediola
907 2979 1008 3036 nuper
1022 2963 1199 3021 honorabili
1216 2963 1286 3020 viro
1302 2962 1452 3033 magistro

188 3067 333 3127 ladislao
356 3065 395 3124 de
417 3066 542 3125 Dauoth
558 3067 664 3142 nepoti
687 3067 785 3142 ipsius
807 3069 965 3127 Dominici
987 3069 1146 3143 prepositi,
1169 3070 1253 3127 socio
1284 3074 1314 3126 et
1344 3081 1451 3124 conca·

186 3174 298 3233 nonioo
314 3179 421 3232 nostro
435 3189 516 3231 nove
531 3172 710 3232 donacionis
726 3180 830 3233 nostre
849 3176 949 3247 titulo,
966 3181 1000 3233 ut
1017 3174 1162 3233 videlicet
1177 3176 1289 3233 turrim
1312 3178 1450 3232 nostram

187 3282 250 3340 tuis
272 3281 416 3354 expensis
438 3279 631 3351 custodisset,
654 3286 805 3354 quantum
835 3281 875 3339 ad
906 3283 1003 3340 vitam
1034 3281 1174 3340 eiusdem
1204 3281 1450 3347 contuleramus;

187 3402 248 3461 que
284 3386 426 3461 prediola
459 3386 589 3446 demum
624 3385 708 3444 idem
743 3388 891 3460 magister
923 3387 1084 3446 Ladislaus
1119 3392 1229 3461 sponte
1264 3387 1304 3443 ad
1338 3400 1448 3442 manus

186 3498 307 3551 nostras
341 3492 518 3565 resignavit.
560 3492 637 3550 Item
672 3492 850 3566 prediolum
885 3501 1025 3551 nostrum
1060 3511 1077 3552 a
1110 3494 1249 3570 predicta
1283 3492 1450 3550 Kosznicza

187 3604 300 3670 nostra,
323 3599 354 3656 in
378 3597 503 3672 quode
526 3599 661 3673 presenti
684 3604 748 3657 tres
771 3599 907 3657 resident
936 3597 1126 3674 jobagiones,
1162 3599 1246 3674 quod
1281 3598 1450 3656 novissime

186 3702 306 3763 Blasius
322 3704 361 3762 de
382 3704 509 3762 Ivanich
525 3705 627 3762 socius
642 3711 672 3762 et
691 3707 914 3763 concanonicus
929 3712 1034 3764 noster
1053 3723 1091 3764 ex
1108 3713 1212 3763 nostra
1231 3705 1449 3762 commissione

186 3815 393 3884 occupaverat
407 3816 437 3868 et
452 3827 491 3867 ex
507 3818 611 3868 nostro
632 3826 782 3869 consensu
798 3813 896 3870 tenuit
918 3829 1015 3885 nsque
1028 3811 1130 3884 mod0,
1151 3811 1270 3885 prefate
1294 3804 1450 3889 (ecclesie)

186 3918 283 3975 sancti
305 3917 431 3999 Joannis
454 3916 591 3989 Baptiste
614 3921 644 3974 et
666 3934 723 3992 per
746 3933 815 3975 eam
839 3919 901 3976 suis
925 3919 1098 3976 rectoribus
1121 3919 1181 3975 sub
1213 3919 1353 3991 ipsorum
1379 3934 1449 3990 pre·

185 4022 344 4081 diolorum
369 4024 450 4081 reris
473 4028 504 4080 et
526 4025 661 4097 antiquis
684 4026 784 4096 metis,
816 4025 930 4098 quibus
964 4042 1021 4099 per
1056 4023 1212 4098 prefatum
1247 4025 1447 4082 Dominicum

185 4129 389 4203 prepositum,
413 4145 547 4204 suosque
570 4140 697 4204 nepotes
721 4147 757 4188 ac
781 4130 918 4205 prefatos
942 4131 1107 4202 magistros
1122 4131 1302 4189 Ladislaum
1326 4138 1356 4189 et
1379 4131 1448 4188 Bla-

184 4235 266 4293 sium
289 4233 414 4293 fuerunt
436 4240 520 4293 tenta
542 4241 572 4294 et
595 4251 744 4310 possessa,
768 4254 839 4295 cum
863 4238 1009 4295 omnibus
1032 4238 1174 4311 ipsorum
1197 4237 1394 4311 pertinenciis
1418 4244 1448 4295 et

184 4340 371 4399 utilitatibus
393 4342 547 4400 universis
570 4357 606 4399 ac
629 4343 768 4400 collectis
791 4359 844 4402 seu
868 4345 947 4402 taxis
963 4345 1116 4401 consuetis
1133 4359 1189 4418 per
1205 4359 1260 4400 nos
1275 4341 1446 4400 secundum

184 4446 312 4504 ecclesie
334 4454 437 4505 nostre
460 4451 573 4504 statuta
596 4462 656 4520 pro
678 4449 768 4506 nobis
791 4450 910 4523 imponi
934 4465 991 4525 pro
1016 4456 1157 4524 tempore
1179 4449 1279 4506 solitis
1312 4463 1365 4504 seu
1389 4464 1446 4521 per

184 4552 364 4626 quempiam
387 4553 486 4610 alium
508 4559 668 4627 potentem
691 4557 905 4630 potencialiter
928 4562 1079 4629 agentem,
1104 4553 1187 4629 quod
1219 4554 1294 4612 deus
1317 4559 1445 4626 avertat,

184 4658 417 4734 imponendum,
441 4661 707 4736 proventibusque
730 4663 799 4722 aliis
823 4663 995 4737 quibusvis,
1012 4663 1125 4737 quovis
1139 4661 1274 4719 nominis
1290 4660 1445 4719 vocabulo

183 4764 334 4837 vocitatis,
356 4765 493 4840 demptis
515 4765 678 4827 dumtaxat
701 4769 837 4841 decimis,
861 4786 938 4844 quas
962 4776 1033 4845 post
1048 4768 1261 4842 explecionem
1281 4783 1335 4824 sex
1351 4782 1446 4825 anno·

181 4886 253 4931 rum
276 4870 431 4931 libertatis
453 4887 472 4930 a
494 4873 545 4935 die
566 4875 718 4934 adrentus
741 4874 908 4952 cujuslibet
931 4876 1032 4936 coloni
1056 4875 1096 4933 ad
1120 4875 1187 4948 ipsa
1210 4873 1320 4948 predia
1351 4887 1443 4932 causa
