3278 5348
643 443 715 501 Doc.
739 439 814 518 298.
838 477 881 486 -
904 444 962 502 An.
985 456 1073 522 1475.

798 653 888 720 298.

310 792 391 842 Anno
413 804 488 859 1475,
511 805 549 845 11.
566 794 649 858 Junii.
668 794 771 845 Budas.-

202 920 350 991 Mathias,
372 922 549 995 Hungan'ae
569 929 619 992 etc,
641 941 705 992 rex,
726 922 875 980 comitatui
893 922 1011 996 sagrab.
1030 923 1180 997 praecipit,
1203 930 1238 981 ut
1256 942 1361 985 murres
1378 927 1470 984 muni-

406 1029 491 1086 tionis
514 1029 642 1087 crbitau‘s
663 1030 767 1087 monas
795 1026 948 1088 Grccensis
970 1029 1085 1088 dinetus
1107 1031 1265 1104 reficiam

841 1170 883 1218 De
900 1169 1082 1218 commissione
1101 1169 1205 1234 propria
1224 1169 1322 1219 domini
1340 1170 1416 1234 regis.

306 1280 438 1338 Mathias
462 1279 512 1339 dei
532 1280 637 1353 gracia
653 1296 708 1339 rex
731 1282 899 1354 Hungarie,
922 1281 1068 1340 Bohemie
1092 1288 1147 1341 etc.
1170 1282 1332 1341 Fidelibus
1354 1283 1467 1341 nostris

198 1387 354 1445 universis
375 1392 404 1444 et
427 1386 559 1460 singulis
578 1388 738 1446 nobilibus
751 1395 781 1447 et
804 1389 932 1447 alterius
952 1389 1088 1447 cuiusvis
1110 1395 1208 1448 status
1232 1390 1466 1462 possessionatis

198 1493 378 1552 hominibus
393 1492 433 1550 ad
449 1493 554 1552 sedem
569 1495 802 1568 zagrabiensem
815 1495 1027 1570 spectantibus
1043 1501 1072 1553 et
1085 1495 1321 1570 pertinentibus,
1334 1496 1467 1555 salutem

198 1604 229 1658 et
252 1600 397 1672 graciam.
420 1600 466 1658 Ex
497 1600 648 1659 relatibus
670 1601 814 1660 fidelium
836 1608 1015 1660 nostrorum
1039 1608 1195 1659 certorum
1219 1602 1336 1660 civium
1359 1608 1389 1660 et
1416 1603 1463 1661 in·

198 1707 411 1765 habitatorum
434 1707 567 1765 civitatis
582 1715 687 1766 nostre
702 1709 910 1781 zagrabieusis
926 1709 1146 1780 intelleximus,
1171 1707 1330 1781 quomodo
1353 1709 1462 1767 civitas

197 1813 267 1885 ipsa
283 1818 414 1888 propter
428 1815 650 1887 necessitatem,
668 1830 762 1888 quam
779 1814 991 1889 precedentes,
1006 1821 1073 1873 tum
1090 1831 1147 1888 per
1170 1813 1326 1872 assiduam
1343 1820 1465 1890 pestem

196 1921 266 1975 tum
289 1934 365 1977 vem
388 1936 445 1995 per
467 1921 608 1979 incursus
631 1922 805 1981 Turcorum
828 1937 919 1996 passa
934 1926 988 1994 est,
1011 1922 1044 1980 in
1068 1928 1185 1979 tantam
1209 1922 1348 1994 inopiam
1371 1921 1464 1980 deve·

198 2024 302 2096 nisset,
333 2027 417 2100 quod
449 2043 558 2086 murus
588 2029 687 2104 ipsius
716 2029 848 2087 civitatis
880 2027 944 2088 fere
974 2028 1006 2087 in
1036 2027 1203 2099 nonaginta
1233 2043 1288 2086 sex
1317 2027 1464 2086 ulnarum

198 2129 400 2205 longitudine,
431 2150 513 2192 nunc
542 2136 665 2193 ruinam
695 2140 863 2211 pateretur,
886 2135 919 2193 in
942 2141 1065 2193 oentum
1088 2150 1164 2193 vero
1188 2140 1218 2193 et
1241 2135 1464 2208 quinquaginta

196 2238 310 2297 cubitis
333 2238 371 2298 de
393 2238 445 2298 die
466 2242 499 2299 in
522 2241 587 2299 dies
613 2257 701 2300 casus
717 2241 856 2301 eiusdem
879 2242 1076 2316 prestolatur,
1099 2247 1129 2299 et
1152 2256 1224 2298 cum
1245 2241 1330 2315 regie
1345 2241 1465 2300 intersit

198 2344 374 2404 celsitudini
402 2347 535 2405 comodo
557 2348 719 2407 civitatum
740 2364 870 2407 suarum
895 2353 925 2406 et
948 2348 1111 2422 presertim
1135 2348 1303 2406 municioni
1325 2347 1463 2419 illarum,

197 2465 331 2524 quarum
366 2453 456 2512 ruina
487 2454 626 2528 periculo
650 2456 814 2514 inmineret
836 2454 1003 2527 intendere,
1035 2455 1187 2528 vobisque
1209 2469 1343 2512 unacum
1366 2454 1460 2512 rebus

195 2563 227 2616 et
248 2558 339 2617 bonis
361 2574 397 2617 ac
428 2560 536 2619 liberis
558 2562 671 2620 vestris
692 2567 835 2636 ternpore
866 2561 998 2619 insultus
1021 2560 1256 2619 sevissimorum
1279 2560 1461 2630 Turcorum,

194 2679 258 2723 non
278 2666 358 2724 alias
388 2667 449 2725 nisi
471 2668 502 2725 in
525 2668 627 2742 ipsam
650 2667 807 2742 refugium
828 2683 896 2726 esse
918 2671 1028 2741 potest,
1051 2666 1122 2725 ideo
1145 2665 1289 2724 fidelitati
1311 2666 1461 2724 universi·

193 2771 266 2830 tatis
296 2777 398 2831 vestre
418 2779 451 2831 et
471 2773 638 2832 cuiuslibet
660 2778 798 2833 vestrum
823 2773 936 2831 harum
959 2773 1038 2832 serie
1061 2771 1241 2831 firmissime
1257 2771 1461 2845 precipientes

192 2878 388 2954 mandamus,
422 2887 574 2954 quatenus
616 2880 750 2955 receptis
782 2881 987 2955 presentibus,
1018 2879 1095 2937 dum
1119 2884 1150 2938 et
1179 2878 1461 2952 quocienscumque

193 3000 251 3059 per
279 2985 389 3045 fideles
420 2993 542 3046 nostros
573 2985 804 3045 Christoforum
836 2987 1032 3060 capitaneum
1069 2985 1149 3044 dicte
1186 2985 1320 3043 civitatis
1356 2990 1461 3043 nostre

191 3093 409 3166 zagrabiensis‚
431 3100 486 3152 aut
508 3094 588 3152 alios
611 3094 788 3167 capitaneos
811 3094 843 3151 in
865 3092 1007 3151 futurum
1023 3091 1253 3151 constituendos
1276 3091 1459 3149 adlabores

190 3198 290 3273 ipsius
313 3200 455 3272 civitatis,
485 3200 789 3273 reformacionesque
814 3200 895 3256 muri
920 3197 1059 3257 eiusdem
1089 3199 1231 3272 requisiti
1253 3196 1381 3270 fueritis,
1405 3197 1459 3256 ho-

190 3305 292 3363 mines
322 3311 441 3365 vestros
474 3306 506 3364 in
536 3305 711 3363 subsidium
744 3304 832 3375 dare,
863 3309 917 3362 aut
944 3305 970 3363 si
1000 3321 1121 3363 necesse
1143 3310 1232 3376 esset,
1255 3303 1460 3378 personaliter

190 3411 373 3471 huiusmodi
396 3411 615 3471 reformacioni
638 3412 784 3470 interesse
816 3409 972 3481 debeatis;
995 3411 1134 3484 alioquin
1158 3411 1183 3467 si
1203 3425 1290 3468 secus
1313 3409 1455 3482 feceritis,

191 3524 304 3576 extunc
327 3519 542 3577 commisimus
567 3525 597 3577 et
620 3519 815 3592 presencium
838 3518 917 3576 serie
952 3517 1092 3575 striccius
1122 3516 1354 3573 committimus
1377 3515 1460 3574 dicto

191 3622 364 3684 Cristoforo
387 3632 554 3699 capetaneo
577 3640 613 3682 ac
635 3626 733 3683 eciam
757 3625 827 3682 aliis
850 3625 881 3682 in
912 3624 1053 3681 futurum
1086 3622 1317 3693 constituendis,
1341 3627 1375 3679 ut
1398 3623 1458 3696 ipsi

191 3745 247 3788 vos
270 3737 301 3788 et
323 3732 497 3804 quemlibet
519 3737 659 3789 vestrum
674 3730 715 3788 ad
731 3729 906 3788 subsidium
930 3728 1166 3788 reformacionis
1191 3729 1343 3802 premisse
1359 3728 1457 3787 eciam

189 3852 261 3895 cum
285 3838 521 3910 gravaminibus
551 3839 663 3896 vestris
686 3838 787 3895 arcius
817 3836 1008 3911 compellant
1032 3842 1062 3893 et
1084 3836 1252 3908 astringant
1277 3834 1458 3893 auctoritate

188 3949 296 4001 nostra
329 3945 413 4017 regia
449 3946 645 4018 presentibus
668 3945 745 4018 ipsis
766 3945 798 4002 in
822 3944 880 4002 hac
903 3950 990 4019 parte
1014 3944 1162 4001 attributa
1186 3941 1347 4000 mediante
1363 3939 1457 3998 Secus

187 4050 248 4107 sub
277 4050 406 4108 obtentu
436 4052 539 4123 gracie
568 4058 672 4109 nostre
701 4066 764 4109 non
794 4050 913 4108 facturi.
946 4050 1144 4109 Presentibus
1168 4049 1321 4123 perlectis,
1344 4046 1452 4120 sigillo

185 4161 294 4214 nostro
316 4157 439 4215 anulari
470 4157 666 4230 consignatis,
689 4156 848 4215 exhibenti
870 4156 1028 4214 restitutis.
1056 4156 1174 4212 Datum
1196 4154 1280 4212 Bude
1313 4154 1344 4211 in
1374 4152 1453 4210 sesto

186 4261 272 4320 beati
305 4261 446 4321 Bamahe
480 4263 621 4337 apostoli.
665 4264 756 4321 Auno
791 4262 910 4320 domini
943 4262 1113 4320 millesimo
1148 4260 1453 4335 quadringentesimo

185 4369 415 4443 septuagesimo
439 4370 555 4443 quinto.
571 4369 751 4442 Regnorum
773 4375 953 4427 nostrorum
976 4383 1056 4426 anno
1079 4368 1243 4441 Hungarie
1264 4375 1312 4424 etc
1335 4365 1456 4424 decimo

184 4481 305 4548 octavo,
328 4475 477 4534 Bohemie
500 4491 575 4534 vero
600 4477 742 4550 septimo.

290 4629 425 4695 originale
443 4631 470 4680 in
489 4630 636 4686 charta.1n
655 4629 769 4694 margine
788 4628 905 4679 inferiori
925 4630 1097 4696 imppressum
1116 4634 1155 4678 est
1174 4626 1297 4693 sigillum.
1326 4628 1360 4676 Iu
1384 4626 1453 4679 arch.

181 4717 243 4770 incl.
262 4718 347 4773 aad
367 4720 438 4770 Sciet
456 4720 556 4775 Slaror.
574 4719 664 4772 merld.
