3278 5348
530 444 603 503 Doc.
626 456 693 501 122.
718 477 760 486 -
785 438 957 520 An.1438.
1313 443 1370 513 165

107 658 162 732 dis,
182 660 276 718 nobis
299 664 330 718 et
354 659 394 717 ad
418 659 571 718 fabricam
595 659 723 717 ecclesie
745 665 850 717 nostre
874 658 1011 733 predicte
1035 658 1073 716 ad
1087 659 1238 717 honorem
1260 659 1375 717 beatis·

107 767 185 825 sime
208 767 340 840 virginis
363 768 461 825 Marie
485 783 541 841 per
565 765 695 824 eandem
727 766 887 824 dominam
922 765 997 824 dare
1019 772 1050 824 et
1079 767 1260 840 persolvere
1291 780 1375 823 com·

106 873 218 945 missis,
242 874 334 932 nobis
357 873 573 932 omnimodam
596 874 788 932 solucionem
813 879 843 931 et
877 871 1124 931 satisfaccionem
1155 872 1375 947 impenderunt

107 979 193 1038 iuxta
216 980 444 1039 continenciam
467 980 643 1038 litterarum
662 980 921 1053 obligatoriarum
945 979 1158 1053 predictarum
1180 995 1217 1037 ac
1239 979 1374 1037 aliarum

108 1085 288 1145 litterarum
300 1085 423 1160 prefate
447 1085 572 1144 domine
596 1085 752 1144 Gedrudis
775 1091 885 1143 vocate
908 1086 998 1144 nobis
1028 1086 1274 1158 assignatarum;
1305 1085 1375 1143 ideo

107 1207 161 1252 nos
184 1192 300 1267 prelati
323 1194 457 1252 vicarius
480 1199 510 1250 et
533 1197 711 1265 conventus,
735 1191 874 1266 prefatos
896 1190 1040 1267 judicem,
1063 1189 1181 1267 juratos
1215 1199 1246 1249 et
1277 1196 1375 1250 totam

111 1301 367 1358 communitatem
390 1315 485 1375 super
507 1300 669 1373 premissis
691 1299 850 1371 sexaginta
881 1297 1005 1356 florenis
1036 1298 1112 1368 auri,
1144 1298 1272 1373 conputi
1304 1313 1374 1373 pre·

110 1408 203 1479 missi,
227 1405 423 1465 reddidimus
447 1413 477 1464 et
498 1407 714 1465 commisimus
731 1406 860 1479 quietos,
877 1404 1038 1478 expeditos
1054 1410 1084 1462 et
1103 1403 1205 1462 modis
1228 1404 1374 1462 omnibus

110 1514 268 1571 absolutos
292 1514 400 1586 vigore
423 1519 453 1570 et
477 1513 653 1570 testimonio
676 1512 789 1569 harum
812 1511 987 1569 litterarum
1011 1517 1188 1569 nostrarum
1214 1510 1374 1567 mediante.

109 1617 225 1677 Datum
248 1620 281 1677 in
303 1619 399 1677 domo
420 1626 526 1677 nostra
549 1618 712 1689 cenobiali,
735 1618 867 1675 sabbato
891 1619 1036 1691 proximo
1056 1624 1126 1675 ante
1147 1616 1260 1674 testum
1276 1615 1375 1673 sancti

111 1725 234 1785 Martini
268 1726 408 1801 episcopi
442 1730 472 1784 et
506 1724 701 1794 confessoris,
729 1725 891 1799 prenotati.
925 1727 1014 1781 Anno
1050 1723 1169 1782 domini
1204 1722 1374 1781 millesimo

109 1833 415 1907 quadringentesimo
439 1832 528 1889 XXX
551 1838 672 1892 octavo.

207 2003 346 2077 ‘Originale
364 2005 392 2053 in
410 2003 505 2062 charta,
525 2005 552 2053 iu
570 2003 684 2068 margine
703 2004 818 2053 inferiori
836 2005 989 2069 impressum
1009 2011 1047 2052 est
1066 2002 1188 2066 sigiilum.
1220 2003 1252 2050 In
1278 2001 1373 2051 archiv.

103 2091 164 2143 incl.
186 2094 272 2146 Acad.
292 2094 387 2143 Scient.
407 2093 477 2143 Slav.
497 2093 585 2143 merid.

707 2321 785 2391 122.

212 2483 294 2532 Anno
317 2484 391 2546 1438,
412 2496 435 2545 9.
456 2484 611 2535 novembris.
631 2484 727 2533 Budae.

103 2609 273 2684 Stephanus
296 2609 420 2680 Bethor,
435 2610 533 2686 judex
555 2611 662 2680 curiae,
693 2610 842 2667 rilentrfdcm
865 2611 990 2683 crmr'lulo
1013 2611 1159 2669 lasttrcnsi
1178 2612 1309 2681 trtrrudat,
1343 2620 1378 2670 ut

103 2717 335 2774 corrrmunitatem
358 2717 491 2789 claritatis,
515 2735 589 2790 quae
611 2717 642 2772 in
666 2717 777 2774 currum
801 2718 898 2774 uenire
920 2717 1036 2793 linbila,
1056 2717 1198 2791 grauibus
1228 2718 1322 2775 verbis
1345 2718 1375 2775 iu

667 2825 723 2898 jus
745 2824 814 2880 citet.

216 2985 336 3042 Amicis
358 2986 421 3042 suis
447 2985 625 3043 reverendis
649 2986 786 3059 capitulo
810 2986 936 3043 ecclesie
964 2986 1160 3056 chasmensis,
1184 3001 1288 3044 comes
1311 2986 1377 3045 Ste-

110 3092 229 3165 phanus
254 3090 291 3148 de
309 3090 431 3162 Bathor,
454 3090 548 3166 judex
569 3092 652 3149 curie
675 3090 792 3149 domini
819 3093 947 3163 Alberti,
972 3092 1021 3149 dei
1045 3094 1148 3165 gracia
1163 3092 1377 3151 Romanorum

109 3199 199 3271 regis
212 3213 338 3271 semper
360 3199 492 3270 augusti,
515 3214 551 3256 ac
584 3199 752 3271 Hungarie,
776 3199 930 3269 Bohemie‚
961 3199 1131 3261 Dalmacie.
1165 3199 1291 3257 Croacie
1321 3207 1376 3258 etc.

109 3305 197 3378 regis,
222 3304 396 3362 amiciciam
419 3310 561 3377 paratam
578 3321 649 3361 curn
665 3304 790 3362 honore.
807 3305 972 3376 Noveritis,
989 3305 1073 3378 quod
1090 3305 1180 3362 nobis
1202 3306 1233 3363 in
1256 3307 1374 3364 octavis

111 3410 178 3469 festi
199 3411 284 3468 beati
306 3410 466 3468 Michaelis
489 3412 680 3484 archangeli,
705 3426 837 3469 unacum
862 3412 949 3483 regni
970 3411 1131 3469 nobilibus
1155 3427 1213 3486 pro
1236 3411 1376 3470 faciendo

111 3517 304 3575 moderativo
326 3514 441 3591 judicio
465 3519 662 3575 causantibus
698 3518 728 3575 in
758 3517 829 3576 sede
860 3523 964 3576 vestra
994 3516 1156 3592 judiciaria
1190 3518 1376 3592 sedentibus,

110 3622 302 3681 honorabilis
325 3624 374 3681 vir
397 3625 544 3696 magister
568 3624 684 3696 Petrus,
708 3626 871 3682 canonicus
906 3625 1034 3682 ecclesie
1064 3626 1280 3697 zagrabiensis,
1313 3640 1372 3700 pro

111 3730 286 3789 honorabili
310 3731 448 3804 capitulo
479 3731 617 3790 eiusdem
650 3732 776 3789 ecclesie
810 3732 1017 3803 zagrabiensis
1052 3747 1123 3788 cum
1154 3734 1376 3805 procuratoriis

110 3837 220 3895 litteris
243 3836 381 3895 eiusdem
405 3838 435 3894 in
458 3820 597 3895 nostram
621 3839 745 3895 veniens
766 3838 957 3910 presenciam
975 3845 1035 3895 tres
1052 3839 1179 3908 litteras,
1205 3839 1281 3897 duas
1306 3856 1377 3897 con·

111 3942 182 4001 dam
207 3944 330 4002 comitis
352 3945 494 4001 Matheus
518 3944 556 4000 de
580 3945 699 4015 Palocz,
734 3944 812 4001 alias
848 3945 992 4001 similiter
1023 3942 1133 4018 judicis
1166 3947 1249 4003 curie
1285 3948 1377 4018 regie,

110 4065 203 4107 unam
228 4050 437 4108 evocatoriam
462 4055 491 4105 et
514 4050 608 4106 aliam
624 4043 820 4124 judicialem,
844 4065 961 4108 necnon
978 4052 1105 4107 terciam
1124 4058 1260 4108 vestram
1284 4069 1378 4125 super

111 4157 179 4230 ipsa
204 4157 388 4215 evocacione
410 4156 591 4213 relatoriam
616 4157 646 4214 in
670 4157 810 4214 terminis
834 4162 864 4214 et
886 4157 973 4213 annis
1008 4156 1263 4214 infrascribendis
1295 4173 1378 4216 ema·

108 4270 196 4322 natas
218 4263 310 4320 nobis
333 4263 523 4336 presentavit
547 4261 750 4321 declarando:
768 4262 850 4334 quod
870 4263 1016 4334 magister
1032 4263 1185 4335 Georgius
1211 4264 1376 4322 canonicus

110 4384 170 4443 pro
193 4368 276 4426 dicto
300 4368 438 4441 capitulo
461 4369 588 4425 ecclesie
611 4369 819 4441 zagrabiensis
842 4385 913 4424 cum
938 4369 1159 4440 procuratoriis
1190 4368 1302 4426 litteris
1336 4371 1377 4428 ei·

109 4473 221 4533 usdem
242 4475 329 4532 iuxta
352 4474 575 4531 continenciam
599 4474 773 4532 litterarum
809 4474 947 4532 eiusdem
983 4476 1104 4532 comitis
1136 4476 1275 4531 Matheus
1306 4490 1378 4550 pro

109 4581 338 4655 rogatoriarnm
362 4582 394 4639 in
416 4581 533 4637 octavis
557 4579 625 4638 festi
650 4581 731 4638 beati
755 4581 914 4639 Michaelis
938 4581 1114 4653 archangeli
1150 4582 1181 4638 in
1213 4597 1292 4639 anno
1324 4582 1378 4639 do·

109 4688 186 4746 mini
204 4685 432 4745 MCCCCXXX
448 4687 551 4756 tercio,
573 4688 737 4760 preteritis,
762 4687 791 4744 in
817 4686 917 4757 figura
948 4684 1054 4760 judicii
1085 4687 1223 4745 eiusdem
1255 4689 1378 4747 comitis

111 4795 253 4853 Matheus
277 4793 496 4868 comparendo,
521 4799 626 4850 contra
650 4792 850 4867 Stephanum,
874 4793 975 4851 filium
1000 4795 1168 4864 Michaelis,
1195 4803 1267 4852 tunc
1298 4793 1378 4869 judi·

112 4916 191 4973 cem,
223 4900 416 4973 Michaelem,
448 4899 551 4958 filium
583 4898 765 4972 Sebastiani,
799 4901 926 4958 Petrum
960 4900 1153 4973 ilungarum,
1185 4902 1377 4960 Anthonium
