3278 5348
613 441 685 502 Dm.
704 436 780 513 128.
807 473 844 482 —
867 442 922 498 An.
947 453 1037 518 1439.
1395 441 1450 500 181

1077 543 1454 551 —-———.-———

295 660 337 726 (A
355 660 451 726 tergo).
487 656 647 715 Fidelibus
680 656 796 715 nostris
830 656 984 713 canonicis
1014 654 1141 712 ecclesie
1164 655 1362 727 ehamensis,
1397 668 1457 729 pro

185 765 366 824 honorabili
399 764 537 839 capitulo
571 763 700 822 ecclesie
733 763 940 836 zagrabiensis
975 768 1080 819 eontra
1115 760 1317 836 Stephanum,
1352 760 1454 818 filium

186 872 358 943 Michaelis,
381 872 458 929 alias
481 868 618 947 judicem
642 869 775 928 civitatis
798 869 912 927 montis
936 869 1097 927 Grecensis
1114 868 1152 926 de
1169 869 1255 925 iuxta
1270 868 1456 940 Zagrabiam

187 983 218 1037 et
251 979 332 1036 alios
366 978 581 1050 intraseriptos
616 975 656 1033 ad
691 981 817 1034 octavas
859 973 929 1033 festi
964 975 1047 1032 beati
1082 974 1242 1032 Michaelis
1278 971 1456 1046 archangeli

184 1089 326 1143 nostram
350 1084 546 1159 personalem
568 1084 600 1141 in
622 1082 824 1157 presenciam.

292 1218 427 1284 Originale
444 1220 472 1268 iu
490 1220 586 1271 charta.
606 1219 633 1268 A
653 1225 727 1282 tergo
745 1219 899 1283 impressum
917 1223 956 1267 est
975 1216 1098 1281 sigillum.
1117 1218 1149 1265 In
1167 1217 1283 1266 archivio
1301 1231 1357 1268 ven.
1371 1215 1455 1280 Capit.

152 1374 153 1378 Ἰ
186 1309 250 1361 ecel.
271 1308 373 1372 zagrab.
394 1308 456 1359 Aet.
476 1308 539 1373 Cap.
560 1315 611 1358 ant.
631 1308 691 1359 fasc.
714 1318 746 1356 10
774 1323 811 1359 nr.
832 1319 873 1369 24.

781 1535 862 1602 128.

294 1663 375 1711 Auno
397 1674 471 1725 1439,
493 1671 532 1725 13.
549 1660 624 1727 Julii.
644 1660 741 1712 Budae.

185 1774 331 1843 Altcrtus,
361 1773 538 1846 Hungariae
567 1779 617 1831 etc.
652 1789 715 1841 rex,
749 1771 975 1829 communitatem
1009 1771 1134 1827 mititatis
1163 1772 1266 1828 trientis
1306 1771 1456 1829 Grecensis

372 1877 556 1951 reprehendit
577 1878 607 1934 in
631 1895 671 1947 eo,
693 1876 772 1951 quod
788 1876 912 1950 cimitata
934 1876 1116 1949 zagrabttnsi
1136 1877 1272 1935 miramur.

291 2021 442 2079 Albertus
464 2021 514 2080 dei
537 2021 642 2095 gracia
664 2021 878 2078 Romanorum
901 2036 965 2091 rex,
989 2036 1114 2095 semper
1129 2025 1287 2093 augustus,
1310 2038 1346 2079 ac
1370 2022 1456 2079 Hun-

185 2131 279 2203 garie,
303 2128 460 2199 Bohemie,
488 2128 658 2199 Dalmaeie,
682 2127 810 2185 Croaeie
833 2133 887 2185 etc.
911 2143 966 2184 rex
989 2132 1019 2185 et
1049 2127 1112 2185 dux
1136 2128 1268 2186 Austrie.
1292 2127 1453 2187 Fidelibus

185 2236 298 2295 uostris
321 2234 463 2308 providis
484 2232 589 2309 judici,
612 2232 729 2309 juratis,
753 2234 928 2306 ceterisque
945 2235 1067 2292 civibus
1090 2240 1120 2291 et
1143 2234 1199 2292 toti
1233 2235 1449 2293 communitati

184 2349 288 2401 nostre
312 2341 448 2399 civitatis
472 2341 587 2399 montis
621 2339 785 2398 Grecensis
820 2339 858 2397 de
893 2340 1046 2412 Zagrabia
1069 2340 1203 2398 salutern
1237 2346 1267 2398 et
1300 2341 1448 2412 graciam.

184 2448 313 2508 Summe
337 2447 499 2521 displicuit
521 2447 698 2506 eelsitudini
720 2452 824 2504 nostre
847 2446 931 2520 quod
963 2447 1132 2505 novissime
1148 2453 1277 2519 excepta
1300 2447 1454 2506 relacione

184 2555 392 2630 percepimus,
416 2553 552 2627 qualiter
575 2554 704 2612 suborta
726 2554 806 2612 inter
830 2569 886 2611 vos
917 2559 947 2612 et
981 2552 1165 2611 honorabile
1200 2555 1373 2628 capitulum
1406 2568 1453 2611 ee·

184 2660 277 2720 elesie
300 2660 517 2733 zagrabiensis,
540 2660 648 2733 pocius
672 2660 776 2731 vestri,
807 2674 902 2732 quam
925 2660 1023 2734 ipsius
1043 2660 1172 2733 capituli
1194 2665 1290 2734 parte,
1315 2659 1452 2733 quadam

183 2765 340 2826 discordia
371 2767 431 2823 sub
455 2765 655 2837 dissensione,
691 2781 748 2824 vos
783 2767 1053 2839 presumpcionem
1077 2772 1215 2823 vestram
1245 2771 1348 2825 nostre
1368 2767 1453 2839 regie

184 2872 364 2932 auctoritati
387 2871 520 2946 preferri
537 2873 675 2930 volentes
692 2878 721 2930 et
746 2873 843 2930 eciam
857 2873 1068 2931 existimantes
1084 2887 1139 2930 nos
1156 2889 1193 2930 ex
1210 2878 1297 2945 parte
1314 2873 1453 2930 eiusdem

183 2978 314 3054 capituli
338 2993 432 3052 super
456 2978 529 3049 illis,
553 2994 613 3051 que
637 2983 743 3036 eontra
766 2994 818 3036 eos
842 2979 1007 3049 obieeritis,
1032 2994 1088 3035 vos
1111 2976 1266 3054 justiciam
1295 2980 1449 3038 ministari

183 3099 245 3144 non
269 3099 363 3158 posse
397 3083 520 3141 racione
555 3084 734 3142 huiusmodi
769 3083 932 3154 discordie,
969 3085 1105 3158 propriis
1140 3085 1307 3143 insultibus
1342 3091 1449 3143 contra

184 3192 289 3265 ipsum
313 3190 490 3264 capitulum
512 3190 682 3249 vindictam
705 3196 858 3263 expetere,
875 3190 1020 3264 idemque
1036 3190 1246 3248 diversimode
1263 3190 1449 3248 dissidantes

184 3296 419 3370 multiplicibus
450 3297 606 3355 minarum
640 3297 897 3371 imposicionibus
932 3305 961 3359 et
991 3297 1171 3369 obprobriis
1195 3298 1290 3355 variis
1325 3296 1450 3355 cottidie

187 3395 356 3474 alliceritiS,
378 3403 476 3461 immo
499 3410 529 3461 et
552 3403 636 3477 quod
660 3403 795 3462 deterius
819 3410 864 3461 est
890 3411 919 3460 et
937 3404 1017 3460 circa
1040 3405 1119 3461 hanc
1135 3419 1202 3461 rem
1226 3403 1448 3460 documentum

185 3509 372 3580 erideneius,
397 3507 525 3581 quidam
550 3525 588 3565 ex
619 3509 779 3567 nobilibus
809 3511 896 3581 regni
919 3510 1015 3567 nostri
1047 3508 1217 3580 Selauonie,
1241 3525 1321 3566 nunc
1344 3509 1393 3566 hic
1417 3510 1449 3566 in
1508 3581 1510 3584 Α

184 3616 269 3674 curia
295 3622 399 3673 nostra
422 3616 594 3686 existentes,
615 3616 795 3673 intencionis
810 3621 920 3686 vestre,
938 3624 970 3672 ut
986 3616 1234 3691 presumpmitur
1259 3631 1319 3673 uon
1335 3616 1445 3687 ignari,

181 3736 245 3780 uno
267 3737 305 3779 ex
323 3720 457 3778 dominis
480 3720 518 3777 de
541 3721 624 3778 dicto
648 3720 785 3793 capitulo
819 3722 859 3777 ab
884 3737 937 3778 ore
960 3737 1015 3778 suo
1039 3721 1205 3791 audientes,
1239 3723 1338 3780 minas
1376 3738 1450 3780 exu-

182 3829 289 3887 stionis
312 3832 342 3886 et
364 3828 595 3885 incineracionis
618 3843 687 3885 aree
711 3823 892 3902 capitularis
916 3829 1049 3886 antefate
1072 3830 1199 3886 ecclesie
1226 3845 1261 3886 ac
1284 3829 1447 3885 hominum

184 3935 436 4008 interempeiouis
459 3940 489 3992 et
512 3935 738 3992 vulneracionis
762 3936 965 4010 imponentes,
1000 3951 1128 4008 gravem
1164 3936 1320 3992 ulcionem
1343 3934 1381 3991 de
1405 3936 1449 3991 in-

182 4039 271 4117 juriis
294 4042 326 4099 in
350 4041 464 4113 quibus
486 4043 592 4114 ipsum
615 4042 788 4115 capitulum
811 4043 1062 4113 criminaremini,
1094 4041 1195 4099 eidem
1230 4041 1367 4114 capitulo
1391 4057 1448 4113 per

185 4162 240 4205 vos
263 4146 370 4220 gladio
400 4162 460 4205 non
493 4146 560 4222 jure
595 4148 760 4220 infligendo
796 4150 1029 4222 pronunciasset
1063 4155 1092 4205 et
1115 4147 1276 4204 manifeste
1311 4146 1448 4219 idipsum

182 4268 239 4310 vos
263 4253 346 4310 velle
369 4256 562 4325 asseruisset,
587 4255 669 4327 quod
701 4270 762 4312 non
798 4256 902 4313 solum
936 4257 967 4313 in
986 4260 1090 4312 nostre
1126 4254 1294 4310 maiestatis
1318 4267 1448 4323 gravem

182 4359 426 4434 displicenciarn,
451 4377 561 4418 verum
585 4362 682 4418 eciam
707 4362 902 4433 singulorum
935 4361 1130 4419 audiencium
1162 4358 1342 4415 scandalum
1368 4358 1448 4416 cedit

182 4467 257 4524 satis
286 4465 420 4538 grande;
455 4466 537 4525 unde
573 4469 646 4540 quia
682 4469 859 4543 principum
893 4469 1074 4526 auctoritate
1110 4466 1215 4522 divina
1245 4464 1447 4538 providencia

184 4578 359 4632 ceterorum
383 4572 562 4631 dileccionis
587 4573 689 4632 dedite
713 4576 837 4632 interest
861 4575 1058 4633 subditorum
1094 4588 1235 4629 excessus
1259 4577 1288 4629 et
1323 4575 1447 4629 mutuas

183 4679 367 4739 insolencias
400 4679 556 4737 interdurn
591 4681 694 4753 rigore
717 4679 836 4756 justicie
870 4680 1026 4739 interdum
1059 4694 1133 4736 vero
1165 4678 1293 4735 alterius
1316 4678 1445 4750 generis,

185 4793 278 4860 prout
301 4787 346 4844 rei
381 4786 516 4859 qualitas
550 4787 697 4860 exposcit,
736 4787 866 4846 emenda
899 4788 1078 4855 reformare,
1102 4801 1163 4843 non
1198 4784 1322 4857 expedit
1355 4784 1446 4842 vobis

183 4891 407 4969 quoquomodo
431 4894 705 4968 presumpcionem
729 4900 865 4954 vestram
888 4896 1011 4953 racione
1041 4908 1309 4966 quarumcumque
1339 4906 1445 4964 accep·
