3278 5348
641 416 714 473 Dor.
738 427 785 472 ro.
809 447 853 456 -
876 414 931 472 An.
956 409 1047 493 1406.
1453 434 1470 485 o

210 638 314 690 taxam
353 648 407 690 seu
442 632 616 702 collectam,
647 630 793 689 videlicet
824 629 1028 704 quadraginta
1053 648 1183 695 marcas.
1207 632 1321 705 quibus
1344 631 1375 689 in
1400 630 1477 688 sesto

211 738 466 797 Circumcisionis
489 737 617 810 domini,
639 738 784 811 proxime
806 739 963 811 preterito,
988 740 1183 797 serenissimo
1199 739 1333 813 principi
1350 737 1477 795 domino

211 852 315 903 nostro
331 844 571 917 graciocissimo,
588 843 715 901 domino
729 841 929 916 Sigismundo
944 845 1010 917 regi
1026 845 1184 918 Hungarie
1202 851 1257 903 etc.
1285 844 1477 914 tenebantur,

212 951 300 1009 nobis
323 951 418 1025 plene
442 955 472 1007 et
494 949 613 1023 integre
636 950 853 1023 persolverint.
876 948 977 1024 Super
1000 951 1114 1024 quibus
1138 949 1294 1025 predictos
1316 950 1399 1008 cives
1423 964 1477 1006 seu

213 1055 350 1131 hospites
374 1057 504 1130 quietos,
536 1054 698 1130 expeditos
722 1060 753 1114 et
775 1071 832 1130 per
855 1057 960 1114 omnia
982 1057 1142 1114 absolutos
1166 1056 1313 1114 duximus
1336 1055 1478 1114 commit-

214 1163 326 1222 tendos.
351 1163 474 1221 Harum
497 1168 674 1220 nostrarum
698 1162 873 1221 testimonio
904 1163 1089 1221 litterarum.
1123 1163 1240 1220 Datum
1263 1163 1424 1236 Zagrabye
1446 1162 1477 1218 in

214 1264 287 1328 festo
303 1277 409 1328 sancte
424 1268 593 1328 Trinitatis.
609 1270 699 1327 Anno
715 1268 834 1326 domini
851 1269 1021 1327 millesimo
1039 1268 1344 1342 quadringentesimo
1361 1269 1477 1341 quinto.

316 1404 453 1469 Originale
480 1405 508 1454 iu
535 1405 631 1457 charta.
656 1406 689 1453 In
717 1406 831 1469 margine
858 1406 974 1455 inferiori
1002 1407 1156 1470 impressum
1183 1412 1221 1454 est
1240 1421 1345 1470 parvum
1364 1404 1477 1469 sigillum

207 1495 288 1558 episc.
308 1496 344 1543 Iu
362 1493 460 1545 archiv.
479 1494 540 1546 incl.
560 1494 644 1546 Acad.
664 1494 761 1546 Scient.
782 1494 880 1546 Slavor.
894 1494 1055 1544 meridional.

819 1707 878 1772 10.

317 1830 400 1880 Anno
422 1831 497 1894 1406,
519 1843 557 1884 ιο.
574 1831 694 1895 januarii.
713 1830 808 1880 Budae.

187 1957 416 2033 Segusmunrlus
437 1958 615 2032 Hungarr'ae
637 1966 684 2016 etc.
708 1977 762 2015 rex
776 1958 966 2030 privilcgrbm
987 1958 1075 2014 Belac
1090 1957 1147 2013 IV.
1163 1957 1240 2027 regis
1255 1957 1287 2011 de
1303 1956 1480 2013 libertatibus

393 2064 501 2123 civibus
522 2066 650 2123 civr'tate's
672 2066 776 2123 errantis
806 2065 955 2123 Grecensis
978 2065 1120 2132 correessis,
1144 2064 1301 2137 confirmat.

317 2225 535 2300 Sigismundus
570 2227 620 2286 dei
653 2229 759 2302 gracia
792 2229 960 2302 Hungarie,
994 2228 1164 2297 Dalmacie,
1199 2225 1335 2297 Croacie‚
1372 2226 1477 2295 Rame,

182 2331 328 2403 Seruie,
351 2332 492 2404 Gallicie,
516 2328 710 2405 lodomerie,
735 2334 892 2406 Cumanie,
918 2334 1125 2407 Bulgarieque
1148 2349 1211 2401 rex,
1228 2333 1367 2389 marchio
1384 2331 1478 2388 Bran·

182 2439 459 2512 (lemburgensis,
480 2441 559 2497 sacri
583 2440 703 2498 romani
727 2441 851 2514 imperii
874 2439 1160 2512 archycamararius
1191 2452 1308 2495 necnon
1332 2437 1478 2495 Bohemie

188 2553 237 2605 et
263 2546 543 2618 Lutemburgensis
566 2547 663 2604 heres.
688 2547 840 2605 Omnibus
857 2547 973 2604 Christi
988 2544 1135 2603 fidelibus
1152 2544 1347 2618 presentibus
1364 2544 1479 2617 pariter

188 2659 238 2711 et
263 2650 379 2709 futuris
402 2652 597 2725 presencium
621 2653 766 2710 noticiam
797 2653 949 2709 habituris
981 2651 1114 2708 salutem
1149 2651 1180 2708 in
1215 2665 1259 2719 eo,
1294 2665 1350 2723 per
1384 2664 1478 2721 quem

191 2772 300 2831 reges
322 2762 453 2829 regnant
476 2764 506 2815 et
529 2758 686 2831 principes
709 2757 914 2815 dominantur.
937 2756 1133 2814 liavorabilis
1163 2756 1277 2830 peticio
1300 2755 1478 2829 supplican-

193 2865 296 2921 cium
320 2862 431 2920 effectu
455 2861 549 2921 debet
571 2864 769 2935 consequenti
791 2864 952 2936 compleri.
978 2872 1009 2920 ut
1035 2863 1111 2920 dum
1134 2878 1178 2934 ea,
1203 2878 1262 2934 que
1278 2862 1357 2920 iuste
1373 2867 1478 2934 postu·

199 2969 277 3027 lant
300 2978 528 3043 promerentur,
552 2968 590 3026 ad
622 2969 782 3027 fidelitatis
813 2969 964 3043 obsequia
998 2969 1098 3041 magis
1133 2984 1242 3025 eorum
1273 2967 1402 3024 devocio
1426 2982 1479 3024 au·

200 3083 328 3151 geatur.
353 3076 485 3135 Proinde
508 3077 548 3135 ad
573 3078 791 3135 universorum
815 3076 961 3134 noticiam
984 3077 1098 3134 harum
1121 3075 1199 3133 serie
1231 3074 1377 3132 volumus
1409 3090 1478 3148 per·

205 3183 334 3241 venire:
356 3182 440 3255 quod
460 3182 570 3241 fideles
593 3184 690 3241 nostri
710 3183 771 3241 viri
794 3181 919 3256 providi
951 3182 1068 3252 Petrus,
1101 3181 1200 3239 dictus
1231 3179 1361 3254 Saphar,
1393 3179 1478 3237 filius

209 3288 305 3361 Petri,
327 3287 431 3365 judex,
455 3304 574 3347 necnon
597 3289 704 3347 Choon
727 3304 762 3346 ac
784 3290 940 3372 Johannes
963 3289 1050 3345 filius
1073 3288 1193 3359 Bozow,
1229 3287 1312 3345 cives
1347 3286 1479 3344 civitatis

213 3400 318 3454 nostre
334 3395 448 3453 montis
464 3394 626 3453 Grecensis
642 3395 680 3452 de
696 3395 857 3467 Zagrabia,
873 3396 937 3452 suis
960 3401 990 3451 et
1006 3394 1223 3451 universorum
1248 3393 1424 3450 concivium
1447 3398 1477 3450 et

214 3503 411 3576 cohospitum
434 3502 584 3576 ipsorum,
609 3502 853 3560 inhabitatorum
876 3506 987 3575 utputa
1009 3493 1106 3574 ipsius
1130 3501 1271 3570 civitatis,
1294 3499 1472 3557 nominibus

215 3613 244 3665 et
279 3610 311 3666 in
349 3609 499 3682 personis.
522 3607 562 3666 ad
597 3613 700 3666 nostre
737 3609 887 3666 claritatis
925 3607 1104 3665 accedentes
1143 3611 1363 3680 conspectum,
1395 3605 1479 3661 exhi·

215 3713 348 3773 buerunt
372 3715 463 3773 nobis
485 3720 516 3772 et
538 3720 793 3787 presentaverunt
817 3713 975 3786 quoddam
998 3714 1200 3787 privilegium
1223 3711 1476 3770 excellentissimi

215 3821 372 3894 principis,
402 3821 490 3892 olym
525 3819 643 3878 domini
675 3819 785 3878 Karoli
818 3821 900 3893 regis
935 3821 1102 3892 llungarie,
1126 3819 1352 3893 predecessoris
1382 3818 1480 3875 nostri

217 3927 376 3998 carissimi,
410 3925 566 3985 laudande
597 3927 842 3998 reminiscensie,
877 3929 1026 4000 postremi
1061 3928 1106 3984 sui
1142 3926 1299 4001 dupplicis
1334 3924 1478 3983 autentici

215 4032 310 4105 sigilli
343 4033 534 4106 appensione
568 4034 743 4105 munitum,
787 4040 926 4092 tenorem
970 4034 1097 4092 alterius
1140 4032 1298 4105 privilegii
1341 4030 1479 4089 eiusdem

215 4137 332 4198 domini
367 4138 477 4197 Karoli
510 4141 601 4212 regis,
636 4141 734 4197 veteri
768 4155 825 4198 suo
859 4141 964 4213 sigillo
999 4140 1152 4197 autentico
1186 4138 1372 4211 consignati,
1408 4153 1478 4194 con·

213 4244 365 4304 firmantis
405 4246 606 4320 privilegium
641 4246 760 4305 domini
794 4247 886 4318 Bele,
923 4248 1011 4319 olym
1041 4246 1186 4304 similiter
1223 4246 1353 4303 illustris
1395 4245 1478 4316 regis

214 4352 381 4426 Hungarie,
406 4354 516 4426 proavi
536 4353 634 4427 ipsius
657 4353 775 4411 domini
799 4354 908 4411 Karoli
931 4359 962 4410 et
983 4353 1080 4410 nostri
1115 4351 1351 4426 predecessoris,
1387 4352 1476 4407 beate

213 4458 450 4529 recordacionis,
466 4459 626 4517 libertates
641 4459 822 4517 eorumdem
839 4460 963 4530 civium,
980 4459 1139 4533 hospitum
1163 4458 1295 4516 civitatis
1319 4456 1358 4514 de
1374 4465 1479 4513 monte

213 4565 362 4625 Grecensi
384 4564 466 4624 infra
488 4564 692 4623 declarandas
715 4569 745 4623 et
766 4566 970 4624 collacionem
995 4570 1075 4623 terre
1098 4566 1180 4624 circa
1214 4571 1352 4622 montem
1377 4561 1479 4619 Grech

214 4673 246 4731 in
268 4670 379 4730 eodem
411 4672 579 4746 privilegio
614 4671 778 4743 declarate,
801 4688 857 4746 per
892 4671 1025 4730 eundem
1056 4672 1216 4730 dominum
1242 4670 1349 4727 Belam
1371 4681 1478 4754 regem

212 4778 291 4854 ipsis
313 4778 435 4836 civibus
457 4784 488 4836 et
511 4778 687 4853 hospitibus
709 4792 768 4852 pro
791 4778 1016 4836 sustentacione
1039 4776 1208 4836 eorundem
1234 4776 1346 4832 iactam
1362 4779 1392 4831 et
1407 4786 1478 4829 con-

212 4898 315 4945 oessas
338 4884 369 4943 in
391 4900 425 4943 se
447 4884 579 4962 limpide
601 4883 780 4958 exprimens
814 4883 1029 4944 confirmative
1064 4883 1221 4944 continens
1257 4880 1370 4941 tenoris
1405 4878 1477 4940 sub·
