3278 5348
307 929 388 976 Anno
411 929 484 992 1487,
505 941 528 993 5.
548 929 699 980 decembris.
720 931 816 981 Budae.

199 1054 228 1110 A
250 1056 327 1127 regis
342 1055 456 1129 judicio
478 1073 576 1124 causa,
601 1075 676 1132 quac
697 1057 732 1114 de
753 1057 926 1137 Petrooina,
937 1035 1125 1134 Sitjakouina
1148 1068 1177 1118 et
1198 1061 1313 1126 Hraslc'c
1331 1064 1466 1136 possessi-

200 1159 301 1217 onibus
321 1162 397 1218 inter
412 1163 636 1220 communitatem
653 1163 779 1221 ciuitatis
794 1165 896 1222 montis
917 1164 1068 1223 Grecensis
1089 1172 1118 1224 ct
1137 1167 1306 1241 lieningum
1326 1167 1360 1225 dc
1375 1167 1471 1235 Suscd

413 1269 522 1341 agitur,
547 1269 745 1327 communitati
764 1271 889 1328 civitatis
911 1271 1025 1331 Hraite
1048 1271 1243 1346 adjudicatur.

301 1410 419 1467 Amicis
452 1411 516 1468 suis
547 1411 734 1484 reverendis,
766 1414 905 1486 capitulo
928 1415 1056 1472 ecclesie
1078 1415 1295 1488 zagrabiensis,
1320 1416 1466 1477 Vrbanus

194 1516 312 1573 electus
341 1522 372 1574 et
406 1517 607 1575 confirmatus
639 1519 767 1576 ecclesie
801 1519 958 1592 agriensis,
994 1520 1203 1579 thezaurarius
1240 1522 1343 1595 regius
1375 1538 1412 1581 ac
1434 1524 1466 1583 in

193 1623 295 1681 causis
318 1623 348 1681 in
372 1624 531 1698 presencia
554 1624 717 1697 palatinali
742 1626 935 1683 vertentibus
952 1641 1008 1698 per
1031 1627 1263 1684 serenisslrnum
1288 1629 1463 1703 principem

193 1726 357 1786 dominum
374 1729 534 1800 Mathiam,
551 1728 600 1787 dei
617 1732 721 1801 gracia
735 1746 838 1803 regern
857 1730 1027 1809 Hungarie,
1045 1730 1192 1790 Bohemie
1213 1739 1268 1791 etc.
1292 1733 1465 1808 ducemque

193 1835 326 1906 austrie,
350 1834 512 1914 dominum
528 1841 669 1893 nostrum
685 1837 958 1909 graciosissimum‚
974 1836 1070 1913 judex
1092 1837 1267 1913 deputatus,
1291 1841 1464 1900 amiciciam

193 1946 335 2014 paratam
368 1957 438 1999 curn
461 1943 585 2001 honore.
620 1941 784 2014 Noveritis,
808 1944 891 2016 quod
917 1946 948 2003 in
972 1946 1213 2019 congregacione
1235 1948 1374 2019 generali
1398 1962 1463 2006 ma·

191 2045 380 2119 gnificorum
402 2047 604 2107 dominorum
629 2049 761 2107 condam
786 2051 945 2109 Michaelis
970 2052 1087 2125 Orszag
1110 2051 1149 2110 de
1173 2051 1277 2122 Gvrth,
1293 2054 1371 2111 alias
1386 2053 1461 2113 dicti

191 2153 281 2226 regni
304 2153 464 2227 Hungarie
486 2155 617 2228 palatini
641 2162 670 2213 et
692 2153 804 2231 judicis
821 2155 1032 2216 Cumanorum
1055 2173 1092 2215 ac
1114 2158 1236 2216 comitis
1249 2157 1398 2233 Stephani
1420 2159 1461 2217 de

192 2258 315 2331 Bathor,
330 2259 442 2337 judicis
458 2263 541 2319 curie
554 2263 646 2334 regie,
671 2263 866 2321 universitati
887 2264 1042 2322 nobilium
1066 2265 1231 2322 comitatus
1254 2265 1462 2338 zagrableasls

193 2365 270 2425 feria
302 2368 396 2425 tercia
429 2370 573 2442 proxima
605 2373 675 2428 ante
707 2368 821 2428 testum
845 2370 1076 2429 Purificacionis
1100 2371 1190 2428 beate
1213 2371 1309 2431 Maria
1333 2372 1463 2445 virginis

191 2473 222 2531 in
246 2487 326 2531 anno
358 2473 477 2533 domini
500 2475 669 2533 millesimo
694 2475 999 2549 quadringentesimo
1023 2478 1233 2550 octuagesimo
1258 2478 1370 2551 primo,
1394 2494 1464 2552 pre·

193 2581 329 2652 teritum,
343 2579 382 2639 de
404 2581 534 2654 speciali
557 2583 776 2640 commissione
799 2590 829 2640 et
854 2583 1000 2641 mandato
1024 2582 1098 2642 dicti
1120 2583 1242 2641 domini
1264 2585 1363 2642 nostri
1380 2588 1461 2657 regis

190 2700 291 2761 prope
319 2688 477 2745 civitatem
500 2689 733 2761 zagrabiensem
761 2674 831 2763 per*
848 2688 973 2747 eosdem
1004 2689 1136 2747 condam
1161 2688 1322 2747 dominum
1347 2690 1461 2748 Micha-

190 2794 273 2851 elem
297 2795 469 2869 palatinum
493 2810 529 2852 ac
552 2795 698 2853 comitem
723 2794 915 2870 Stephanum
940 2795 978 2854 de
1002 2795 1116 2853 Bathor
1138 2796 1305 2867 celebrata,
1328 2795 1460 2853 condam

192 2900 341 2972 magister
371 2900 526 2982 Johannes
560 2901 704 2973 Possgay,
737 2902 873 2959 director
896 2916 1059 2960 causarum
1082 2901 1196 2976 prefati
1219 2902 1338 2961 domini
1362 2901 1461 2960 nostri

189 3006 280 3078 regis,
302 3006 333 3063 in
358 3021 489 3080 persona
514 3007 652 3066 eiusdem
676 3008 714 3066 de
737 3008 843 3066 medio
860 3009 995 3066 aliorum
1012 3023 1173 3080 exurgens,
1198 3013 1402 3082 proposuerat
1422 3020 1458 3064 eo

190 3112 300 3170 modo:
336 3113 493 3185 quomodo
530 3115 736 3187 possessiones
772 3115 964 3186 Petrowyna,
1000 3113 1208 3186 Sylalrowyna
1239 3119 1268 3171 et
1300 3113 1457 3185 Hraathya

190 3226 307 3289 vocate,
327 3219 360 3277 in
383 3221 532 3278 comitatu
554 3222 746 3293 zagrabiensi
763 3222 927 3279 existentes
950 3227 980 3276 et
995 3220 1111 3290 habite,
1131 3219 1170 3275 ad
1194 3219 1352 3278 civitatem
1369 3234 1456 3277 suam

189 3327 329 3400 regalem
352 3328 466 3385 montis
483 3326 645 3385 Grecensis
662 3328 858 3402 pertinerent,
872 3342 949 3399 quas
972 3327 1114 3398 egregius
1132 3324 1287 3407 Johannes
1304 3325 1457 3397 Henyngh

188 3430 228 3490 de
242 3430 465 3490 Zomzudwara
481 3440 598 3492 teneret
618 3442 648 3491 et
664 3440 860 3492 conservaret
877 3434 1017 3507 potencia
1035 3432 1197 3502 mediante,
1213 3430 1457 3505 earumdemque

189 3537 378 3598 detencionis
400 3544 431 3597 et
452 3541 699 3599 consecracionis
722 3541 877 3599 racionem
901 3540 979 3598 scire
1003 3539 1099 3596 vellet
1121 3539 1161 3595 ab
1185 3537 1296 3595 eodem
1319 3536 1388 3613 jure
1402 3536 1456 3595 ad·

188 3647 336 3705 mittente.
358 3645 427 3719 Quo
443 3646 559 3718 audito,
574 3647 728 3730 Johannes
752 3647 790 3705 de
806 3648 981 3716 Orehowcz,
1000 3661 1058 3719 pro
1081 3644 1202 3719 pretato
1217 3644 1357 3726 Johanne
1374 3644 1455 3701 Hen-

187 3754 293 3827 nyngh
324 3754 356 3812 in
378 3769 503 3811 causam
528 3759 666 3823 attracto,
699 3770 770 3810 curn
794 3753 1017 3827 procuratoriis
1042 3753 1151 3809 litteris
1174 3751 1304 3824 capituli
1325 3750 1455 3808 ecclesie

186 3861 395 3934 zagrabiensis
419 3861 451 3918 in
466 3860 647 3918 eorumdem
666 3874 818 3932 exurgens
835 3860 1036 3932 presenciam,
1054 3856 1255 3931 responderat
1271 3856 1327 3914 tali
1343 3855 1453 3915 modo:

187 3967 273 4042 quod
307 3967 480 4041 prescripte
516 3967 725 4040 possessiones
762 3967 952 4038 Petrowyna,
986 3965 1195 4036 Sylakowyna
1231 3970 1261 4020 et
1298 3962 1454 4034 Hrazthya

185 4081 304 4145 vocate,
326 4074 388 4148 ipsi
412 4074 442 4131 in
467 4088 591 4131 causam
615 4080 746 4130 attracto
762 4074 870 4144 vigore
894 4072 1067 4129 efficacium
1084 4072 1257 4129 litterarum
1282 4075 1312 4126 et
1335 4068 1445 4126 littera·

186 4180 264 4240 lium
292 4181 568 4238 instrumentorum
605 4180 801 4253 pertinerent,
838 4194 914 4251 quas
949 4186 978 4236 et
1002 4194 1062 4251 que
1092 4192 1152 4235 non
1176 4176 1215 4233 ad
1239 4184 1320 4246 tunc,
1342 4173 1395 4232 sed
1420 4174 1452 4232 in

185 4287 319 4346 termino
350 4286 491 4344 ulteriori
516 4301 571 4357 per
606 4285 743 4359 prefatos
775 4285 918 4344 dominos
953 4285 1085 4342 condam
1119 4282 1301 4340 Michaelem
1324 4281 1450 4353 Orszag,

184 4393 262 4452 alias
294 4393 465 4468 palatinum
497 4400 526 4450 et
557 4392 704 4450 comitem
737 4392 927 4466 Stephanum
959 4392 1018 4449 sihi
1048 4390 1149 4448 dando
1174 4404 1246 4446 cum
1267 4387 1449 4460 gravamine
1534 4391 1537 4397 ’

185 4505 340 4570 consvet0‚
364 4513 470 4557 coram
486 4498 569 4556 dicto
593 4499 720 4556 domino
741 4498 872 4557 condam
894 4499 1044 4555 Michaele
1066 4496 1204 4570 palatino
1228 4492 1401 4566 producere
1418 4498 1449 4550 et
1510 4516 1513 4521 ·

184 4606 331 4665 exhibere
354 4612 520 4680 promptus
547 4597 654 4664 fuisset
684 4611 714 4662 et
743 4613 883 4678 paratus;
907 4619 965 4677 pro
995 4618 1032 4660 eo
1054 4601 1150 4660 iidem
1173 4599 1292 4657 domini
1314 4597 1448 4656 Michael

184 4712 341 4788 palatinus
353 4718 383 4770 et
395 4728 498 4770 comes
511 4712 685 4786 Stephanus
701 4711 871 4786 judicantes
888 4711 1105 4768 commiserant
1129 4721 1166 4764 eo
1189 4704 1291 4774 modo,
1316 4712 1348 4761 ut
1364 4713 1447 4762 ante·

180 4820 265 4879 latus
286 4819 441 4902 Johannes
464 4819 647 4891 Hennyngh,
670 4819 701 4875 in
717 4833 840 4875 causam
857 4823 1003 4874 attractus
1029 4816 1187 4872 universas
1210 4815 1328 4871 litteras
1351 4815 1380 4867 et
1398 4810 1448 4866 lit·

1306 4914 1347 4976 ιθ
