3278 5348
550 357 626 420 Dec·
643 367 719 432 334
736 364 811 429 335·
833 384 877 397 -
899 352 957 411 An·
980 346 1073 428 1483·

179 578 299 638 bibenti
322 575 478 635 restitutis.
502 574 618 631 Datum
643 570 726 629 Bude
749 569 827 629 feria
852 574 939 628 sexta
955 568 1100 643 proxima
1117 574 1190 641 post
1205 566 1322 625 festum
1340 570 1448 624 Ascen-

180 685 275 742 sionis
298 682 427 740 domini.
451 683 541 738 Anno
564 678 703 737 eiusdem
732 677 902 734 millesimo
926 674 1235 748 quadringentesimo
1260 674 1447 746 octogesimo

181 790 285 849 tercio.
309 789 488 860 Regnorum
512 794 689 844 nostrorum
712 781 873 855 Hungarie
896 787 951 839 etc.
975 795 1056 838 anno
1078 780 1231 838 vicesimo
1263 787 1363 850 sexto,
1399 778 1449 836 Be

181 895 284 954 hemie
307 907 382 951 vero
407 890 645 965 quintadecima.

288 1028 422 1092 Originale
448 1029 476 1076 in
494 1026 649 1077 membrana.
677 1027 709 1073 In
737 1025 853 1075 interiori
878 1024 992 1088 margine
1019 1024 1173 1088 impressum
1200 1028 1241 1070 est
1270 1020 1395 1085 sigillum
1423 1022 1452 1069 ln

186 1118 301 1169 archivio
313 1117 360 1169 lib.
380 1132 432 1180 reg.
452 1116 521 1167 civit,
541 1115 641 1177 zagrab.

779 1342 869 1408 334.

292 1504 372 1553 Anno
395 1504 470 1566 1483,
494 1515 533 1553 11.
550 1502 633 1566 Junii.
654 1501 802 1565 Zagrabiae.

252 1630 399 1688 Statutum
422 1630 547 1702 capituli
566 1628 601 1685 de
615 1629 689 1703 foro
711 1628 742 1684 in
765 1644 838 1684 area
860 1627 1019 1700 capitulari
1038 1643 1125 1684 curae
1148 1626 1272 1700 capituli
1291 1625 1393 1684 bled

720 1732 921 1793 committemlo.

294 1882 383 1937 Anno
406 1879 526 1937 domini
550 1876 845 1935 MCCCCLXXXIII
867 1875 943 1934 feria
960 1876 1054 1935 tercia
1070 1876 1102 1934 in
1119 1874 1198 1934 festo
1215 1875 1299 1935 beati
1318 1876 1454 1935 Barnabe

188 1987 334 2060 apostoli,
358 1985 539 2043 conclusum
562 1990 607 2042 est
630 1983 851 2057 capitulariter,
876 1982 958 2055 quod
986 1982 1024 2040 de
1040 1989 1141 2040 cetero
1159 1997 1276 2056 spanus
1293 1999 1347 2042 seu
1362 1982 1454 2059 judex

188 2101 292 2150 noster
315 2092 428 2149 habeat
459 2090 625 2163 diligenter
654 2088 821 2164 providere
848 2090 930 2147 circa
959 2087 1062 2147 iorum
1085 2094 1227 2146 nostrum
1251 2089 1304 2147 hic
1326 2091 1357 2148 in
1381 2104 1453 2147 area

188 2204 294 2256 nostra
318 2197 386 2254 fieri
410 2197 546 2267 solitum,
570 2197 612 2253 ita
635 2195 790 2267 videlicet,
814 2195 898 2268 quod
922 2196 989 2269 ipse
1011 2210 1070 2268 pro
1103 2209 1194 2268 posse
1224 2209 1282 2252 suo
1312 2195 1455 2254 defendat

189 2319 297 2362 omnes
325 2301 491 2360 uendentes
515 2307 544 2359 et
568 2307 704 2360 ementes
727 2302 758 2359 in
783 2301 902 2373 eodem,
926 2306 956 2359 et
978 2302 1004 2359 si
1026 2301 1149 2374 aliquis,
1167 2302 1331 2375 presertim
1357 2318 1396 2360 ex
1412 2301 1454 2360 fa·

192 2410 280 2467 milia
304 2414 444 2466 nostrum
470 2407 608 2479 alieuius,
630 2408 724 2466 alicui
749 2407 893 2465 vendenti
915 2407 967 2464 vel
983 2407 1096 2464 ementi
1111 2406 1295 2464 violentiam
1311 2409 1454 2480 intulerit,

190 2516 304 2574 habeat
336 2514 367 2573 id
401 2530 516 2588 spanus
551 2530 604 2571 seu
634 2512 728 2590 judex
758 2521 862 2572 noster
885 2513 988 2587 ipsum
1013 2511 1168 2570 detinendi
1192 2519 1222 2570 et
1245 2513 1453 2572 incarcerandi

193 2623 320 2696 plenam
344 2620 526 2678 facultatem
549 2625 579 2678 et
603 2621 711 2693 puniat
734 2636 806 2677 eum
829 2621 915 2678 iuxta
945 2619 1110 2676 arbitrium
1142 2619 1282 2692 capituli.
1316 2619 1408 2694 Quod
1428 2620 1453 2678 si

191 2727 335 2786 dominus
358 2728 401 2784 sic
425 2726 540 2784 detenti
563 2741 696 2801 spanum
719 2734 773 2783 aut
796 2724 931 2801 judicem
951 2730 1093 2782 nostrum
1117 2725 1299 2784 molestaret
1323 2734 1376 2784 aut
1399 2727 1452 2784 im·

191 2834 318 2909 pediret,
343 2839 455 2891 extunc
478 2834 517 2892 sit
541 2834 683 2908 privatus
705 2837 812 2891 nostro
842 2832 1001 2890 consorcio
1032 2831 1072 2889 ad
1103 2832 1270 2890 arbitrium
1304 2838 1451 2890 nostrum.

192 2940 224 2999 Si
248 2956 322 2997 uero
346 2955 461 3014 spanus
485 2945 539 2996 aut
560 2937 655 3014 judex
678 2939 709 2996 in
734 2939 893 3012 premissis
917 2937 1010 2996 fuerit
1033 2938 1193 3011 negligens
1225 2945 1278 2995 aut
1309 2939 1451 2996 remissus

192 3045 321 3103 eandem
345 3061 458 3119 penam
481 3045 630 3118 paciatur.

305 3197 383 3246 Liber
409 3197 504 3246 rubeus
531 3213 587 3248 ven.
616 3197 723 3262 capituli
750 3199 811 3250 eccl.
847 3198 949 3263 zagrab.
967 3199 999 3246 In
1027 3197 1122 3248 archiv.
1150 3195 1213 3246 incl.
1242 3197 1327 3247 Acad.
1359 3197 1451 3247 Seieut.

193 3287 262 3339 Slav.
282 3287 371 3339 merid.

776 3517 865 3584 335.

298 3697 378 3744 Anno
401 3696 474 3757 1483,
498 3707 536 3757 17.
557 3694 716 3759 septembris.
738 3694 877 3756 Zagrabiae

191 3824 328 3882 Mallias
349 3822 442 3881 Gcrcb
464 3823 564 3891 battus,
588 3823 675 3879 Petro
698 3821 813 3895 Belkaj
832 3839 866 3877 ac
888 3820 1048 3878 Ladislavo
1071 3818 1179 3896 Μή,
1202 3819 1386 3893 amariusque
1406 3835 1451 3874 na

192 3930 294 3988 bilibus
310 3931 463 4003 praecinit,
487 3948 522 3986 ne
544 3931 574 3986 in
583 3926 807 4002 possessionibus
829 3928 890 3983 suis
905 3945 924 3982 a
940 3926 1048 3985 civibus
1063 3924 1301 4001 aagrabiensibus
1316 3925 1448 3983 tributum

674 4042 731 4106 pro
752 4051 841 4090 merce
859 4041 969 4106 petant.

298 4180 429 4237 Mathias
463 4178 566 4236 Gereb
601 4179 639 4235 de
675 4179 835 4250 Vingarth,
871 4193 1039 4251 regnorum
1075 4178 1245 4248 Dalmacie‚
1277 4175 1405 4235 Croacie
1426 4179 1454 4233 et

192 4285 355 4343 Sclauonie
378 4286 483 4341 banus.
508 4285 646 4357 Egregiis
671 4285 761 4342 Petro
785 4285 930 4356 Bochkay
953 4300 989 4342 ac
1012 4283 1158 4342 Ladislao
1173 4283 1279 4356 Rohiy
1295 4282 1335 4341 de
1351 4282 1454 4351 Dethe,

191 4392 349 4449 vicebanis
371 4391 484 4448 nostris
508 4389 582 4447 dicti
605 4391 693 4463 regni
716 4390 879 4448 Sciauonie
903 4407 938 4448 ac
962 4391 1115 4448 universis
1147 4395 1177 4448 et
1207 4389 1339 4463 singulis
1369 4386 1454 4447 nobi·

191 4498 275 4555 libus
298 4504 327 4555 et
350 4496 477 4554 alterius
500 4496 635 4554 cuiusvis
657 4502 754 4554 status
778 4505 808 4555 et
824 4496 1012 4555 condicionis
1028 4495 1263 4570 possessionatis
1278 4495 1455 4554 hominibus

191 4604 295 4661 ubivis
330 4619 387 4678 per
420 4620 515 4677 regna
549 4604 715 4676 Hungarie,
749 4605 918 4677 Dalmacie‚
950 4604 1078 4663 Croacie
1101 4611 1130 4662 et
1154 4602 1319 4662 Sclauonie
1342 4603 1456 4662 tributa

191 4710 385 4780 habentibus,
409 4724 526 4767 necnon
550 4718 580 4767 et
603 4711 805 4783 exigentibus,
830 4719 987 4785 presentes
1011 4712 1133 4782 visuris,
1157 4710 1292 4768 salutem
1315 4724 1389 4767 cum
1411 4706 1454 4767 di·

190 4814 334 4880 leccione.
367 4815 548 4875 constitutis
577 4816 668 4873 nobis
697 4817 729 4874 in
753 4816 877 4875 civitate
899 4818 1014 4875 montis
1038 4816 1210 4888 Grecensis,
1232 4813 1403 4891 prudentes
1425 4818 1454 4872 et
