3278 5348
501 440 641 499 Addenrla
650 454 683 517 3.
710 475 750 484 -
774 443 830 500 An.
854 439 944 521 1467.
1291 466 1352 522 527

95 541 176 548 ---
184 542 548 551 ——-.--—..-...---.-——-
922 549 1010 555 ——-
1022 551 1076 557 .---
1083 551 1097 555 -·
1107 553 1135 557 .-
1146 552 1149 556 ·
1166 553 1224 559 ..--.

91 654 184 711 sentis
214 655 323 727 scripti
362 656 459 714 nostri
500 658 672 731 patrocinio
710 658 878 731 mediante,
903 661 999 718 salvis
1017 659 1138 736 juribus
1171 664 1287 725 alienis
1319 667 1355 728 ln

91 761 177 817 cuius
207 760 253 819 rei
275 763 469 832 memoriam,
493 762 737 837 firmitatemque
760 772 951 839 perpetuam,
976 773 1132 841 presentes
1148 772 1355 831 concessimus

91 864 210 924 litteras
232 872 354 925 nostras
367 867 580 942 privilegiales
602 869 763 944 pendentis
779 872 925 930 autentici
947 874 1075 931 maioris
1098 876 1172 934 novi
1194 876 1353 951 dupplicis

91 970 189 1044 sigilli
211 973 320 1045 nostri,
343 989 405 1048 quo
429 980 464 1031 ut
486 991 541 1033 rex
565 976 743 1049 Hungariae
765 978 891 1048 utimur,
908 979 1079 1038 munimine
1102 982 1271 1041 roboratas.
1294 983 1356 1041 Da·

91 1084 156 1136 tam
187 1095 244 1153 per
269 1095 381 1139 manus
413 1083 600 1141 venerabilis
631 1082 751 1142 domini
780 1084 896 1142 Mathie
920 1085 958 1142 de
981 1084 1181 1158 Gathaloucz,
1205 1090 1355 1163 prepositi

90 1184 219 1243 ecclesie
251 1186 590 1260 quinqueecclesiensis,
624 1189 696 1247 aule
728 1197 832 1248 nostre
863 1193 1002 1265 sumpmi
1034 1193 1220 1265 cancellarii,
1251 1193 1355 1253 fidelis

94 1293 192 1350 nostri
210 1291 323 1352 dilecti.
340 1297 431 1353 Anno
447 1294 564 1353 domini
582 1296 751 1355 millesimo
766 1297 1072 1370 quadringentesimo
1087 1300 1244 1358 tricesimo
1255 1307 1353 1373 sexto,

94 1397 202 1471 quinto
231 1398 336 1458 Nonas
359 1402 473 1459 mensis
495 1401 581 1485 Julii
606 1402 785 1474 Regnorum
808 1410 988 1461 nostrorum
1011 1419 1091 1463 anno
1114 1405 1273 1479 Hungarie
1296 1414 1351 1465 etc.

89 1504 355 1579 quinquagesimo,
386 1507 600 1566 Romanorum
631 1509 783 1582 vigesimo
815 1518 912 1583 sexto,
937 1511 1083 1570 Bohemie
1105 1511 1271 1585 sedecimo,
1294 1515 1352 1571 im·

88 1610 169 1684 perii
191 1626 267 1670 vero
290 1619 412 1687 quarto.

193 1731 328 1796 Originale
352 1732 380 1781 in
403 1732 558 1786 membrana.
584 1733 611 1782 Α
637 1745 702 1784 zona
719 1736 815 1784 sericea
833 1735 909 1784 rubra
926 1742 952 1784 et
971 1734 1030 1784 alba
1058 1735 1152 1800 pendet
1172 1737 1294 1800 sigillum.
1315 1739 1347 1787 In

87 1819 184 1872 archiv.
202 1836 259 1869 ven.
279 1819 364 1886 Capit.
383 1821 484 1885 zagrub.
504 1822 566 1874 Act.
585 1823 662 1888 capit.
681 1830 733 1872 aut.
752 1825 815 1874 fase.
836 1836 858 1874 2,
879 1839 916 1875 nr.
938 1837 979 1886 33.

701 2001 733 2067 3.

192 2125 273 2174 Anno
295 2123 369 2189 1467,
388 2135 430 2190 25.
449 2125 518 2174 maii.
539 2125 687 2189 Zagrubiae.

90 2233 212 2303 Thomu,
236 2234 354 2307 capitale
376 2234 541 2307 tributario,
564 2253 585 2293 a
609 2236 807 2292 communitate
829 2235 956 2293 civitatis
977 2253 992 2291 e
1013 2235 1136 2292 vinculis
1150 2235 1258 2305 emisso,
1273 2236 1351 2313 capi·

85 2342 177 2397 tulum
199 2340 318 2414 zagrab.
342 2355 404 2397 cum
424 2340 623 2398 communitate
637 2341 761 2398 civitatis
783 2341 886 2397 montis
909 2339 1060 2398 Grecensis
1077 2347 1177 2413 pacem
1198 2342 1350 2397 constituit.

193 2484 257 2543 Nos
288 2486 462 2560 capitulum
482 2480 624 2565 (ecclesie
656 2479 885 2563 zagrabilensis.
916 2485 1065 2545 Memorie
1097 2484 1352 2543 commendamus
1386 2544 1390 2551 ,

85 2607 143 2666 per
162 2599 328 2666 presentes,
352 2592 435 2667 quod
467 2594 538 2651 licet
569 2593 786 2666 circumspecti
819 2598 849 2650 et
875 2592 1000 2667 providi
1024 2589 1125 2662 judex,
1147 2587 1249 2665 jurati,
1273 2596 1352 2649 cete-

84 2697 174 2770 rique
197 2691 292 2776 (cives
316 2704 345 2756 et
368 2700 506 2773 hospites
529 2692 677 2773 civitatis)
701 2699 816 2757 montis
831 2697 993 2756 Grecensis
1011 2697 1049 2755 de
1065 2697 1150 2756 iuxta
1166 2696 1350 2769 Zagrabiam

84 2801 124 2860 ad
148 2803 308 2876 querelam
333 2805 472 2863 Mihowil
496 2804 535 2864 de
557 2804 725 2876 Modrusio,
749 2805 902 2862 Thomam
925 2804 1107 2874 litteratum,
1137 2802 1297 2861 hominem
1319 2808 1349 2860 et

85 2908 285 2968 tributarium
308 2917 459 2982 nostrum,
483 2916 613 2986 propter
637 2917 738 2970 certos
755 2925 828 2968 suos
851 2925 994 2968 excessus
1014 2909 1211 2967 detinuerunt
1233 2912 1263 2966 et
1286 2907 1352 2966 diu·

84 3014 151 3073 cius
175 3016 207 3074 in
230 3031 339 3075 eorum
362 3017 496 3076 vinculis
520 3022 741 3087 servaverunt;
765 3024 869 3075 tamen
892 3016 966 3089 quia
989 3015 1062 3073 dicti
1087 3015 1171 3073 cives
1200 3012 1240 3071 ad
1272 3012 1350 3086 peti·

84 3120 205 3179 cionem
235 3128 373 3180 nostram
403 3122 536 3181 eundem
566 3123 814 3192 extramiserunt,
846 3121 915 3179 ideo
947 3121 1149 3195 promisimus
1173 3125 1203 3176 et
1226 3134 1350 3193 presen-

84 3225 169 3284 tibus
192 3229 416 3300 promittimus,
439 3228 523 3302 quod
547 3244 618 3286 eum
642 3228 759 3286 eisdem
783 3228 905 3285 civibus
929 3228 1052 3284 racione
1077 3227 1183 3299 previa
1207 3239 1270 3283 non
1285 3225 1347 3283 liti·

83 3332 228 3404 gabimus
262 3350 318 3392 nec
354 3335 425 3392 lites
459 3335 666 3403 movebimus,
697 3335 801 3408 ipsum
832 3334 931 3392 eciam
962 3333 1117 3391 Thomam
1147 3330 1186 3388 ad
1212 3330 1349 3388 dandum

83 3437 201 3496 eisdem
238 3440 359 3498 litteras
391 3441 601 3514 expeditorias
633 3455 691 3514 pro
721 3440 899 3498 detencione
931 3441 1082 3512 premissa
1113 3437 1289 3495 tenebimur
1319 3443 1349 3495 et

85 3541 235 3603 faciemus
252 3546 283 3604 in
298 3560 344 3618 eo,
361 3553 395 3604 ut
410 3562 509 3621 neque
526 3548 592 3621 ipse
608 3547 744 3620 litigabit
766 3562 838 3604 cum
862 3546 945 3619 ipsis,
968 3551 998 3602 et
1022 3560 1076 3602 nec
1099 3545 1143 3601 eis
1165 3543 1215 3600 vel
1239 3558 1348 3601 eorum

83 3650 174 3708 alteri
198 3666 254 3724 per
276 3667 309 3709 se
332 3658 384 3711 aut
407 3651 509 3711 tacere
532 3663 562 3710 et
585 3658 826 3726 cognatossuos
858 3652 908 3710 vel
930 3651 1069 3724 aliquam
1093 3651 1187 3708 aliam
1210 3649 1345 3722 interpo-

82 3756 174 3813 sitam
194 3772 360 3830 personam
384 3759 451 3817 ullo
467 3774 605 3832 unquam
630 3766 770 3833 tempore
793 3759 898 3832 aliqua
923 3757 1068 3831 dampna,
1084 3761 1269 3814 nocumenta
1300 3755 1350 3812 vel

82 3860 305 3934 impedimenta
338 3865 489 3938 irrogabit
519 3866 571 3923 vel
610 3865 743 3937 irrogari
773 3864 972 3938 procurabit;
1007 3863 1148 3920 volentes
1182 3868 1350 3935 propterea

82 3982 153 4025 cum
177 3969 299 4028 civibus
323 3973 492 4044 prenotatis
516 3973 547 4030 in
562 3972 644 4029 bone
667 3972 752 4044 pacis
776 3971 888 4028 unione
912 3977 942 4027 et
964 3968 1128 4027 concordia
1152 3982 1347 4042 permanere,

82 4072 279 4133 decrevimus
302 4085 332 4135 et
355 4079 551 4150 presentibus
575 4076 769 4136 decernimus
793 4077 927 4134 arbitros
951 4091 1008 4148 per
1030 4089 1095 4145 nos,
1125 4078 1231 4131 nostra
1262 4072 1348 4131 vide·

81 4179 154 4239 licet
178 4195 236 4254 pro
258 4188 362 4256 parte,
395 4190 457 4241 tres
480 4190 510 4241 et
534 4184 594 4257 ipsi
617 4184 700 4241 cives
722 4182 866 4240 similiter
889 4180 1017 4239 totidem
1041 4180 1200 4252 eligendos
1216 4188 1246 4237 et
1269 4179 1348 4252 quit·

82 4286 157 4360 quid
178 4303 235 4361 per
258 4288 357 4346 dictos
380 4291 514 4349 arbitros
537 4291 568 4348 in
592 4290 738 4348 omnibus
769 4288 964 4357 differenciis,
995 4286 1263 4357 contencionibus,
1287 4285 1348 4344 dis-

80 4393 274 4452 sensionibus
298 4400 328 4452 et
351 4397 571 4455 controversiis
594 4397 752 4454 internos
775 4396 878 4463 motis
901 4393 1054 4451 suscitatis
1085 4399 1116 4451 et
1138 4392 1263 4463 exortis,
1295 4406 1349 4450 au·

81 4498 154 4557 ditis
184 4501 298 4559 noslris
333 4508 363 4561 et
396 4503 538 4576 ipsorum
572 4502 687 4560 civium
725 4500 1003 4576 proposicionibus,
1039 4498 1283 4571 allegacionibus
1318 4503 1350 4554 et

80 4608 343 4681 responsionibus,
367 4609 519 4666 universis
542 4609 640 4666 eciam
663 4605 785 4680 juribus
809 4612 838 4663 et
863 4605 1054 4663 litteratoriis
1077 4603 1288 4662 instrumentis
1314 4609 1345 4660 et

81 4713 151 4772 aliis
174 4715 393 4787 probabilibus
416 4714 609 4772 documentis
633 4720 696 4771 tam
720 4713 833 4771 nostris
857 4726 953 4785 quam
984 4711 1098 4769 civium
1123 4709 1347 4784 predictorum,

79 4819 267 4878 arbitratum
290 4826 319 4878 et
343 4820 524 4878 conclusum
546 4819 646 4892 luerit,
670 4819 883 4894 promittimus
907 4823 1010 4874 ratum
1034 4823 1063 4874 et
1087 4815 1214 4874 firmum
1238 4815 1345 4873 obser·

80 4940 170 4997 vare;
194 4940 290 4998 quare
314 4928 368 4985 ubi
390 4933 443 4985 aut
467 4926 498 4985 id
522 4926 623 4985 tacere
657 4926 823 4995 nollemus,
847 4934 959 4982 extunc
989 4937 1123 4993 causam,
1149 4935 1243 4994 quam
1276 4936 1345 4978 curn
