3278 5348
614 417 687 476 Dor.
705 427 780 494 305.
803 450 846 461 -
869 416 926 474 An.
949 412 1041 494 1476.
1392 432 1455 494 379

187 644 401 698 conventuum
423 635 637 711 predictorum
659 634 920 692 monasteriorum
944 633 1127 691 instanciam
1160 633 1245 691 iuxta
1274 633 1457 692 mandatum

188 743 378 804 sanctissimi
401 743 435 801 in
458 741 582 801 Christo
605 740 703 814 patris
727 744 757 797 et
780 738 899 798 domini
923 738 1009 811 Sixti,
1034 739 1139 797 divina
1161 739 1360 816 providencia
1376 755 1457 815 pape

185 853 302 927 quarti,
326 851 417 908 nobis
440 848 557 907 factum
580 863 675 922 super
697 846 757 904 hoc
780 862 836 920 per
860 847 986 905 eosdem
1010 846 1118 905 debite·
1138 853 1168 905 et
1191 847 1330 919 legitime
1353 848 1457 922 requi·

186 959 248 1030 siti,
270 963 365 1032 prout
387 958 446 1015 hoc
469 956 500 1014 in
530 955 601 1013 aliis
636 955 749 1013 litteris
782 955 895 1012 nostris
926 955 1093 1028 superinde
1126 955 1366 1029 privilegialiter
1382 969 1456 1026 con·

187 1065 277 1124 fectis
300 1080 336 1122 ac
355 1062 440 1137 apud
463 1068 531 1119 acta
554 1076 644 1119 cause
667 1060 818 1134 presentis
842 1061 960 1133 largius
988 1062 1156 1135 comperiri
1179 1066 1291 1135 potest.
1322 1060 1457 1134 quedam

187 1169 357 1244 privilegia
386 1168 579 1238 libertatum,
611 1165 868 1239 exempcionum,
891 1168 1140 1240 concessionum,
1177 1168 1456 1241 prerogativarum,

187 1277 364 1350 graciarum
399 1274 501 1333 eidem
536 1272 639 1331 ordini
673 1287 730 1345 per
763 1272 895 1330 eundem
927 1272 1090 1330 dominum
1121 1279 1271 1343 nostrum,
1294 1272 1456 1330 dominum

188 1383 312 1442 Sixtum
336 1396 452 1456 papam
475 1394 619 1438 concessa
644 1383 674 1436 et
697 1378 881 1436 confirmata
905 1394 940 1434 ac
963 1394 1019 1453 per
1042 1379 1121 1437 alios
1145 1379 1349 1452 quamplures
1372 1393 1456 1436 sum·

187 1504 258 1548 mos
288 1487 461 1563 pontifices,
481 1485 726 1561 'predecessores
757 1500 836 1557 suos,
868 1485 1011 1543 similiter
1035 1500 1187 1557 concessa,
1211 1485 1324 1544 nostris
1345 1484 1456 1543 litteris

188 1594 345 1671 predictis,
377 1592 617 1668 privilegialiter
647 1589 802 1662 conlectis,
834 1592 1010 1664 inserentes,
1033 1592 1065 1650 in
1097 1591 1199 1650 valvis
1222 1591 1305 1649 alme
1328 1590 1456 1649 ecclesie

187 1700 398 1775 ragrablensis
430 1706 460 1757 et
494 1697 581 1761 alias.
612 1698 667 1755 ubi
698 1696 730 1755 id
759 1697 928 1772 expediens
960 1697 1049 1769 foret,
1074 1698 1232 1772 publicari
1261 1696 1455 1767 fecissemus3

189 1805 433 1881 quibusquidein
465 1804 576 1861 litteris
607 1803 720 1861 nostris
743 1803 891 1877 predictis
914 1820 971 1878 per
992 1805 1174 1877 religiosum
1199 1805 1300 1862 virum
1326 1802 1455 1860 fratrem

186 1914 360 1998 Johannem
385 1911 540 1968 dictorum
564 1910 823 1968 monasteriorum
847 1911 991 1968 similiter
1014 1918 1250 1985 procuratorem
1272 1925 1378 1968 coram
1401 1923 1455 1965 no·

187 2020 268 2078 tario
292 2024 323 2077 et
352 2018 482 2076 testibus
513 2017 545 2074 in
576 2016 679 2074 valvis
710 2016 790 2075 dicte
820 2017 949 2075 ecclesie
966 2018 1179 2090 ragrabiensis
1202 2017 1311 2075 diebus
1335 2014 1455 2073 decima

186 2140 277 2197 nona,
301 2124 448 2183 vicesima
472 2127 501 2180 et
524 2122 673 2180 vicesima
697 2123 799 2196 prima
822 2124 936 2181 mensis
960 2125 1092 2196 Augusti
1120 2125 1262 2196 extensis,
1290 2121 1395 2179 affixis
1425 2126 1456 2179 et

187 2230 358 2306 publicatis
375 2238 417 2287 'ac
438 2244 495 2303 per
507 2228 615 2302 plures
639 2230 800 2287 canonicos
824 2237 853 2287 et
875 2231 1033 2288 ministros
1048 2232 1146 2305 ipsius
1162 2229 1298 2301 ecclesie,
1315 2229 1455 2303 aliasque

186 2352 336 2413 personas
368 2335 504 2406 idoneas,
527 2335 610 2411 visis,
634 2335 722 2393 lectis
744 2341 774 2394 et
797 2337 961 2395 intellectis
984 2338 1036 2409 sic,
1061 2346 1094 2396 ut
1116 2338 1155 2396 de
1178 2335 1356 2395 huiusmodi
1371 2335 1452 2393 litte·

186 2448 295 2502 rarum
317 2448 505 2517 nostrarum,
522 2441 620 2499 immo
641 2442 745 2500 verius
768 2443 1011 2516 apostolicarum
1035 2444 1251 2518 publicacione
1266 2441 1353 2500 nulla
1368 2442 1452 2514 igno·

186 2551 292 2608 rancia
322 2549 425 2624 potuit
456 2553 486 2606 et
516 2563 573 2605 nec
596 2552 698 2620 potest
721 2549 863 2622 pretendi
885 2556 938 2607 aut
960 2550 1198 2623 quomodolibet
1220 2549 1359 2621 allegari,
1383 2553 1455 2606 tunc

187 2655 316 2729 quidam
339 2654 455 2712 Paulus
484 2661 628 2725 assertus,
662 2654 896 2713 archidiaconus
918 2656 1144 2714 varasdinensis
1167 2662 1196 2713 et
1220 2655 1383 2713 canonicus
1406 2669 1454 2711 za·

187 2761 370 2835 grahiensis,
399 2760 499 2819 veluti
527 2758 562 2818 id
589 2775 628 2818 err
660 2761 787 2834 querela
810 2761 1005 2836 prefatorum
1028 2762 1131 2821 fratris
1155 2761 1315 2820 Michaelis
1338 2761 1452 2835 prioris

186 2873 218 2927 et
238 2867 388 2950 Johannis
412 2866 630 2956 intelleximus,
661 2866 862 2940 displicenter
892 2870 924 2929 in
947 2869 1118 2942 reprobum
1142 2884 1266 2927 sensum
1290 2867 1400 2925 ductus
1422 2868 1454 2926 in

186 2991 243 3033 sue
265 2974 374 3033 salutis
408 2973 591 3048 periculum,
614 2978 790 3034 nostrarum
823 2992 917 3050 quarn
947 2978 1045 3035 immo
1076 2977 1180 3035 verius
1210 2973 1453 3049 apostolicarum

185 3082 362 3141 litterarum
395 3086 438 3142 et,
453 3093 655 3153 processuum
678 3082 858 3140 huiusmodi
882 3088 1095 3158 contemptum
1119 3088 1149 3141 et
1172 3084 1331 3153 iacturam,
1357 3080 1453 3138 dicto·

183 3202 319 3260 rumque
351 3186 482 3244 fratrum
514 3189 544 3242 et
573 3186 672 3261 ipsius
702 3187 819 3246 ordinis
851 3188 1058 3262 preiudicium
1090 3194 1119 3247 et
1149 3187 1332 3247 scandalum
1356 3187 1453 3246 mani·

185 3293 310 3364 festum,
333 3298 456 3352 nostros
479 3292 656 3351 huiusmodi
680 3309 842 3367 processus
866 3310 923 3369 per
946 3297 1051 3355 omnia
1075 3295 1305 3371 vilipendendo,
1329 3295 1367 3353 de
1386 3310 1452 3352 ma·

185 3401 280 3459 nibus
315 3399 390 3457 dicti
424 3398 528 3456 fratris
560 3400 709 3481 Johannis
743 3402 943 3474 extrahendo,
979 3404 1085 3477 ipsum
1117 3402 1245 3460 fratrem
1278 3403 1451 3487 Johannem

184 3507 291 3563 verbis
315 3504 470 3563 iniuriosis
494 3519 530 3560 ac
552 3503 617 3562 sedi
641 3507 810 3580 apostolice
834 3508 1022 3582 derogativis
1046 3510 1192 3581 afficiens
1209 3511 1400 3569 abstullisset
1417 3524 1452 3567 ac

184 3611 303 3670 eisdem
327 3610 491 3684 spoliasset
514 3616 543 3667 et
567 3611 598 3669 in
622 3613 805 3671 execucione
827 3630 882 3672 sua
906 3617 1080 3690 plurimum
1104 3619 1259 3675 turbasset
1282 3622 1397 3676 temere
1422 3621 1453 3674 et

184 3718 347 3775 violenter.
371 3716 475 3790 Quare
498 3731 556 3790 pro
580 3725 668 3791 parte
691 3719 845 3779 dictorum
868 3720 1001 3782 fratrum
1025 3724 1185 3782 Michaelis
1209 3725 1321 3799 prioris
1346 3728 1375 3782 et
1397 3725 1449 3807 Jo-

182 3823 294 3883 hannis
317 3837 353 3879 ac
377 3822 493 3880 ordinis
517 3823 730 3897 predictorum
752 3828 843 3885 nobis
866 3829 1026 3887 humiliter
1050 3831 1149 3888 extitit
1173 3830 1393 3903 supplicatum,
1418 3837 1452 3887 ut

182 3936 291 3989 contra
323 3928 479 4003 prelatum
512 3930 643 3988 Paulum
678 3933 928 3994 archidiaconum
963 3944 992 3993 et
1016 3937 1196 3993 canonicum
1221 3936 1305 3993 iuxta
1331 3936 1397 3992 vim
1421 3942 1451 3994 et

186 4035 325 4096 formam
357 4034 511 4093 dictorum
536 4038 777 4112 privilegiorum
800 4044 1053 4115 apostolicorum,
1086 4041 1225 4115 predicto
1256 4042 1357 4099 ordini
1380 4056 1450 4100 con·

182 4157 351 4212 cessorum,
367 4142 544 4216 procedere,
568 4159 603 4203 ac
627 4146 703 4218 ipsis
726 4146 765 4204 de
786 4145 863 4222 juris
887 4149 1025 4206 remedio
1050 4148 1249 4221 dignaremur
1265 4153 1448 4223 opportuno,

182 4247 274 4307 Unde
297 4248 426 4321 dignum
450 4254 496 4306 est
519 4255 682 4309 utcontra
706 4254 783 4311 tales
806 4255 873 4312 iura
897 4255 1065 4327 insurgant,
1083 4247 1160 4332 (qui)
1177 4253 1297 4313 scritate
1320 4256 1449 4329 propria

182 4354 251 4429 ipsa
281 4355 348 4412 iura
379 4355 410 4413 in
440 4356 504 4414 suis
534 4357 687 4416 limitibus
711 4360 796 4418 iuxta
820 4363 901 4419 vires
925 4378 996 4419 suas
1030 4361 1297 4435 nephandissimas
1321 4363 1449 4420 minime

183 4460 339 4518 voluerint
355 4461 532 4534 observare,
549 4469 578 4520 et
590 4464 662 4537 quia
674 4465 760 4524 iuxta
776 4468 1000 4525 continenciam
1011 4467 1190 4525 huiusmodi
1207 4469 1447 4543 privilegiorum

182 4566 428 4641 apostolicorum
443 4574 473 4626 et
491 4570 587 4641 ipsius
602 4573 701 4629 nostri
716 4588 878 4646 processus
902 4589 955 4632 seu
979 4575 1075 4632 nostri
1092 4575 1212 4648 publici
1227 4575 1320 4633 edicti
1343 4581 1449 4633 contra

181 4672 340 4748 prefatum
377 4674 510 4734 Paulum
541 4677 793 4737 archidiaconum
824 4685 854 4737 et
888 4681 1068 4738 canonicum
1104 4681 1142 4738 ad
1178 4681 1449 4740 denunciacionem

181 4781 515 4840 excommunicacionis
539 4783 601 4841 late
623 4786 775 4844 sentencie
797 4792 827 4843 et
850 4786 910 4844 alia
934 4788 1115 4859 gravamina
1138 4789 1169 4845 in
1191 4788 1369 4846 huiusmodi
1386 4789 1448 4864 pri·

181 4886 305 4959 vilegiis
328 4889 509 4962 apostolicis
526 4889 674 4949 disercius
690 4899 831 4951 contenta
848 4894 958 4951 merito
975 4894 1142 4968 procedere
1158 4910 1328 4969 possemus,
1346 4903 1449 4955 tamen
