3278 5348
186 427 249 503 466
588 413 670 478 'Dec
688 414 767 498 348.
791 452 834 463 -
858 420 913 480 An.
937 412 1032 496 1488.

184 639 348 715 prelibatis
372 636 522 696 fratribus
545 641 575 695 et
599 635 763 695 conventui
787 633 905 693 ordinis
921 634 1054 709 predicti
1075 633 1143 711 jure
1167 635 1245 720 ipsis
1262 636 1450 694 incumbente

185 743 415 819 possidendam,
431 742 677 802 contradiccione
694 741 768 799 dicti
784 741 934 824 Johannis
949 741 1101 800 Horwath
1118 742 1254 800 convicti
1270 747 1302 800 et
1324 741 1450 799 aliorum

186 851 401 925 quorumlibet
436 851 545 924 previa
575 848 699 907 racione
731 862 793 907 non
828 848 977 907 obstante.
1011 846 1152 908 Tandem
1187 862 1266 905 vero
1302 847 1339 905 ad
1366 847 1453 906 facies

185 958 412 1032 premissorum
428 955 544 1032 jurium
560 955 875 1030 possessionariorum
892 954 1151 1037 ipsiusJohannis
1175 954 1332 1012 Horwath
1354 954 1451 1012 ubiris

187 1063 374 1133 habitorum,
406 1063 512 1121 habita
545 1062 631 1135 prius
656 1060 807 1134 legittima
831 1061 1082 1118 reambulacione
1105 1066 1135 1118 et
1157 1059 1315 1134 condigna
1337 1059 1454 1118 estima-

188 1171 274 1229 cione
298 1169 477 1239 eorundem,
502 1167 698 1241 exclusisque
721 1167 923 1241 porcionibus
946 1167 1132 1240 quorumvis
1155 1166 1195 1224 de
1218 1166 1339 1224 eisdem
1364 1173 1406 1224 tot
1427 1175 1454 1224 et

194 1278 278 1348 quot,
304 1273 450 1332 videlicet
473 1282 502 1331 et
526 1280 675 1346 quantum
699 1271 738 1329 ad
777 1273 918 1330 valorem
953 1273 1199 1346 prescriptorum
1237 1273 1454 1346 quinquaginta

186 1395 365 1438 marcarum
389 1396 421 1438 se
437 1380 603 1438 extendere
637 1379 835 1449 videbuntur,
866 1384 1043 1453 separantes
1066 1389 1095 1436 et
1119 1377 1306 1446 excidentes,
1329 1384 1453 1452 occupet

188 1486 305 1558 eadem,
329 1494 540 1560 occupataque
565 1487 708 1544 manibus
732 1486 888 1545 dictorum
912 1483 1045 1543 fratrum
1070 1490 1209 1542 actorum
1235 1486 1320 1559 parti
1342 1485 1454 1543 scilicet

188 1593 317 1650 adverse
342 1593 494 1664 manibus,
520 1593 648 1663 tamdiu,
661 1607 823 1667 quousque
839 1593 879 1648 ab
892 1590 1009 1649 eisdem
1022 1591 1179 1648 actoribus
1192 1605 1251 1664 pro
1278 1590 1454 1665 prescriptis

189 1699 412 1774 quinquaginta
444 1700 556 1757 marcis
580 1699 806 1757 redimerentur
832 1703 945 1755 statuat
970 1698 1061 1755 titulo
1086 1697 1224 1771 pignoris
1246 1696 1456 1774 possidendas,

189 1805 282 1864 modo
297 1806 393 1863 simili
416 1805 661 1864 contradiccione
683 1804 757 1863 dicti
777 1803 927 1887 Johannis
951 1804 1101 1861 Horwath
1114 1803 1246 1862 convicti
1271 1808 1302 1860 et
1325 1804 1456 1861 aliorum

190 1911 404 1984 quorumlibet
436 1912 544 1987 previa
568 1912 691 1968 racione
714 1924 774 1967 non
806 1910 955 1967 obstante.
980 1908 1047 1967 lllis
1071 1916 1185 1979 autem,
1208 1909 1264 1983 qui
1288 1908 1372 1967 dicta
1391 1906 1460 1991 jura

191 2018 431 2090 possessionaria
464 2025 650 2090 occupantes
672 2032 704 2073 se
736 2015 890 2073 redimere
921 2016 1003 2072 veile
1027 2015 1221 2087 asseruerint,
1245 2031 1307 2089 pro
1330 2017 1458 2074 termino

190 2121 417 2196 redempcionis
441 2122 623 2180 eorumdem
639 2129 765 2180 octavas
788 2121 859 2179 festi
875 2121 972 2179 sancti
993 2122 1103 2205 Jacobi
1126 2121 1262 2194 apostoli
1287 2136 1369 2180 nunc
1386 2136 1454 2177 ven·

191 2236 275 2286 iuras
287 2244 392 2286 coram
405 2228 495 2287 nobis
518 2228 720 2302 comparendi
740 2227 872 2302 prefigat
888 2235 918 2286 et
934 2229 1075 2301 assignet.
1093 2227 1164 2286 Post
1181 2227 1239 2285 hec
1255 2218 1459 2306 (huiusmodi)

191 2335 430 2407 possessionarie
462 2335 693 2405 reservacionis,
716 2333 986 2404 reambulacionis,
1008 2334 1224 2403 estimacionis‚
1246 2332 1460 2409 occupacionis

191 2456 226 2497 ac
253 2441 396 2498 similiter
437 2441 618 2500 statucionis
654 2435 858 2519 (earumdem,
900 2441 1026 2511 seriem)
1062 2456 1134 2498 cum
1165 2440 1350 2498 nominibus
1383 2439 1460 2496 dicta

191 2545 260 2621 jura
284 2547 527 2620 possessionaria
557 2562 589 2604 se
620 2545 777 2636 redimere
806 2547 889 2604 velle
912 2547 1127 2617 asserencium,
1151 2545 1191 2603 ad
1215 2545 1316 2605 dictas
1339 2553 1460 2603 octavas

194 2653 263 2710 festi
288 2653 372 2710 beati
382 2653 493 2736 Jacobi
509 2652 645 2726 apostoli
660 2653 804 2710 similiter
819 2669 900 2710 nunc
917 2658 1062 2711 venturas
1079 2652 1232 2724 legititme
1248 2651 1460 2727 perdurandas

194 2759 285 2817 nobis
320 2774 407 2815 more
444 2758 535 2815 solito
569 2758 777 2815 amicabiliter
812 2758 996 2816 rescribatis.
1032 2758 1191 2815 Preseittes
1222 2762 1328 2815 autem
1352 2750 1461 2838 sigillis

194 2866 390 2937 egregiorum
425 2865 505 2921 Petri
537 2864 681 2936 Bochkay
713 2863 751 2920 de
774 2863 1071 2936 Razynakerezthwr
1102 2871 1132 2921 et
1155 2864 1318 2922 Michaelis
1340 2864 1460 2922 Kerhen

195 2971 232 3028 de
254 2971 434 3028 Belosowch
459 2970 682 3033 vicebanorum
698 2978 729 3027 et
744 2971 895 3027 comitum
918 2978 1099 3028 nostrorum
1119 2970 1315 3028 crisiensium
1333 2969 1461 3028 fecimus

195 3076 375 3148 consignari.
408 3076 524 3132 Datum
555 3076 646 3133 Crisii
681 3075 828 3149 predicta,
865 3076 1016 3148 vigesimo
1052 3076 1157 3150 primo
1192 3075 1242 3135 die
1278 3083 1459 3135 octavarum

195 3183 265 3240 testi
288 3182 533 3256 Epiphaniarum
556 3181 674 3239 domini
690 3181 910 3256 predictarum.
928 3184 1017 3241 Anno
1038 3181 1179 3240 eiusdem
1203 3182 1376 3242 millesimo
1393 3196 1461 3256 qua·

196 3288 438 3362 dringentesimo
463 3288 674 3359 octuagesimo
698 3293 817 3345 octavo.

302 3426 326 3474 E
346 3431 513 3489 transumpto,
534 3432 573 3472 sat
591 3423 685 3484 lacero,
704 3423 813 3488 capituli
832 3424 1007 3487 zagrabiensis
1025 3423 1058 3472 de
1076 3439 1145 3474 anno
1162 3436 1239 3487 1491.
1257 3420 1293 3476 In
1304 3424 1402 3477 archiv.
1416 3423 1461 3477 lib.

197 3530 249 3577 reg,
269 3514 338 3562 civit.
358 3513 458 3576 zagrab.

791 3724 881 3789 ³48.

304 3868 384 3914 Anno
409 3867 483 3927 1488.
508 3877 545 3915 12.
567 3867 635 3915 maii.
656 3866 804 3928 Zagrabiae.

205 3992 350 4050 Osvaldrrs
379 3994 458 4065 episc.
491 3992 607 4064 crrgrab.
639 3993 783 4048 canonisis
814 4010 833 4048 α
856 3992 962 4049 divinis
984 3991 1147 4049 absentibus
1162 3999 1291 4065 poenam
1314 3993 1460 4053 constituri.

304 4136 591 4194 Reverendissimus
615 4135 760 4194 dominus
784 4143 886 4194 noster
910 4136 1074 4204 Osualdus,
1099 4136 1245 4195 dominus
1275 4145 1307 4196 et
1329 4138 1460 4213 prelatus

198 4251 311 4312 noster,
348 4243 423 4301 feria
457 4242 591 4300 secunda
623 4244 768 4318 proxima
803 4252 872 4301 ante
908 4243 1021 4301 festum
1053 4243 1240 4301 ascensionis
1263 4242 1389 4315 Christi,
1412 4258 1461 4318 per

199 4365 288 4405 suam
324 4348 524 4406 diffinitivam
560 4351 746 4408 sentenciam
779 4350 1007 4423 pronunciavit,
1042 4348 1126 4423 quod
1161 4324 1276 4407 amodo
1310 4350 1462 4427 prepositi,

202 4455 368 4526 dignitarii,
382 4456 590 4513 archidiaconi
614 4462 644 4514 et
667 4456 815 4528 canonici,
839 4457 956 4530 ubique
979 4456 1121 4527 existant,
1138 4454 1276 4530 demptis
1292 4457 1368 4533 illis,
1390 4470 1461 4532 quos

199 4562 246 4618 ius
271 4561 363 4617 habet
387 4570 595 4635 supportatos,
622 4562 676 4635 qui
700 4561 781 4620 infra
801 4562 917 4620 limites
933 4562 1024 4620 huius
1040 4562 1128 4634 regni
1144 4562 1313 4634 extiterint,
1337 4563 1470 4622 debeant·

199 4666 238 4723 ad
262 4665 450 4725 dominicam
474 4668 513 4726 de
536 4669 678 4742 passione
703 4669 828 4726 Domini
852 4669 1025 4740 convenire,
1056 4675 1086 4727 et
1109 4684 1167 4743 per
1188 4668 1376 4754 illa-omnia
1391 4668 1464 4747 feste

201 4788 400 4844 perseverare
421 4789 518 4846 usque
542 4775 579 4831 ad
605 4782 748 4832 octavam
773 4775 874 4833 Pasce.
898 4776 976 4833 item
1000 4775 1126 4833 veniant
1148 4774 1188 4833 ad
1224 4773 1304 4835 festa
1340 4775 1475 4851 emine.

200 4883 315 4947 costes:
328 4878 401 4935 item
415 4879 452 4935 ad
478 4879 590 4938 festum
607 4882 747 4954 corporis
771 4881 904 4951 Christi;
928 4884 1002 4940 item
1027 4880 1065 4939 ad
1089 4880 1168 4939 festa
1181 4881 1419 4967 hssumpcionis
1437 4886 1466 4941 et
