<?xml version="1.0" encoding="UTF-8"?>
<!DOCTYPE html PUBLIC "-//W3C//DTD XHTML 1.0 Transitional//EN"
    "http://www.w3.org/TR/xhtml1/DTD/xhtml1-transitional.dtd">
<html xmlns="http://www.w3.org/1999/xhtml" xml:lang="en" lang="en">
 <head>
  <title>
</title>
<meta http-equiv="Content-Type" content="text/html;charset=utf-8" />
  <meta name='ocr-system' content='tesseract 3.04.00' />
  <meta name='ocr-capabilities' content='ocr_page ocr_carea ocr_par ocr_line ocrx_word'/>
</head>
<body>
  <div class='ocr_page' id='page_1' title='image "./monumentahistor01laszgoog_0467.png"; bbox 0 0 3278 5348; ppageno 0'>
   <div class='ocr_carea' id='block_1_1' title="bbox 598 381 1448 460">
    <p class='ocr_par' dir='ltr' id='par_1_1' title="bbox 598 381 1448 460">
     <span class='ocr_line' id='line_1_1' title="bbox 598 381 1448 460; baseline -0.001 -2"><span class='ocrx_word' id='word_1_1' title='bbox 598 381 672 437; x_wconf 53' lang='grc' dir='ltr'><strong>θοι·</strong></span> <span class='ocrx_word' id='word_1_2' title='bbox 696 393 764 458; x_wconf 76' lang='lat'><em>143·</em></span> <span class='ocrx_word' id='word_1_3' title='bbox 788 411 832 422; x_wconf 98' lang='lat'>-</span> <span class='ocrx_word' id='word_1_4' title='bbox 855 381 910 437; x_wconf 75' lang='lat' dir='ltr'><strong>An·</strong></span> <span class='ocrx_word' id='word_1_5' title='bbox 935 393 1026 460; x_wconf 73' lang='lat'><em>1447·</em></span> <span class='ocrx_word' id='word_1_6' title='bbox 1388 400 1448 459; x_wconf 77' lang='lat'><strong>199</strong></span> 
     </span>
    </p>
   </div>
   <div class='ocr_carea' id='block_1_2' title="bbox 839 484 1449 493">
    <p class='ocr_par' dir='ltr' id='par_1_2' title="bbox 839 484 1449 493">
     <span class='ocr_line' id='line_1_2' title="bbox 839 484 1449 493; baseline 0.003 -2"><span class='ocrx_word' id='word_1_7' title='bbox 839 484 979 491; x_wconf 77' lang='lat'><strong>·------</strong></span> <span class='ocrx_word' id='word_1_8' title='bbox 989 484 1187 492; x_wconf 74' lang='lat'><strong>—--——--—</strong></span> <span class='ocrx_word' id='word_1_9' title='bbox 1195 485 1449 493; x_wconf 76' lang='lat'><em>..—--—-——..-</em></span> 
     </span>
    </p>
   </div>
   <div class='ocr_carea' id='block_1_3' title="bbox 182 592 1454 1199">
    <p class='ocr_par' dir='ltr' id='par_1_3' title="bbox 182 592 1454 1199">
     <span class='ocr_line' id='line_1_3' title="bbox 182 592 1448 670; baseline 0.004 -22"><span class='ocrx_word' id='word_1_10' title='bbox 182 594 288 667; x_wconf 88' lang='lat' dir='ltr'><strong>aliqua</strong></span> <span class='ocrx_word' id='word_1_11' title='bbox 311 593 415 651; x_wconf 92' lang='lat' dir='ltr'><strong>littera</strong></span> <span class='ocrx_word' id='word_1_12' title='bbox 438 600 490 651; x_wconf 91' lang='lat' dir='ltr'><strong>aut</strong></span> <span class='ocrx_word' id='word_1_13' title='bbox 513 594 624 662; x_wconf 83' lang='lat' dir='ltr'><strong>littere,</strong></span> <span class='ocrx_word' id='word_1_14' title='bbox 649 592 732 667; x_wconf 88' lang='lat' dir='ltr'><strong>quod</strong></span> <span class='ocrx_word' id='word_1_15' title='bbox 757 609 819 652; x_wconf 91' lang='lat' dir='ltr'><strong>non</strong></span> <span class='ocrx_word' id='word_1_16' title='bbox 842 594 1008 667; x_wconf 89' lang='lat' dir='ltr'><strong>credimus,</strong></span> <span class='ocrx_word' id='word_1_17' title='bbox 1031 596 1091 652; x_wconf 92' lang='lat' dir='ltr'><strong>suh</strong></span> <span class='ocrx_word' id='word_1_18' title='bbox 1106 595 1220 668; x_wconf 86' lang='lat' dir='ltr'><strong>sigillis</strong></span> <span class='ocrx_word' id='word_1_19' title='bbox 1236 597 1349 654; x_wconf 89' lang='lat' dir='ltr'><strong>nostris</strong></span> <span class='ocrx_word' id='word_1_20' title='bbox 1363 595 1448 670; x_wconf 91' lang='lat' dir='ltr'><strong>apud</strong></span> 
     </span>
     <span class='ocr_line' id='line_1_4' title="bbox 183 699 1451 774; baseline 0.003 -18"><span class='ocrx_word' id='word_1_21' title='bbox 183 699 413 758; x_wconf 88' lang='lat' dir='ltr'><strong>commissarios</strong></span> <span class='ocrx_word' id='word_1_22' title='bbox 437 699 536 757; x_wconf 81' lang='lat' dir='ltr'><strong>felicis</strong></span> <span class='ocrx_word' id='word_1_23' title='bbox 560 699 787 759; x_wconf 87' lang='lat' dir='ltr'><strong>recordacionis</strong></span> <span class='ocrx_word' id='word_1_24' title='bbox 810 701 948 774; x_wconf 89' lang='lat' dir='ltr'><strong>Ewgenii</strong></span> <span class='ocrx_word' id='word_1_25' title='bbox 972 716 1052 774; x_wconf 91' lang='lat' dir='ltr'><strong>pape</strong></span> <span class='ocrx_word' id='word_1_26' title='bbox 1076 702 1107 759; x_wconf 92' lang='lat' dir='ltr'><strong>in</strong></span> <span class='ocrx_word' id='word_1_27' title='bbox 1142 701 1251 760; x_wconf 91' lang='lat' dir='ltr'><strong>eadem</strong></span> <span class='ocrx_word' id='word_1_28' title='bbox 1282 716 1374 760; x_wconf 91' lang='lat' dir='ltr'><strong>causa</strong></span> <span class='ocrx_word' id='word_1_29' title='bbox 1404 719 1451 760; x_wconf 91' lang='lat' dir='ltr'><strong>re·</strong></span> 
     </span>
     <span class='ocr_line' id='line_1_5' title="bbox 183 804 1447 880; baseline 0.002 -18"><span class='ocrx_word' id='word_1_30' title='bbox 183 807 352 878; x_wconf 81' lang='lat' dir='ltr'><strong>portantur,</strong></span> <span class='ocrx_word' id='word_1_31' title='bbox 382 822 420 863; x_wconf 84' lang='lat' dir='ltr'><strong>ex</strong></span> <span class='ocrx_word' id='word_1_32' title='bbox 454 812 526 863; x_wconf 90' lang='lat' dir='ltr'><strong>tunc</strong></span> <span class='ocrx_word' id='word_1_33' title='bbox 561 804 702 876; x_wconf 83' lang='lat' dir='ltr'><strong>dicimus,</strong></span> <span class='ocrx_word' id='word_1_34' title='bbox 733 806 816 880; x_wconf 91' lang='lat' dir='ltr'><strong>quod</strong></span> <span class='ocrx_word' id='word_1_35' title='bbox 849 807 920 865; x_wconf 91' lang='lat' dir='ltr'><strong>talis</strong></span> <span class='ocrx_word' id='word_1_36' title='bbox 943 806 1046 864; x_wconf 90' lang='lat' dir='ltr'><strong>littera</strong></span> <span class='ocrx_word' id='word_1_37' title='bbox 1068 813 1121 865; x_wconf 92' lang='lat' dir='ltr'><strong>aut</strong></span> <span class='ocrx_word' id='word_1_38' title='bbox 1144 808 1246 866; x_wconf 84' lang='lat' dir='ltr'><strong>littere</strong></span> <span class='ocrx_word' id='word_1_39' title='bbox 1269 807 1393 865; x_wconf 84' lang='lat' dir='ltr'><strong>fuerunt</strong></span> <span class='ocrx_word' id='word_1_40' title='bbox 1416 814 1447 865; x_wconf 89' lang='lat' dir='ltr'><strong>et</strong></span> 
     </span>
     <span class='ocr_line' id='line_1_6' title="bbox 183 909 1452 987; baseline 0.003 -20"><span class='ocrx_word' id='word_1_41' title='bbox 183 909 245 967; x_wconf 89' lang='lat' dir='ltr'><strong>sint</strong></span> <span class='ocrx_word' id='word_1_42' title='bbox 268 911 343 969; x_wconf 88' lang='lat' dir='ltr'><strong>ialse</strong></span> <span class='ocrx_word' id='word_1_43' title='bbox 366 928 422 969; x_wconf 89' lang='lat' dir='ltr'><strong>nec</strong></span> <span class='ocrx_word' id='word_1_44' title='bbox 444 911 482 968; x_wconf 89' lang='lat' dir='ltr'><strong>de</strong></span> <span class='ocrx_word' id='word_1_45' title='bbox 505 913 583 970; x_wconf 90' lang='lat' dir='ltr'><strong>scitu</strong></span> <span class='ocrx_word' id='word_1_46' title='bbox 605 926 642 969; x_wconf 92' lang='lat' dir='ltr'><strong>ac</strong></span> <span class='ocrx_word' id='word_1_47' title='bbox 663 912 823 971; x_wconf 90' lang='lat' dir='ltr'><strong>voluntate</strong></span> <span class='ocrx_word' id='word_1_48' title='bbox 846 919 950 971; x_wconf 91' lang='lat' dir='ltr'><strong>nostra</strong></span> <span class='ocrx_word' id='word_1_49' title='bbox 974 920 1134 984; x_wconf 88' lang='lat' dir='ltr'><strong>emanate;</strong></span> <span class='ocrx_word' id='word_1_50' title='bbox 1169 915 1251 987; x_wconf 87' lang='lat' dir='ltr'><strong>quia,</strong></span> <span class='ocrx_word' id='word_1_51' title='bbox 1274 914 1452 971; x_wconf 86' lang='lat' dir='ltr'><strong>beatissime</strong></span> 
     </span>
     <span class='ocr_line' id='line_1_7' title="bbox 185 1017 1453 1093; baseline 0.003 -20"><span class='ocrx_word' id='word_1_52' title='bbox 185 1021 283 1089; x_wconf 90' lang='lat' dir='ltr'><strong>pater,</strong></span> <span class='ocrx_word' id='word_1_53' title='bbox 305 1018 429 1085; x_wconf 88' lang='lat' dir='ltr'><strong>scimus,</strong></span> <span class='ocrx_word' id='word_1_54' title='bbox 454 1017 616 1075; x_wconf 90' lang='lat' dir='ltr'><strong>dominum</strong></span> <span class='ocrx_word' id='word_1_55' title='bbox 633 1017 832 1077; x_wconf 90' lang='lat' dir='ltr'><strong>Benedictum</strong></span> <span class='ocrx_word' id='word_1_56' title='bbox 849 1020 1034 1093; x_wconf 88' lang='lat' dir='ltr'><strong>episcopum</strong></span> <span class='ocrx_word' id='word_1_57' title='bbox 1050 1025 1190 1077; x_wconf 91' lang='lat' dir='ltr'><strong>nostrum</strong></span> <span class='ocrx_word' id='word_1_58' title='bbox 1204 1021 1308 1078; x_wconf 89' lang='lat' dir='ltr'><strong>virum</strong></span> <span class='ocrx_word' id='word_1_59' title='bbox 1324 1019 1453 1078; x_wconf 92' lang='lat' dir='ltr'><strong>doctum</strong></span> 
     </span>
     <span class='ocr_line' id='line_1_8' title="bbox 183 1122 1454 1199; baseline 0.003 -21"><span class='ocrx_word' id='word_1_60' title='bbox 183 1128 215 1179; x_wconf 91' lang='lat' dir='ltr'><strong>et</strong></span> <span class='ocrx_word' id='word_1_61' title='bbox 239 1122 465 1182; x_wconf 88' lang='lat' dir='ltr'><strong>benemeritum</strong></span> <span class='ocrx_word' id='word_1_62' title='bbox 488 1140 553 1182; x_wconf 90' lang='lat' dir='ltr'><strong>esse</strong></span> <span class='ocrx_word' id='word_1_63' title='bbox 577 1130 607 1182; x_wconf 93' lang='lat' dir='ltr'><strong>et</strong></span> <span class='ocrx_word' id='word_1_64' title='bbox 629 1124 731 1196; x_wconf 87' lang='lat' dir='ltr'><strong>fuisse,</strong></span> <span class='ocrx_word' id='word_1_65' title='bbox 755 1130 801 1183; x_wconf 94' lang='lat' dir='ltr'><strong>est</strong></span> <span class='ocrx_word' id='word_1_66' title='bbox 823 1127 906 1184; x_wconf 90' lang='lat' dir='ltr'><strong>enim</strong></span> <span class='ocrx_word' id='word_1_67' title='bbox 943 1127 1062 1183; x_wconf 89' lang='lat' dir='ltr'><strong>arcium</strong></span> <span class='ocrx_word' id='word_1_68' title='bbox 1092 1126 1273 1184; x_wconf 90' lang='lat' dir='ltr'><strong>liberalium</strong></span> <span class='ocrx_word' id='word_1_69' title='bbox 1307 1126 1454 1199; x_wconf 90' lang='lat' dir='ltr'><strong>magister</strong></span> 
     </span>
    </p>
   </div>
   <div class='ocr_carea' id='block_1_4' title="bbox 183 1221 1555 1306">
    <p class='ocr_par' dir='ltr' id='par_1_4' title="bbox 183 1221 1555 1306">
     <span class='ocr_line' id='line_1_9' title="bbox 183 1221 1555 1306; baseline 0.002 -21"><span class='ocrx_word' id='word_1_70' title='bbox 183 1234 214 1285; x_wconf 91' lang='lat' dir='ltr'><strong>et</strong></span> <span class='ocrx_word' id='word_1_71' title='bbox 239 1243 326 1286; x_wconf 84' lang='lat' dir='ltr'><strong>sacre</strong></span> <span class='ocrx_word' id='word_1_72' title='bbox 347 1231 504 1303; x_wconf 81' lang='lat' dir='ltr'><strong>theologie</strong></span> <span class='ocrx_word' id='word_1_73' title='bbox 528 1231 749 1289; x_wconf 88' lang='lat' dir='ltr'><strong>baccalaureus</strong></span> <span class='ocrx_word' id='word_1_74' title='bbox 772 1231 932 1302; x_wconf 79' lang='lat' dir='ltr'><strong>formatus,</strong></span> <span class='ocrx_word' id='word_1_75' title='bbox 956 1231 996 1290; x_wconf 90' lang='lat' dir='ltr'><strong>ad</strong></span> <span class='ocrx_word' id='word_1_76' title='bbox 1019 1221 1157 1306; x_wconf 87' lang='lat' dir='ltr'><strong>regimen</strong></span> <span class='ocrx_word' id='word_1_77' title='bbox 1174 1232 1310 1306; x_wconf 87' lang='lat' dir='ltr'><strong>predicte</strong></span> <span class='ocrx_word' id='word_1_78' title='bbox 1325 1231 1453 1289; x_wconf 88' lang='lat' dir='ltr'><strong>ecclesie</strong></span> <span class='ocrx_word' id='word_1_79' title='bbox 1553 1239 1555 1242; x_wconf 80' lang='grc'>’</span> 
     </span>
    </p>
   </div>
   <div class='ocr_carea' id='block_1_5' title="bbox 184 1338 1454 2904">
    <p class='ocr_par' dir='ltr' id='par_1_5' title="bbox 184 1338 1454 2904">
     <span class='ocr_line' id='line_1_10' title="bbox 184 1338 1453 1413; baseline 0 -19"><span class='ocrx_word' id='word_1_80' title='bbox 184 1342 297 1410; x_wconf 87' lang='lat' dir='ltr'><strong>aptum</strong></span> <span class='ocrx_word' id='word_1_81' title='bbox 320 1342 349 1394; x_wconf 92' lang='lat' dir='ltr'><strong>et</strong></span> <span class='ocrx_word' id='word_1_82' title='bbox 370 1338 489 1410; x_wconf 89' lang='lat' dir='ltr'><strong>utilem,</strong></span> <span class='ocrx_word' id='word_1_83' title='bbox 510 1344 575 1396; x_wconf 90' lang='lat' dir='ltr'><strong>tam</strong></span> <span class='ocrx_word' id='word_1_84' title='bbox 598 1339 629 1397; x_wconf 92' lang='lat' dir='ltr'><strong>in</strong></span> <span class='ocrx_word' id='word_1_85' title='bbox 651 1339 867 1413; x_wconf 88' lang='lat' dir='ltr'><strong>spiritualibus</strong></span> <span class='ocrx_word' id='word_1_86' title='bbox 883 1354 978 1412; x_wconf 92' lang='lat' dir='ltr'><strong>quam</strong></span> <span class='ocrx_word' id='word_1_87' title='bbox 995 1339 1222 1413; x_wconf 88' lang='lat' dir='ltr'><strong>temporalibus</strong></span> <span class='ocrx_word' id='word_1_88' title='bbox 1237 1338 1453 1408; x_wconf 83' lang='lat' dir='ltr'><strong>sufficientem,</strong></span> 
     </span>
     <span class='ocr_line' id='line_1_11' title="bbox 188 1442 1453 1519; baseline -0.001 -19"><span class='ocrx_word' id='word_1_89' title='bbox 188 1443 243 1519; x_wconf 90' lang='lat' dir='ltr'><strong>qui</strong></span> <span class='ocrx_word' id='word_1_90' title='bbox 265 1443 365 1517; x_wconf 89' lang='lat' dir='ltr'><strong>ipsam</strong></span> <span class='ocrx_word' id='word_1_91' title='bbox 389 1445 552 1502; x_wconf 90' lang='lat' dir='ltr'><strong>ecclesiam</strong></span> <span class='ocrx_word' id='word_1_92' title='bbox 575 1445 721 1518; x_wconf 90' lang='lat' dir='ltr'><strong>plurimis</strong></span> <span class='ocrx_word' id='word_1_93' title='bbox 744 1446 833 1504; x_wconf 91' lang='lat' dir='ltr'><strong>annis</strong></span> <span class='ocrx_word' id='word_1_94' title='bbox 855 1446 935 1503; x_wconf 87' lang='lat' dir='ltr'><strong>rexit</strong></span> <span class='ocrx_word' id='word_1_95' title='bbox 958 1451 988 1503; x_wconf 93' lang='lat' dir='ltr'><strong>et</strong></span> <span class='ocrx_word' id='word_1_96' title='bbox 1011 1446 1130 1504; x_wconf 90' lang='lat' dir='ltr'><strong>utiliter</strong></span> <span class='ocrx_word' id='word_1_97' title='bbox 1152 1445 1345 1518; x_wconf 90' lang='lat' dir='ltr'><strong>gubernavit.</strong></span> <span class='ocrx_word' id='word_1_98' title='bbox 1381 1442 1453 1500; x_wconf 92' lang='lat' dir='ltr'><strong>ldeo</strong></span> 
     </span>
     <span class='ocr_line' id='line_1_12' title="bbox 184 1548 1453 1626; baseline -0.002 -18"><span class='ocrx_word' id='word_1_99' title='bbox 184 1556 275 1626; x_wconf 90' lang='lat' dir='ltr'><strong>pater</strong></span> <span class='ocrx_word' id='word_1_100' title='bbox 287 1549 473 1621; x_wconf 86' lang='lat' dir='ltr'><strong>beatissime,</strong></span> <span class='ocrx_word' id='word_1_101' title='bbox 488 1550 589 1609; x_wconf 90' lang='lat' dir='ltr'><strong>eidem</strong></span> <span class='ocrx_word' id='word_1_102' title='bbox 605 1552 759 1609; x_wconf 88' lang='lat' dir='ltr'><strong>sanctitati</strong></span> <span class='ocrx_word' id='word_1_103' title='bbox 773 1557 876 1609; x_wconf 81' lang='lat' dir='ltr'><strong>vestre</strong></span> <span class='ocrx_word' id='word_1_104' title='bbox 888 1551 1102 1626; x_wconf 88' lang='lat' dir='ltr'><strong>supplicamus</strong></span> <span class='ocrx_word' id='word_1_105' title='bbox 1116 1551 1278 1609; x_wconf 90' lang='lat' dir='ltr'><strong>humiliter</strong></span> <span class='ocrx_word' id='word_1_106' title='bbox 1290 1554 1320 1608; x_wconf 91' lang='lat' dir='ltr'><strong>et</strong></span> <span class='ocrx_word' id='word_1_107' title='bbox 1333 1548 1453 1619; x_wconf 90' lang='lat' dir='ltr'><strong>devote,</strong></span> 
     </span>
     <span class='ocr_line' id='line_1_13' title="bbox 185 1655 1454 1730; baseline -0.003 -15"><span class='ocrx_word' id='word_1_108' title='bbox 185 1662 339 1730; x_wconf 90' lang='lat' dir='ltr'><strong>quatenus</strong></span> <span class='ocrx_word' id='word_1_109' title='bbox 372 1656 476 1715; x_wconf 86' lang='lat' dir='ltr'><strong>divine</strong></span> <span class='ocrx_word' id='word_1_110' title='bbox 510 1657 728 1716; x_wconf 89' lang='lat' dir='ltr'><strong>retribucionis</strong></span> <span class='ocrx_word' id='word_1_111' title='bbox 762 1658 883 1728; x_wconf 90' lang='lat' dir='ltr'><strong>intuitu,</strong></span> <span class='ocrx_word' id='word_1_112' title='bbox 914 1657 1023 1716; x_wconf 90' lang='lat' dir='ltr'><strong>eadem</strong></span> <span class='ocrx_word' id='word_1_113' title='bbox 1057 1657 1216 1716; x_wconf 90' lang='lat' dir='ltr'><strong>beatitudo</strong></span> <span class='ocrx_word' id='word_1_114' title='bbox 1249 1661 1351 1713; x_wconf 89' lang='lat' dir='ltr'><strong>vestra</strong></span> <span class='ocrx_word' id='word_1_115' title='bbox 1376 1655 1454 1711; x_wconf 91' lang='lat' dir='ltr'><strong>velit</strong></span> 
     </span>
     <span class='ocr_line' id='line_1_14' title="bbox 185 1760 1453 1838; baseline -0.003 -18"><span class='ocrx_word' id='word_1_116' title='bbox 185 1764 270 1821; x_wconf 87' lang='lat' dir='ltr'><strong>viam</strong></span> <span class='ocrx_word' id='word_1_117' title='bbox 294 1767 325 1821; x_wconf 89' lang='lat' dir='ltr'><strong>et</strong></span> <span class='ocrx_word' id='word_1_118' title='bbox 348 1762 478 1821; x_wconf 89' lang='lat' dir='ltr'><strong>modum</strong></span> <span class='ocrx_word' id='word_1_119' title='bbox 501 1765 645 1837; x_wconf 86' lang='lat' dir='ltr'><strong>cogitare,</strong></span> <span class='ocrx_word' id='word_1_120' title='bbox 680 1771 713 1822; x_wconf 95' lang='lat' dir='ltr'><strong>ut</strong></span> <span class='ocrx_word' id='word_1_121' title='bbox 747 1763 887 1838; x_wconf 90' lang='lat' dir='ltr'><strong>predicta</strong></span> <span class='ocrx_word' id='word_1_122' title='bbox 921 1764 1122 1822; x_wconf 87' lang='lat' dir='ltr'><strong>translatione</strong></span> <span class='ocrx_word' id='word_1_123' title='bbox 1153 1767 1280 1833; x_wconf 92' lang='lat' dir='ltr'><strong>mutata,</strong></span> <span class='ocrx_word' id='word_1_124' title='bbox 1314 1760 1453 1835; x_wconf 78' lang='lat' dir='ltr'><strong>prefatus</strong></span> 
     </span>
     <span class='ocr_line' id='line_1_15' title="bbox 185 1865 1452 1944; baseline -0.003 -18"><span class='ocrx_word' id='word_1_125' title='bbox 185 1867 331 1927; x_wconf 84' lang='lat' dir='ltr'><strong>dominus</strong></span> <span class='ocrx_word' id='word_1_126' title='bbox 365 1868 556 1941; x_wconf 86' lang='lat' dir='ltr'><strong>Benedictus,</strong></span> <span class='ocrx_word' id='word_1_127' title='bbox 591 1870 729 1944; x_wconf 89' lang='lat' dir='ltr'><strong>prelatus</strong></span> <span class='ocrx_word' id='word_1_128' title='bbox 765 1876 876 1941; x_wconf 89' lang='lat' dir='ltr'><strong>noster,</strong></span> <span class='ocrx_word' id='word_1_129' title='bbox 908 1871 1079 1928; x_wconf 90' lang='lat' dir='ltr'><strong>honoribus</strong></span> <span class='ocrx_word' id='word_1_130' title='bbox 1112 1869 1175 1927; x_wconf 90' lang='lat' dir='ltr'><strong>suis</strong></span> <span class='ocrx_word' id='word_1_131' title='bbox 1205 1868 1344 1942; x_wconf 91' lang='lat' dir='ltr'><strong>pristinis</strong></span> <span class='ocrx_word' id='word_1_132' title='bbox 1367 1865 1452 1940; x_wconf 91' lang='lat' dir='ltr'><strong>apud</strong></span> 
     </span>
     <span class='ocr_line' id='line_1_16' title="bbox 186 1976 1453 2049; baseline -0.003 -16"><span class='ocrx_word' id='word_1_133' title='bbox 186 1976 350 2033; x_wconf 88' lang='lat' dir='ltr'><strong>ecclesiam</strong></span> <span class='ocrx_word' id='word_1_134' title='bbox 382 1977 617 2049; x_wconf 89' lang='lat' dir='ltr'><strong>zagrabiensem</strong></span> <span class='ocrx_word' id='word_1_135' title='bbox 649 1983 849 2035; x_wconf 90' lang='lat' dir='ltr'><strong>conservetur</strong></span> <span class='ocrx_word' id='word_1_136' title='bbox 882 1983 911 2034; x_wconf 93' lang='lat' dir='ltr'><strong>et</strong></span> <span class='ocrx_word' id='word_1_137' title='bbox 946 1977 1037 2033; x_wconf 89' lang='lat' dir='ltr'><strong>nobis</strong></span> <span class='ocrx_word' id='word_1_138' title='bbox 1067 1976 1254 2045; x_wconf 89' lang='lat' dir='ltr'><strong>restituatur,</strong></span> <span class='ocrx_word' id='word_1_139' title='bbox 1279 1989 1372 2047; x_wconf 89' lang='lat' dir='ltr'><strong>quem</strong></span> <span class='ocrx_word' id='word_1_140' title='bbox 1396 1988 1453 2046; x_wconf 90' lang='lat' dir='ltr'><strong>per</strong></span> 
     </span>
     <span class='ocr_line' id='line_1_17' title="bbox 186 2080 1453 2158; baseline -0.003 -18"><span class='ocrx_word' id='word_1_141' title='bbox 186 2087 344 2156; x_wconf 88' lang='lat' dir='ltr'><strong>presentes</strong></span> <span class='ocrx_word' id='word_1_142' title='bbox 367 2084 536 2155; x_wconf 89' lang='lat' dir='ltr'><strong>repetimus</strong></span> <span class='ocrx_word' id='word_1_143' title='bbox 561 2088 710 2155; x_wconf 92' lang='lat' dir='ltr'><strong>quantum</strong></span> <span class='ocrx_word' id='word_1_144' title='bbox 735 2082 774 2140; x_wconf 90' lang='lat' dir='ltr'><strong>de</strong></span> <span class='ocrx_word' id='word_1_145' title='bbox 795 2080 864 2158; x_wconf 91' lang='lat' dir='ltr'><strong>jure</strong></span> <span class='ocrx_word' id='word_1_146' title='bbox 887 2098 1062 2157; x_wconf 63' lang='lat' dir='ltr'><strong>possumus</strong></span> <span class='ocrx_word' id='word_1_147' title='bbox 1079 2082 1151 2155; x_wconf 91' lang='lat' dir='ltr'><strong>quia</strong></span> <span class='ocrx_word' id='word_1_148' title='bbox 1168 2086 1309 2139; x_wconf 91' lang='lat' dir='ltr'><strong>nostrum</strong></span> <span class='ocrx_word' id='word_1_149' title='bbox 1326 2081 1453 2137; x_wconf 89' lang='lat' dir='ltr'><strong>interest</strong></span> 
     </span>
     <span class='ocr_line' id='line_1_18' title="bbox 187 2187 1453 2264; baseline -0.003 -18"><span class='ocrx_word' id='word_1_150' title='bbox 187 2189 302 2246; x_wconf 87' lang='lat' dir='ltr'><strong>habere</strong></span> <span class='ocrx_word' id='word_1_151' title='bbox 323 2189 442 2246; x_wconf 92' lang='lat' dir='ltr'><strong>bonum</strong></span> <span class='ocrx_word' id='word_1_152' title='bbox 465 2195 495 2246; x_wconf 92' lang='lat' dir='ltr'><strong>et</strong></span> <span class='ocrx_word' id='word_1_153' title='bbox 519 2190 627 2248; x_wconf 88' lang='lat' dir='ltr'><strong>utilem</strong></span> <span class='ocrx_word' id='word_1_154' title='bbox 650 2195 817 2264; x_wconf 91' lang='lat' dir='ltr'><strong>pastorem.</strong></span> <span class='ocrx_word' id='word_1_155' title='bbox 841 2189 902 2247; x_wconf 89' lang='lat' dir='ltr'><strong>Pro</strong></span> <span class='ocrx_word' id='word_1_156' title='bbox 925 2189 1040 2263; x_wconf 92' lang='lat' dir='ltr'><strong>quibus</strong></span> <span class='ocrx_word' id='word_1_157' title='bbox 1074 2187 1233 2246; x_wconf 89' lang='lat' dir='ltr'><strong>beatitudo</strong></span> <span class='ocrx_word' id='word_1_158' title='bbox 1265 2191 1369 2244; x_wconf 89' lang='lat' dir='ltr'><strong>vestra</strong></span> <span class='ocrx_word' id='word_1_159' title='bbox 1397 2199 1453 2243; x_wconf 91' lang='lat' dir='ltr'><strong>nos</strong></span> 
     </span>
     <span class='ocr_line' id='line_1_19' title="bbox 186 2290 1452 2369; baseline -0.003 -17"><span class='ocrx_word' id='word_1_160' title='bbox 186 2294 315 2353; x_wconf 90' lang='lat' dir='ltr'><strong>habebit</strong></span> <span class='ocrx_word' id='word_1_161' title='bbox 338 2310 396 2368; x_wconf 92' lang='lat' dir='ltr'><strong>pro</strong></span> <span class='ocrx_word' id='word_1_162' title='bbox 418 2296 518 2353; x_wconf 89' lang='lat' dir='ltr'><strong>salute</strong></span> <span class='ocrx_word' id='word_1_163' title='bbox 542 2301 572 2353; x_wconf 91' lang='lat' dir='ltr'><strong>et</strong></span> <span class='ocrx_word' id='word_1_164' title='bbox 594 2295 726 2369; x_wconf 90' lang='lat' dir='ltr'><strong>longeva</strong></span> <span class='ocrx_word' id='word_1_165' title='bbox 750 2295 890 2354; x_wconf 89' lang='lat' dir='ltr'><strong>eiusdem</strong></span> <span class='ocrx_word' id='word_1_166' title='bbox 914 2290 1112 2353; x_wconf 87' lang='lat' dir='ltr'><strong>beatitudinis</strong></span> <span class='ocrx_word' id='word_1_167' title='bbox 1127 2300 1229 2352; x_wconf 87' lang='lat' dir='ltr'><strong>vestre</strong></span> <span class='ocrx_word' id='word_1_168' title='bbox 1245 2292 1452 2367; x_wconf 88' lang='lat' dir='ltr'><strong>prosperitate</strong></span> 
     </span>
     <span class='ocr_line' id='line_1_20' title="bbox 186 2398 1450 2474; baseline -0.003 -16"><span class='ocrx_word' id='word_1_169' title='bbox 186 2401 383 2459; x_wconf 88' lang='lat' dir='ltr'><strong>humillimos</strong></span> <span class='ocrx_word' id='word_1_170' title='bbox 403 2407 592 2472; x_wconf 84' lang='lat' dir='ltr'><strong>exoratores,</strong></span> <span class='ocrx_word' id='word_1_171' title='bbox 617 2417 712 2474; x_wconf 89' lang='lat' dir='ltr'><strong>quam</strong></span> <span class='ocrx_word' id='word_1_172' title='bbox 735 2402 905 2459; x_wconf 88' lang='lat' dir='ltr'><strong>altissimus</strong></span> <span class='ocrx_word' id='word_1_173' title='bbox 929 2400 1060 2459; x_wconf 85' lang='lat' dir='ltr'><strong>feliciter</strong></span> <span class='ocrx_word' id='word_1_174' title='bbox 1091 2415 1274 2458; x_wconf 90' lang='lat' dir='ltr'><strong>conservare</strong></span> <span class='ocrx_word' id='word_1_175' title='bbox 1305 2398 1450 2472; x_wconf 85' lang='lat' dir='ltr'><strong>dignetur</strong></span> 
     </span>
     <span class='ocr_line' id='line_1_21' title="bbox 185 2504 1453 2580; baseline -0.003 -16"><span class='ocrx_word' id='word_1_176' title='bbox 185 2506 224 2565; x_wconf 90' lang='lat' dir='ltr'><strong>ad</strong></span> <span class='ocrx_word' id='word_1_177' title='bbox 259 2508 401 2580; x_wconf 90' lang='lat' dir='ltr'><strong>regimen</strong></span> <span class='ocrx_word' id='word_1_178' title='bbox 433 2508 560 2565; x_wconf 83' lang='lat' dir='ltr'><strong>ecclesie</strong></span> <span class='ocrx_word' id='word_1_179' title='bbox 596 2523 650 2565; x_wconf 91' lang='lat' dir='ltr'><strong>sue</strong></span> <span class='ocrx_word' id='word_1_180' title='bbox 684 2513 787 2565; x_wconf 90' lang='lat' dir='ltr'><strong>sancte</strong></span> <span class='ocrx_word' id='word_1_181' title='bbox 818 2512 848 2565; x_wconf 90' lang='lat' dir='ltr'><strong>et</strong></span> <span class='ocrx_word' id='word_1_182' title='bbox 879 2507 1065 2564; x_wconf 88' lang='lat' dir='ltr'><strong>universalis</strong></span> <span class='ocrx_word' id='word_1_183' title='bbox 1095 2510 1193 2564; x_wconf 90' lang='lat' dir='ltr'><strong>status</strong></span> <span class='ocrx_word' id='word_1_184' title='bbox 1223 2504 1453 2564; x_wconf 87' lang='lat' dir='ltr'><strong>christianitatis</strong></span> 
     </span>
     <span class='ocr_line' id='line_1_22' title="bbox 185 2608 1453 2686; baseline -0.004 -15"><span class='ocrx_word' id='word_1_185' title='bbox 185 2615 332 2673; x_wconf 89' lang='lat' dir='ltr'><strong>unionem</strong></span> <span class='ocrx_word' id='word_1_186' title='bbox 368 2619 516 2686; x_wconf 89' lang='lat' dir='ltr'><strong>optatam.</strong></span> <span class='ocrx_word' id='word_1_187' title='bbox 550 2608 667 2672; x_wconf 92' lang='lat' dir='ltr'><strong>Datum</strong></span> <span class='ocrx_word' id='word_1_188' title='bbox 701 2614 751 2672; x_wconf 87' lang='lat' dir='ltr'><strong>die</strong></span> <span class='ocrx_word' id='word_1_189' title='bbox 774 2614 912 2684; x_wconf 81' lang='lat' dir='ltr'><strong>Veneris,</strong></span> <span class='ocrx_word' id='word_1_190' title='bbox 944 2614 1095 2686; x_wconf 89' lang='lat' dir='ltr'><strong>vigesima</strong></span> <span class='ocrx_word' id='word_1_191' title='bbox 1119 2613 1232 2669; x_wconf 90' lang='lat' dir='ltr'><strong>mensis</strong></span> <span class='ocrx_word' id='word_1_192' title='bbox 1255 2612 1338 2669; x_wconf 90' lang='lat' dir='ltr'><strong>maii.</strong></span> <span class='ocrx_word' id='word_1_193' title='bbox 1364 2613 1453 2667; x_wconf 90' lang='lat' dir='ltr'><strong>Anno</strong></span> 
     </span>
     <span class='ocr_line' id='line_1_23' title="bbox 187 2719 1256 2795; baseline -0.001 -18"><span class='ocrx_word' id='word_1_194' title='bbox 187 2719 306 2779; x_wconf 91' lang='lat' dir='ltr'><strong>domini</strong></span> <span class='ocrx_word' id='word_1_195' title='bbox 330 2721 499 2780; x_wconf 88' lang='lat' dir='ltr'><strong>millesimo</strong></span> <span class='ocrx_word' id='word_1_196' title='bbox 524 2720 828 2795; x_wconf 88' lang='lat' dir='ltr'><strong>quadringentesimo</strong></span> <span class='ocrx_word' id='word_1_197' title='bbox 851 2720 1089 2794; x_wconf 87' lang='lat' dir='ltr'><strong>quadragesimo</strong></span> <span class='ocrx_word' id='word_1_198' title='bbox 1111 2720 1256 2793; x_wconf 90' lang='lat' dir='ltr'><strong>septimo.</strong></span> 
     </span>
     <span class='ocr_line' id='line_1_24' title="bbox 623 2834 1418 2904; baseline -0.009 -15"><span class='ocrx_word' id='word_1_199' title='bbox 623 2840 745 2889; x_wconf 80' lang='lat' dir='ltr'><strong>Oratores</strong></span> <span class='ocrx_word' id='word_1_200' title='bbox 763 2846 788 2888; x_wconf 92' lang='lat' dir='ltr'><strong>et</strong></span> <span class='ocrx_word' id='word_1_201' title='bbox 808 2838 934 2904; x_wconf 88' lang='lat' dir='ltr'><strong>capellani</strong></span> <span class='ocrx_word' id='word_1_202' title='bbox 953 2837 1093 2903; x_wconf 82' lang='lat' dir='ltr'><strong>capitulum</strong></span> <span class='ocrx_word' id='word_1_203' title='bbox 1112 2836 1219 2885; x_wconf 85' lang='lat' dir='ltr'><strong>ecclesie</strong></span> <span class='ocrx_word' id='word_1_204' title='bbox 1237 2834 1418 2899; x_wconf 85' lang='lat' dir='ltr'><strong>zagrabieusis.</strong></span> 
     </span>
    </p>
   </div>
   <div class='ocr_carea' id='block_1_6' title="bbox 187 2961 1454 3104">
    <p class='ocr_par' dir='ltr' id='par_1_6' title="bbox 187 2961 1454 3104">
     <span class='ocr_line' id='line_1_25' title="bbox 293 2961 1454 3030; baseline -0.003 -17"><span class='ocrx_word' id='word_1_205' title='bbox 293 2965 372 3013; x_wconf 90' lang='lat' dir='ltr'><strong>Liber</strong></span> <span class='ocrx_word' id='word_1_206' title='bbox 391 2965 486 3014; x_wconf 87' lang='lat' dir='ltr'><strong>rubeus</strong></span> <span class='ocrx_word' id='word_1_207' title='bbox 505 2980 561 3015; x_wconf 86' lang='lat' dir='ltr'><strong>ven.</strong></span> <span class='ocrx_word' id='word_1_208' title='bbox 582 2963 689 3030; x_wconf 86' lang='lat' dir='ltr'><strong>capituli</strong></span> <span class='ocrx_word' id='word_1_209' title='bbox 708 2964 768 3015; x_wconf 92' lang='lat' dir='ltr'><strong>eccl.</strong></span> <span class='ocrx_word' id='word_1_210' title='bbox 797 2965 977 3028; x_wconf 82' lang='lat' dir='ltr'><strong>zagrabiensis.</strong></span> <span class='ocrx_word' id='word_1_211' title='bbox 997 2965 1029 3012; x_wconf 90' lang='lat' dir='ltr'><strong>In</strong></span> <span class='ocrx_word' id='word_1_212' title='bbox 1047 2963 1142 3014; x_wconf 86' lang='lat' dir='ltr'><strong>archiv.</strong></span> <span class='ocrx_word' id='word_1_213' title='bbox 1171 2961 1234 3011; x_wconf 89' lang='lat' dir='ltr'><strong>incl.</strong></span> <span class='ocrx_word' id='word_1_214' title='bbox 1253 2962 1338 3012; x_wconf 81' lang='lat' dir='ltr'><strong>Acad.</strong></span> <span class='ocrx_word' id='word_1_215' title='bbox 1364 2961 1454 3010; x_wconf 85' lang='lat' dir='ltr'><strong>scient.</strong></span> 
     </span>
     <span class='ocr_line' id='line_1_26' title="bbox 187 3053 365 3104; baseline 0 0"><span class='ocrx_word' id='word_1_216' title='bbox 187 3053 255 3104; x_wconf 84' lang='lat' dir='ltr'><strong>Slav.</strong></span> <span class='ocrx_word' id='word_1_217' title='bbox 276 3054 365 3104; x_wconf 86' lang='lat' dir='ltr'><strong>merid.</strong></span> 
     </span>
    </p>
   </div>
   <div class='ocr_carea' id='block_1_7' title="bbox 783 3227 861 3295">
    <p class='ocr_par' dir='ltr' id='par_1_7' title="bbox 783 3227 861 3295">
     <span class='ocr_line' id='line_1_27' title="bbox 783 3227 861 3295; baseline -0.013 -1"><span class='ocrx_word' id='word_1_218' title='bbox 783 3227 861 3295; x_wconf 82' lang='lat'>143.</span> 
     </span>
    </p>
   </div>
   <div class='ocr_carea' id='block_1_8' title="bbox 293 3353 838 3418">
    <p class='ocr_par' dir='ltr' id='par_1_8' title="bbox 293 3353 838 3418">
     <span class='ocr_line' id='line_1_28' title="bbox 293 3353 838 3418; baseline -0.006 -14"><span class='ocrx_word' id='word_1_219' title='bbox 293 3356 374 3404; x_wconf 84' lang='lat' dir='ltr'><strong>Anno</strong></span> <span class='ocrx_word' id='word_1_220' title='bbox 395 3366 470 3418; x_wconf 85' lang='lat'><strong>1447,</strong></span> <span class='ocrx_word' id='word_1_221' title='bbox 490 3365 531 3416; x_wconf 84' lang='lat'><strong>23.</strong></span> <span class='ocrx_word' id='word_1_222' title='bbox 549 3353 670 3406; x_wconf 87' lang='lat' dir='ltr'><strong>octobris.</strong></span> <span class='ocrx_word' id='word_1_223' title='bbox 689 3353 838 3417; x_wconf 85' lang='lat' dir='ltr'><strong>Zagrabiae.</strong></span> 
     </span>
    </p>
   </div>
   <div class='ocr_carea' id='block_1_9' title="bbox 194 3451 1454 3619">
    <p class='ocr_par' dir='ltr' id='par_1_9' title="bbox 194 3451 1454 3619">
     <span class='ocr_line' id='line_1_29' title="bbox 194 3451 1454 3529; baseline -0.007 -14"><span class='ocrx_word' id='word_1_224' title='bbox 194 3457 300 3515; x_wconf 86' lang='lat' dir='ltr'><strong>Coram</strong></span> <span class='ocrx_word' id='word_1_225' title='bbox 322 3457 458 3514; x_wconf 82' lang='lat' dir='ltr'><strong>comitatu</strong></span> <span class='ocrx_word' id='word_1_226' title='bbox 480 3456 598 3529; x_wconf 79' lang='lat' dir='ltr'><strong>zagrab.</strong></span> <span class='ocrx_word' id='word_1_227' title='bbox 620 3456 805 3513; x_wconf 77' lang='lat' dir='ltr'><strong>cmrtmum&#39;tas</strong></span> <span class='ocrx_word' id='word_1_228' title='bbox 838 3455 963 3511; x_wconf 66' lang='lat' dir='ltr'><strong>civitatis</strong></span> <span class='ocrx_word' id='word_1_229' title='bbox 985 3454 1088 3509; x_wconf 67' lang='lat' dir='ltr'><strong>inentis</strong></span> <span class='ocrx_word' id='word_1_230' title='bbox 1117 3451 1266 3509; x_wconf 79' lang='lat' dir='ltr'><strong>Greccnst‘s</strong></span> <span class='ocrx_word' id='word_1_231' title='bbox 1288 3469 1307 3506; x_wconf 70' lang='lat' dir='ltr'><strong>iz</strong></span> <span class='ocrx_word' id='word_1_232' title='bbox 1330 3451 1454 3523; x_wconf 64' lang='lat' dir='ltr'><strong>capitale</strong></span> 
     </span>
     <span class='ocr_line' id='line_1_30' title="bbox 246 3540 1388 3619; baseline -0.005 -18"><span class='ocrx_word' id='word_1_233' title='bbox 246 3545 431 3619; x_wconf 82' lang='lat' dir='ltr'><strong>aagrabicnsi</strong></span> <span class='ocrx_word' id='word_1_234' title='bbox 449 3562 536 3618; x_wconf 82' lang='lat' dir='ltr'><strong>agros</strong></span> <span class='ocrx_word' id='word_1_235' title='bbox 557 3541 698 3618; x_wconf 79' lang='lat' dir='ltr'><strong>quosdam</strong></span> <span class='ocrx_word' id='word_1_236' title='bbox 721 3545 930 3601; x_wconf 81' lang='lat' dir='ltr'><strong>comnmnitatr&#39;s</strong></span> <span class='ocrx_word' id='word_1_237' title='bbox 952 3549 1054 3599; x_wconf 78' lang='lat' dir='ltr'><strong>contra</strong></span> <span class='ocrx_word' id='word_1_238' title='bbox 1068 3542 1125 3619; x_wconf 82' lang='lat' dir='ltr'><strong>jus</strong></span> <span class='ocrx_word' id='word_1_239' title='bbox 1147 3540 1282 3613; x_wconf 59' lang='lat' dir='ltr'><strong>acceptari</strong></span> <span class='ocrx_word' id='word_1_240' title='bbox 1303 3546 1388 3595; x_wconf 75' lang='lat' dir='ltr'><strong>vetat.</strong></span> 
     </span>
    </p>
   </div>
   <div class='ocr_carea' id='block_1_10' title="bbox 187 3684 1454 4934">
    <p class='ocr_par' dir='ltr' id='par_1_10' title="bbox 187 3684 1454 4934">
     <span class='ocr_line' id='line_1_31' title="bbox 293 3684 1454 3763; baseline -0.007 -15"><span class='ocrx_word' id='word_1_241' title='bbox 293 3690 357 3749; x_wconf 92' lang='lat' dir='ltr'><strong>Nos</strong></span> <span class='ocrx_word' id='word_1_242' title='bbox 391 3689 545 3762; x_wconf 90' lang='lat' dir='ltr'><strong>Georgius</strong></span> <span class='ocrx_word' id='word_1_243' title='bbox 578 3687 717 3762; x_wconf 88' lang='lat' dir='ltr'><strong>Glaynar</strong></span> <span class='ocrx_word' id='word_1_244' title='bbox 751 3704 854 3747; x_wconf 87' lang='lat' dir='ltr'><strong>comes</strong></span> <span class='ocrx_word' id='word_1_245' title='bbox 888 3694 917 3745; x_wconf 92' lang='lat' dir='ltr'><strong>et</strong></span> <span class='ocrx_word' id='word_1_246' title='bbox 951 3685 1068 3763; x_wconf 88' lang='lat' dir='ltr'><strong>judices</strong></span> <span class='ocrx_word' id='word_1_247' title='bbox 1102 3686 1257 3743; x_wconf 92' lang='lat' dir='ltr'><strong>nobilium</strong></span> <span class='ocrx_word' id='word_1_248' title='bbox 1291 3684 1454 3742; x_wconf 89' lang='lat' dir='ltr'><strong>comitatus</strong></span> 
     </span>
     <span class='ocr_line' id='line_1_32' title="bbox 187 3789 1450 3872; baseline -0.008 -16"><span class='ocrx_word' id='word_1_249' title='bbox 187 3798 406 3872; x_wconf 86' lang='lat' dir='ltr'><strong>zagrabiensis.</strong></span> <span class='ocrx_word' id='word_1_250' title='bbox 431 3797 579 3853; x_wconf 87' lang='lat' dir='ltr'><strong>Memorie</strong></span> <span class='ocrx_word' id='word_1_251' title='bbox 595 3795 850 3853; x_wconf 91' lang='lat' dir='ltr'><strong>commendamus</strong></span> <span class='ocrx_word' id='word_1_252' title='bbox 868 3811 921 3869; x_wconf 89' lang='lat' dir='ltr'><strong>per</strong></span> <span class='ocrx_word' id='word_1_253' title='bbox 937 3801 1102 3866; x_wconf 90' lang='lat' dir='ltr'><strong>presentes,</strong></span> <span class='ocrx_word' id='word_1_254' title='bbox 1119 3791 1203 3865; x_wconf 83' lang='lat' dir='ltr'><strong>quod</strong></span> <span class='ocrx_word' id='word_1_255' title='bbox 1227 3793 1275 3848; x_wconf 91' lang='lat' dir='ltr'><strong>vir</strong></span> <span class='ocrx_word' id='word_1_256' title='bbox 1299 3789 1450 3864; x_wconf 86' lang='lat' dir='ltr'><strong>providus</strong></span> 
     </span>
     <span class='ocr_line' id='line_1_33' title="bbox 188 3895 1453 3975; baseline -0.008 -13"><span class='ocrx_word' id='word_1_257' title='bbox 188 3912 219 3962; x_wconf 92' lang='lat' dir='ltr'><strong>et</strong></span> <span class='ocrx_word' id='word_1_258' title='bbox 242 3904 390 3962; x_wconf 89' lang='lat' dir='ltr'><strong>honestus</strong></span> <span class='ocrx_word' id='word_1_259' title='bbox 414 3903 563 3974; x_wconf 79' lang='lat' dir='ltr'><strong>Mathyas,</strong></span> <span class='ocrx_word' id='word_1_260' title='bbox 588 3901 672 3959; x_wconf 89' lang='lat' dir='ltr'><strong>filius</strong></span> <span class='ocrx_word' id='word_1_261' title='bbox 690 3901 820 3972; x_wconf 76' lang='lat' dir='ltr'><strong>Andros,</strong></span> <span class='ocrx_word' id='word_1_262' title='bbox 842 3898 960 3975; x_wconf 79' lang='lat' dir='ltr'><strong>juratus</strong></span> <span class='ocrx_word' id='word_1_263' title='bbox 984 3900 1060 3957; x_wconf 89' lang='lat' dir='ltr'><strong>civis</strong></span> <span class='ocrx_word' id='word_1_264' title='bbox 1083 3899 1216 3956; x_wconf 87' lang='lat' dir='ltr'><strong>civitatis</strong></span> <span class='ocrx_word' id='word_1_265' title='bbox 1239 3898 1352 3954; x_wconf 90' lang='lat' dir='ltr'><strong>montis</strong></span> <span class='ocrx_word' id='word_1_266' title='bbox 1376 3895 1453 3953; x_wconf 90' lang='lat' dir='ltr'><strong>Gre-</strong></span> 
     </span>
     <span class='ocr_line' id='line_1_34' title="bbox 189 4002 1452 4084; baseline -0.007 -16"><span class='ocrx_word' id='word_1_267' title='bbox 189 4010 287 4068; x_wconf 89' lang='lat' dir='ltr'><strong>ceusis</strong></span> <span class='ocrx_word' id='word_1_268' title='bbox 311 4009 349 4067; x_wconf 89' lang='lat' dir='ltr'><strong>de</strong></span> <span class='ocrx_word' id='word_1_269' title='bbox 372 4006 459 4084; x_wconf 89' lang='lat' dir='ltr'><strong>juxta</strong></span> <span class='ocrx_word' id='word_1_270' title='bbox 493 4008 688 4081; x_wconf 87' lang='lat' dir='ltr'><strong>Zagrabiam,</strong></span> <span class='ocrx_word' id='word_1_271' title='bbox 722 4013 903 4082; x_wconf 91' lang='lat' dir='ltr'><strong>procurator</strong></span> <span class='ocrx_word' id='word_1_272' title='bbox 938 4007 1108 4078; x_wconf 90' lang='lat' dir='ltr'><strong>legittimus</strong></span> <span class='ocrx_word' id='word_1_273' title='bbox 1145 4005 1283 4061; x_wconf 91' lang='lat' dir='ltr'><strong>virorum</strong></span> <span class='ocrx_word' id='word_1_274' title='bbox 1308 4002 1452 4059; x_wconf 90' lang='lat' dir='ltr'><strong>similiter</strong></span> 
     </span>
     <span class='ocr_line' id='line_1_35' title="bbox 187 4108 1452 4191; baseline -0.008 -17"><span class='ocrx_word' id='word_1_275' title='bbox 187 4115 393 4191; x_wconf 90' lang='lat' dir='ltr'><strong>providorum</strong></span> <span class='ocrx_word' id='word_1_276' title='bbox 410 4120 440 4173; x_wconf 89' lang='lat' dir='ltr'><strong>et</strong></span> <span class='ocrx_word' id='word_1_277' title='bbox 455 4116 664 4185; x_wconf 85' lang='lat' dir='ltr'><strong>honestorum,</strong></span> <span class='ocrx_word' id='word_1_278' title='bbox 680 4112 791 4189; x_wconf 88' lang='lat' dir='ltr'><strong>judicis</strong></span> <span class='ocrx_word' id='word_1_279' title='bbox 804 4120 834 4170; x_wconf 91' lang='lat' dir='ltr'><strong>et</strong></span> <span class='ocrx_word' id='word_1_280' title='bbox 856 4111 1029 4188; x_wconf 90' lang='lat' dir='ltr'><strong>juratorum</strong></span> <span class='ocrx_word' id='word_1_281' title='bbox 1052 4126 1087 4167; x_wconf 93' lang='lat' dir='ltr'><strong>ac</strong></span> <span class='ocrx_word' id='word_1_282' title='bbox 1103 4110 1319 4167; x_wconf 88' lang='lat' dir='ltr'><strong>universorum</strong></span> <span class='ocrx_word' id='word_1_283' title='bbox 1336 4108 1452 4164; x_wconf 89' lang='lat' dir='ltr'><strong>civium</strong></span> 
     </span>
     <span class='ocr_line' id='line_1_36' title="bbox 188 4213 1452 4292; baseline -0.01 -11"><span class='ocrx_word' id='word_1_284' title='bbox 188 4230 217 4281; x_wconf 96' lang='lat' dir='ltr'><strong>et</strong></span> <span class='ocrx_word' id='word_1_285' title='bbox 240 4224 338 4282; x_wconf 88' lang='lat' dir='ltr'><strong>tocius</strong></span> <span class='ocrx_word' id='word_1_286' title='bbox 361 4222 592 4280; x_wconf 91' lang='lat' dir='ltr'><strong>communitatis</strong></span> <span class='ocrx_word' id='word_1_287' title='bbox 613 4222 729 4279; x_wconf 89' lang='lat' dir='ltr'><strong>civium</strong></span> <span class='ocrx_word' id='word_1_288' title='bbox 753 4226 782 4277; x_wconf 89' lang='lat' dir='ltr'><strong>et</strong></span> <span class='ocrx_word' id='word_1_289' title='bbox 806 4220 965 4292; x_wconf 90' lang='lat' dir='ltr'><strong>hospitum</strong></span> <span class='ocrx_word' id='word_1_290' title='bbox 988 4226 1017 4274; x_wconf 89' lang='lat' dir='ltr'><strong>et</strong></span> <span class='ocrx_word' id='word_1_291' title='bbox 1040 4217 1287 4273; x_wconf 89' lang='lat' dir='ltr'><strong>inhabitatorum</strong></span> <span class='ocrx_word' id='word_1_292' title='bbox 1317 4213 1452 4270; x_wconf 86' lang='lat' dir='ltr'><strong>civitatis</strong></span> 
     </span>
     <span class='ocr_line' id='line_1_37' title="bbox 188 4317 1452 4405; baseline -0.011 -16"><span class='ocrx_word' id='word_1_293' title='bbox 188 4336 348 4405; x_wconf 88' lang='lat' dir='ltr'><strong>prenotate</strong></span> <span class='ocrx_word' id='word_1_294' title='bbox 383 4328 561 4387; x_wconf 88' lang='lat' dir='ltr'><strong>nominibus</strong></span> <span class='ocrx_word' id='word_1_295' title='bbox 594 4334 624 4384; x_wconf 90' lang='lat' dir='ltr'><strong>et</strong></span> <span class='ocrx_word' id='word_1_296' title='bbox 658 4344 689 4384; x_wconf 92' lang='lat' dir='ltr'><strong>m</strong></span> <span class='ocrx_word' id='word_1_297' title='bbox 726 4326 865 4400; x_wconf 88' lang='lat' dir='ltr'><strong>personis</strong></span> <span class='ocrx_word' id='word_1_298' title='bbox 897 4326 1037 4398; x_wconf 86' lang='lat' dir='ltr'><strong>ipsorum</strong></span> <span class='ocrx_word' id='word_1_299' title='bbox 1073 4328 1213 4379; x_wconf 89' lang='lat' dir='ltr'><strong>nostrum</strong></span> <span class='ocrx_word' id='word_1_300' title='bbox 1255 4317 1452 4395; x_wconf 89' lang='lat' dir='ltr'><strong>judiciarium</strong></span> 
     </span>
     <span class='ocr_line' id='line_1_38' title="bbox 189 4426 1450 4508; baseline -0.01 -14"><span class='ocrx_word' id='word_1_301' title='bbox 189 4436 294 4495; x_wconf 86' lang='lat' dir='ltr'><strong>adiens</strong></span> <span class='ocrx_word' id='word_1_302' title='bbox 329 4440 537 4508; x_wconf 90' lang='lat' dir='ltr'><strong>conspectum,</strong></span> <span class='ocrx_word' id='word_1_303' title='bbox 571 4433 662 4491; x_wconf 92' lang='lat' dir='ltr'><strong>nobis</strong></span> <span class='ocrx_word' id='word_1_304' title='bbox 697 4448 753 4507; x_wconf 89' lang='lat' dir='ltr'><strong>per</strong></span> <span class='ocrx_word' id='word_1_305' title='bbox 788 4431 916 4489; x_wconf 89' lang='lat' dir='ltr'><strong>modum</strong></span> <span class='ocrx_word' id='word_1_306' title='bbox 940 4428 1176 4505; x_wconf 88' lang='lat' dir='ltr'><strong>protestacionis</strong></span> <span class='ocrx_word' id='word_1_307' title='bbox 1200 4434 1229 4483; x_wconf 92' lang='lat' dir='ltr'><strong>et</strong></span> <span class='ocrx_word' id='word_1_308' title='bbox 1254 4426 1450 4483; x_wconf 89' lang='lat' dir='ltr'><strong>inhibicionis</strong></span> 
     </span>
     <span class='ocr_line' id='line_1_39' title="bbox 189 4530 1450 4616; baseline -0.01 -15"><span class='ocrx_word' id='word_1_309' title='bbox 189 4541 362 4616; x_wconf 85' lang='lat' dir='ltr'><strong>significare</strong></span> <span class='ocrx_word' id='word_1_310' title='bbox 385 4541 506 4598; x_wconf 87' lang='lat' dir='ltr'><strong>curavit</strong></span> <span class='ocrx_word' id='word_1_311' title='bbox 530 4541 561 4597; x_wconf 92' lang='lat' dir='ltr'><strong>in</strong></span> <span class='ocrx_word' id='word_1_312' title='bbox 584 4540 664 4596; x_wconf 92' lang='lat' dir='ltr'><strong>hunc</strong></span> <span class='ocrx_word' id='word_1_313' title='bbox 681 4538 826 4596; x_wconf 89' lang='lat' dir='ltr'><strong>modum:</strong></span> <span class='ocrx_word' id='word_1_314' title='bbox 843 4544 877 4595; x_wconf 94' lang='lat' dir='ltr'><strong>ut</strong></span> <span class='ocrx_word' id='word_1_315' title='bbox 900 4538 1060 4609; x_wconf 90' lang='lat' dir='ltr'><strong>sicutipse</strong></span> <span class='ocrx_word' id='word_1_316' title='bbox 1082 4549 1214 4591; x_wconf 89' lang='lat' dir='ltr'><strong>unacum</strong></span> <span class='ocrx_word' id='word_1_317' title='bbox 1234 4533 1323 4590; x_wconf 90' lang='lat' dir='ltr'><strong>dictis</strong></span> <span class='ocrx_word' id='word_1_318' title='bbox 1339 4530 1450 4607; x_wconf 82' lang='lat' dir='ltr'><strong>judice,</strong></span> 
     </span>
     <span class='ocr_line' id='line_1_40' title="bbox 188 4638 1451 4724; baseline -0.01 -18"><span class='ocrx_word' id='word_1_319' title='bbox 188 4646 297 4724; x_wconf 82' lang='lat' dir='ltr'><strong>juratis</strong></span> <span class='ocrx_word' id='word_1_320' title='bbox 319 4653 350 4705; x_wconf 94' lang='lat' dir='ltr'><strong>et</strong></span> <span class='ocrx_word' id='word_1_321' title='bbox 372 4647 524 4705; x_wconf 89' lang='lat' dir='ltr'><strong>universis</strong></span> <span class='ocrx_word' id='word_1_322' title='bbox 547 4646 669 4703; x_wconf 91' lang='lat' dir='ltr'><strong>civibus</strong></span> <span class='ocrx_word' id='word_1_323' title='bbox 692 4660 727 4702; x_wconf 91' lang='lat' dir='ltr'><strong>ac</strong></span> <span class='ocrx_word' id='word_1_324' title='bbox 751 4651 814 4702; x_wconf 92' lang='lat' dir='ltr'><strong>tota</strong></span> <span class='ocrx_word' id='word_1_325' title='bbox 837 4643 1058 4701; x_wconf 88' lang='lat' dir='ltr'><strong>communitate</strong></span> <span class='ocrx_word' id='word_1_326' title='bbox 1081 4640 1196 4698; x_wconf 87' lang='lat' dir='ltr'><strong>civium</strong></span> <span class='ocrx_word' id='word_1_327' title='bbox 1227 4647 1257 4696; x_wconf 90' lang='lat' dir='ltr'><strong>et</strong></span> <span class='ocrx_word' id='word_1_328' title='bbox 1291 4638 1451 4711; x_wconf 90' lang='lat' dir='ltr'><strong>hospitum</strong></span> 
     </span>
     <span class='ocr_line' id='line_1_41' title="bbox 189 4743 1453 4824; baseline -0.01 -11"><span class='ocrx_word' id='word_1_329' title='bbox 189 4768 224 4813; x_wconf 88' lang='lat' dir='ltr'><strong>ac</strong></span> <span class='ocrx_word' id='word_1_330' title='bbox 246 4753 491 4812; x_wconf 90' lang='lat' dir='ltr'><strong>inhabitatorum</strong></span> <span class='ocrx_word' id='word_1_331' title='bbox 513 4752 647 4809; x_wconf 90' lang='lat' dir='ltr'><strong>civitatis</strong></span> <span class='ocrx_word' id='word_1_332' title='bbox 670 4755 829 4824; x_wconf 90' lang='lat' dir='ltr'><strong>prenotate</strong></span> <span class='ocrx_word' id='word_1_333' title='bbox 853 4749 1069 4823; x_wconf 72' lang='lat' dir='ltr'><strong>percepissent,</strong></span> <span class='ocrx_word' id='word_1_334' title='bbox 1094 4745 1290 4804; x_wconf 88' lang='lat' dir='ltr'><strong>honorabiles</strong></span> <span class='ocrx_word' id='word_1_335' title='bbox 1315 4744 1375 4802; x_wconf 91' lang='lat' dir='ltr'><strong>viri</strong></span> <span class='ocrx_word' id='word_1_336' title='bbox 1399 4743 1453 4801; x_wconf 93' lang='lat' dir='ltr'><strong>do·</strong></span> 
     </span>
     <span class='ocr_line' id='line_1_42' title="bbox 189 4851 1452 4934; baseline -0.008 -14"><span class='ocrx_word' id='word_1_337' title='bbox 189 4860 266 4920; x_wconf 88' lang='lat' dir='ltr'><strong>mini</strong></span> <span class='ocrx_word' id='word_1_338' title='bbox 289 4859 474 4934; x_wconf 83' lang='lat' dir='ltr'><strong>prepositus,</strong></span> <span class='ocrx_word' id='word_1_339' title='bbox 495 4864 602 4916; x_wconf 91' lang='lat' dir='ltr'><strong>cantor</strong></span> <span class='ocrx_word' id='word_1_340' title='bbox 640 4863 669 4914; x_wconf 93' lang='lat' dir='ltr'><strong>et</strong></span> <span class='ocrx_word' id='word_1_341' title='bbox 703 4856 800 4915; x_wconf 91' lang='lat' dir='ltr'><strong>lector</strong></span> <span class='ocrx_word' id='word_1_342' title='bbox 835 4871 871 4912; x_wconf 90' lang='lat' dir='ltr'><strong>ac</strong></span> <span class='ocrx_word' id='word_1_343' title='bbox 894 4854 988 4912; x_wconf 89' lang='lat' dir='ltr'><strong>ceteri</strong></span> <span class='ocrx_word' id='word_1_344' title='bbox 1022 4853 1141 4911; x_wconf 91' lang='lat' dir='ltr'><strong>domini</strong></span> <span class='ocrx_word' id='word_1_345' title='bbox 1173 4851 1318 4909; x_wconf 88' lang='lat' dir='ltr'><strong>videlicet</strong></span> <span class='ocrx_word' id='word_1_346' title='bbox 1352 4851 1452 4910; x_wconf 87' lang='lat' dir='ltr'><strong>archi·</strong></span> 
     </span>
    </p>
   </div>
   <div class='ocr_carea' id='block_1_11' title="bbox 0 0 1649 5348">
    <p class='ocr_par' dir='ltr' id='par_1_11' title="bbox 0 0 1649 5348">
     <span class='ocr_line' id='line_1_43' title="bbox 0 0 1649 5348; baseline 0 0"><span class='ocrx_word' id='word_1_347' title='bbox 0 0 1649 5348; x_wconf 95' lang='lat' dir='ltr'><strong> </strong></span> 
     </span>
    </p>
   </div>
  </div>
 </body>
</html>
