3278 5348
286 436 347 494 44²
697 414 772 473 Dor.
791 428 866 492 345.
891 448 934 458 -
958 414 1014 475 An.
1036 411 1129 493 1487.

283 635 314 692 itt
345 633 462 691 eisdem
497 634 581 690 clare
614 632 797 704 conscriptis
826 638 856 690 et
890 632 1076 706 specificatis
1106 634 1340 706 consignassent
1375 640 1407 692 et
1431 632 1553 693 easdem

285 742 429 797 suburra
463 747 492 795 et
522 738 629 796 eadem
666 737 835 795 inclusione
867 746 1023 798 metarum
1046 755 1118 797 cum
1141 741 1259 797 cunctis
1283 741 1351 798 suis
1375 740 1557 799 utilitatibus

286 855 316 904 et
347 847 542 919 pertinenciis
573 844 765 918 quibuslibet
802 847 982 904 memoratis
1017 847 1138 905 civibus
1175 846 1310 904 civitatis
1344 847 1462 904 montis
1485 845 1556 904 Gre-

285 953 382 1010 censis
405 953 435 1009 in
460 959 645 1026 perpetuum
677 952 852 1008 statuissent
877 957 908 1009 et
930 951 1136 1024 reliquissent.
1160 951 1253 1009 Sexta
1277 966 1418 1025 namque
1442 967 1555 1022 earum,

284 1058 427 1115 similiter
460 1059 557 1130 ipsius
586 1057 723 1129 capituli,
761 1072 855 1129 super
886 1059 1137 1115 reambuiacione
1160 1066 1190 1115 et
1214 1064 1371 1116 metarum
1408 1060 1555 1117 erectione

283 1162 436 1221 dictarum
467 1163 697 1236 possessionum
728 1163 910 1235 Petrowyna
942 1171 972 1220 et
1003 1162 1213 1235 Sylakowyna
1249 1164 1304 1222 sed
1329 1174 1360 1221 et
1384 1166 1552 1223 statucione

284 1269 463 1326 earumdem
488 1271 563 1343 ipsis
583 1270 704 1327 civibus
727 1269 822 1327 iactas
839 1270 1078 1344 privilegialiter
1094 1270 1185 1341 edita,
1202 1271 1341 1331 similem
1354 1287 1480 1329 sensum
1503 1287 1555 1345 pet

284 1375 388 1432 omnia
412 1377 597 1433 continebat.
622 1374 761 1449 Septima
784 1375 937 1449 siquidem
954 1384 984 1434 et
1008 1377 1118 1433 ultima
1141 1378 1281 1450 ipsarum
1306 1376 1450 1435 eiusdem
1474 1378 1554 1451 capi·

285 1481 342 1538 tuli
365 1482 572 1553 zagrabiensis
597 1483 699 1540 littera
724 1482 979 1552 reambulatoria,
996 1482 1072 1540 feria
1097 1484 1205 1555 quinta
1221 1483 1367 1556 proxima
1391 1494 1464 1556 post
1488 1500 1555 1557 pre·

283 1586 401 1644 dictum
436 1586 550 1644 festum
583 1598 686 1645 sancte
710 1588 870 1646 Trinitatis
902 1589 933 1646 in
957 1604 1037 1646 anno
1069 1589 1187 1646 domini
1211 1589 1383 1646 millesimo
1407 1596 1554 1647 trecente·

284 1693 363 1750 simo
396 1695 596 1766 nonagesimo
632 1695 740 1767 quinto
772 1694 1011 1767 privilegialiter
1043 1694 1125 1752 edita
1156 1693 1350 1763 decantabat,
1375 1694 1556 1767 quodcum

283 1798 364 1857 idem
389 1800 560 1873 capitulum
593 1802 724 1873 receptis
749 1802 861 1859 litteris
886 1801 1138 1858 reambuiatoriis
1161 1801 1254 1858 simul
1278 1805 1308 1857 et
1332 1802 1486 1858 citatoriis
1508 1817 1552 1858 se·

283 1906 436 1963 renissimi
467 1907 616 1980 principis
650 1914 681 1964 et
713 1907 839 1977 domini,
876 1907 995 1964 domini
1030 1906 1221 1978 sigismundi
1256 1905 1306 1964 dei
1330 1908 1437 1979 gracia
1475 1908 1554 1979 regis

284 2012 486 2069 illustrissimi
520 2013 686 2085 ilungarie,
718 2014 823 2085 sigillo
855 2013 994 2071 eiusdem
1018 2013 1127 2070 maiori
1152 2014 1347 2085 consignatis,
1382 2029 1442 2086 pro
1467 2025 1554 2088 parte

284 2118 488 2190 providorum
512 2127 541 2175 et
565 2119 861 2192 circumspectorum
886 2121 1026 2176 virorum
1043 2117 1154 2193 judicis
1176 2125 1205 2174 et
1226 2116 1411 2192 juratorum,
1435 2134 1552 2177 necnon

283 2226 381 2281 tocius
404 2225 634 2283 communitatis
658 2226 790 2282 civitatis
815 2227 929 2282 montis
952 2224 1115 2282 Grecerrsis
1139 2224 1238 2281 eidem
1263 2224 1403 2297 capitulo
1430 2225 1556 2282 directis

284 2339 313 2388 et
347 2329 434 2405 juxta
465 2340 646 2404 preceptum
679 2333 774 2405 ipsius
814 2331 931 2388 domini
966 2332 1048 2402 regis
1080 2330 1181 2388 eidem
1216 2331 1355 2404 capitulo
1383 2332 1556 2388 iniunctum

284 2453 417 2495 unacum
448 2437 612 2510 Stephano,
636 2436 703 2493 filio
736 2435 878 2494 Cherenlr
909 2435 948 2492 de
973 2436 1146 2508 Koznycha,
1169 2437 1295 2493 bomine
1332 2435 1408 2494 dicti
1433 2436 1553 2494 domini

283 2542 472 2615 sigismundi
495 2544 576 2615 regis
600 2544 629 2599 in
654 2544 813 2616 premissis
830 2544 923 2615 regiis
948 2542 1058 2600 litteris
1083 2543 1164 2600 inter
1187 2542 1266 2599 alios
1290 2543 1434 2601 homines
1451 2544 1553 2616 regios

283 2650 467 2707 nominatim
499 2651 683 2722 conscript0,
708 2649 867 2707 hominem
900 2648 973 2706 dicti
1005 2649 1144 2722 capituli,
1169 2647 1313 2705 videlicet
1336 2649 1556 2707 honorabilem

283 2755 386 2813 virum
412 2754 573 2812 dominum
604 2755 778 2836 Jobannem
804 2755 971 2824 Lanceloti,
994 2755 1113 2811 socium
1138 2760 1167 2810 et
1190 2754 1432 2812 concanonicum
1458 2757 1555 2830 ipsius

283 2862 420 2933 capituli,
444 2861 482 2916 ad
508 2861 720 2933 infrascriptas
744 2861 1027 2918 reambulacionem
1046 2866 1075 2917 et
1100 2867 1251 2916 metarum
1264 2861 1461 2919 ereccionem
1484 2878 1555 2936 pos·

283 2968 425 3023 sessionis
450 2967 642 3039 prefatorum
659 2966 779 3041 judicis,
794 2965 967 3041 juratcrum
992 2967 1108 3023 civium
1132 2965 1211 3023 dicte
1234 2967 1369 3024 civitatis
1393 2968 1552 3040 Hrasthya

283 3082 399 3142 vocate,
424 3073 454 3129 in
478 3088 589 3147 campo
613 3074 805 3145 zagrabiensi
829 3074 912 3129 ultra
935 3072 1064 3129 fluvium
1090 3072 1179 3129 Zawe
1203 3073 1307 3130 habite
1331 3082 1361 3130 et
1384 3075 1553 3145 existentis,

283 3179 445 3247 faciendas,
478 3195 535 3253 pro
561 3181 737 3236 testimonio
769 3181 866 3252 ipsius
897 3179 1027 3252 capituli
1062 3178 1221 3236 duxissent
1243 3178 1474 3252 destinandum,
1498 3182 1553 3253 qui

283 3286 407 3342 tandem
439 3287 549 3343 exinde
581 3287 619 3343 ad
652 3286 734 3343 idem
767 3287 939 3359 capitulum
971 3287 1087 3343 reversi
1118 3293 1147 3342 et
1172 3301 1227 3359 per
1257 3285 1342 3342 idem
1377 3288 1553 3360 capitulum

282 3391 447 3462 diligenter
472 3395 609 3466 requisiti
627 3392 728 3450 eidem
752 3391 946 3450 concorditer
963 3393 1138 3450 retulissent
1162 3393 1216 3450 tali
1241 3391 1349 3449 modo:
1374 3393 1460 3465 quod
1477 3408 1549 3451 cou-

282 3499 399 3554 vocatis
416 3499 491 3556 inibi
508 3500 660 3556 universis
677 3499 814 3556 eiusdem
832 3500 1033 3572 possessionis
1043 3500 1198 3570 Hrasthya
1212 3499 1320 3556 vicinis
1338 3508 1368 3556 et
1381 3506 1553 3558 commeta·

282 3604 345 3660 neis
370 3620 405 3660 ac
430 3607 633 3677 presentibus,
650 3606 780 3663 eandem
797 3622 852 3678 per
876 3621 946 3662 suas
972 3621 1059 3663 veras
1084 3612 1202 3662 veteres
1225 3611 1255 3662 et
1278 3606 1423 3678 antiquas
1448 3613 1553 3675 metas,

282 3716 375 3780 prout
388 3727 441 3782 per
458 3713 575 3782 regiam
589 3713 781 3769 maiestatem
795 3729 918 3786 semper
931 3722 960 3769 et
976 3714 1017 3768 ab
1033 3712 1161 3784 antiquo
1177 3718 1259 3767 tenta
1275 3710 1393 3782 fuisset,
1405 3711 1552 3768 reambu·

279 3815 387 3885 lantes,
400 3818 551 3890 novisque
569 3821 656 3875 metis
670 3826 698 3875 et
715 3820 809 3890 signis
824 3820 989 3876 metaiibus
1006 3819 1116 3876 litteris
1132 3819 1163 3875 in
1180 3815 1297 3874 eisdem
1313 3818 1502 3890 expressatis
1521 3826 1552 3875 et

280 3922 363 3977 clare
385 3923 577 3995 specificatis,
602 3927 823 3996 consignantes,
846 3942 916 3981 curn
941 3925 1057 3981 cunctis
1090 3923 1276 3980 utilitatibus
1299 3928 1329 3979 et
1354 3923 1553 3995 pertinenciis

279 4029 471 4100 quibuslibet
489 4032 667 4086 memoratis
684 4029 787 4104 judici,
800 4029 908 4104 juratis
925 4037 954 4086 et
971 4030 1091 4086 civibus
1104 4028 1183 4085 dicte
1200 4027 1332 4084 civitatis
1345 4029 1463 4087 montis
1475 4027 1554 4087 Gre-

279 4135 376 4191 censis
392 4137 588 4207 reliquissent
605 4146 755 4209 perpetuo
775 4135 991 4209 possidendam
1007 4135 1095 4191 nulio
1112 4131 1338 4192 contradictore
1363 4142 1550 4207 apparente.

280 4241 401 4311 Quibus
428 4243 617 4312 presentatis,
640 4241 792 4298 antelatus
818 4243 964 4314 magister
988 4240 1169 4298 Benedictus
1186 4246 1371 4313 procurator
1394 4239 1472 4299 dicti
1496 4240 1555 4300 do·

281 4346 355 4402 mini
378 4349 475 4402 nostri
500 4347 590 4418 regis,
615 4348 645 4404 in
670 4364 801 4420 persona
827 4348 965 4405 eiusdem
990 4348 1178 4421 proscriptas
1202 4347 1322 4404 litteras
1351 4352 1382 4403 et
1404 4347 1559 4405 litteralia

280 4451 482 4508 instrumenta
517 4469 572 4525 per
603 4454 773 4511 antelatum
804 4455 976 4536 johannem
1003 4454 1178 4525 liennyngh
1202 4452 1296 4511 modo
1320 4453 1478 4527 premisso
1503 4469 1557 4511 ex·

276 4557 387 4614 hibere
418 4565 596 4631 assumpta,
627 4561 766 4617 exhiberi
792 4562 962 4634 postulavit
986 4577 1042 4635 per
1066 4559 1196 4617 eundem
1222 4574 1329 4616 coram
1353 4558 1456 4618 nobis.
1482 4559 1555 4633 Quo

272 4662 384 4720 audito
409 4664 563 4721 antefatus
593 4667 749 4748 Johannes
781 4667 818 4723 de
850 4668 1019 4725 Orehowcz
1044 4672 1230 4741 procurator
1252 4666 1393 4724 annotati
1418 4707 1559 4727 .....

277 4767 426 4850 Johannis
442 4769 616 4845 Hennyngb
630 4773 659 4829 in
678 4788 807 4845 persona
824 4773 964 4832 eiusdem
981 4775 1013 4831 in
1030 4779 1169 4831 nostram
1185 4787 1340 4844 exurgens
1355 4773 1558 4846 presenciam

269 4879 388 4947 -etzpro
407 4878 603 4951 ¹prescriptis
633 4879 779 4937 exhibere
810 4882 979 4954 assumptis
1012 4881 1122 4938 litteris
1155 4886 1185 4936 et
1217 4878 1411 4938 litteralibus
1434 4877 1553 4938 instru-
