3278 5348
905 544 1202 552 ——-—--—-————

620 434 694 497 Doc.
712 450 787 513 319.
812 470 854 481 -
878 436 936 497 An.
960 426 1054 516 1480.
1395 446 1455 519 4or

187 644 340 708 domibus
362 650 501 725 propriis
534 666 591 725 per
622 664 674 710 eos
705 659 736 710 et
770 652 950 727 complures
971 637 1138 726 presbiteri
1160 668 1233 711 cum
1257 655 1356 714 sertis
1379 653 1454 714 iuis-

187 762 258 815 sent
281 754 443 829 interfecti,
468 764 562 831 prout
584 758 644 817 hoc
674 758 812 832 liquetur
842 774 880 816 ex
903 759 1073 831 sentenciis,
1098 774 1175 833 quas
1199 765 1306 834 postea
1329 760 1459 820 ecclesia

186 866 294 922 sanctu
317 861 425 921 tulerit
443 868 550 922 contra
573 864 646 923 illos
669 864 701 922 in
725 869 869 937 quartam
892 881 991 938 usque
1013 867 1257 938 generacionem.

295 968 364 1043 Qua
387 985 421 1028 re
443 970 566 1043 cognita
581 970 795 1029 inclitissimus
811 969 955 1029 dominus
978 970 1151 1030 Lodouicus
1173 988 1237 1042 rex,
1254 971 1455 1046 predecessor

186 1072 217 1135 S.
240 1074 280 1134 V.
304 1075 377 1133 huic
399 1076 527 1135 ecclesie
550 1076 688 1149 affectus,
719 1074 840 1135 litteras
871 1092 926 1135 sue
956 1077 1110 1135 libertatis
1133 1079 1217 1151 regie
1240 1079 1399 1151 concessit,
1422 1084 1458 1138 ut

185 1181 245 1240 bec
268 1181 398 1240 ecclesia
421 1182 566 1241 inbonis
589 1187 619 1241 et
642 1183 890 1257 possessionibus
913 1183 985 1254 suis,
1010 1183 1124 1257 quibus
1146 1184 1179 1242 in
1201 1189 1290 1242 antea
1312 1185 1354 1243 ab
1370 1184 1457 1244 annis

184 1282 313 1346 XXXII.
343 1286 472 1361 pacifice
501 1288 743 1363 proscripsisset,
775 1303 900 1362 semper
929 1289 1059 1364 pacifice
1088 1295 1230 1348 servetur
1260 1296 1291 1349 et
1321 1290 1455 1365 gaudeat

185 1392 388 1468 prerogativa
411 1394 573 1454 libertatis.

293 1500 364 1584 Jam
398 1504 558 1576 postremo
590 1505 733 1576 tempore
767 1516 824 1576 per
858 1502 985 1561 comites
1019 1502 1099 1562 Cilie
1121 1518 1246 1562 rursum
1280 1503 1340 1561 hoc
1373 1503 1457 1577 capi·

185 1606 291 1664 tulum
308 1606 365 1665 luit
388 1608 596 1680 combustum,
612 1609 687 1666 item
703 1608 833 1667 ecclesia
848 1614 1024 1683 expugnata
1051 1616 1082 1667 et
1100 1609 1186 1668 iuxta
1213 1609 1296 1668 velle
1320 1608 1459 1668 canonici

186 1710 311 1785 detenti,
335 1715 451 1787 pactati
475 1719 506 1772 et
527 1714 661 1789 spoliati.

294 1818 397 1892 Quare
431 1819 588 1894 supplicat
622 1819 740 1880 dictum
772 1821 954 1895 capitulum,
977 1826 1012 1880 ut
1046 1821 1214 1880 clemencia
1236 1821 1337 1894 regali
1359 1819 1389 1880 S.
1413 1819 1450 1879 V.

185 1924 286 1983 instar
318 1924 454 1984 aliorum
490 1941 599 2000 regum
633 1924 703 2003 jura
737 1928 865 1986 ecclesie
899 1928 991 1987 huius
1025 1942 1119 2002 super
1140 1928 1286 1986 omnibus
1309 1927 1400 1986 bonis
1423 1933 1454 1985 et

183 2030 432 2106 possessionibus
463 2033 496 2091 in
526 2033 640 2106 quibus
671 2034 814 2106 existunt,
846 2035 879 2092 in
909 2032 1040 2109 pacifico
1063 2033 1201 2093 dominio
1233 2048 1293 2108 pro
1315 2033 1452 2108 presenti

185 2137 373 2211 generaliter
394 2137 576 2212 dignaretur
597 2137 792 2212 confirmare,
815 2145 846 2199 et
868 2139 991 2199 confere
1013 2154 1105 2198 omne
1127 2137 1176 2216 jus
1199 2150 1291 2198 suum
1320 2139 1454 2212 regium,

185 2244 213 2302 si
236 2244 321 2318 quod
345 2245 377 2303 in
400 2244 516 2303 eisdem
541 2245 733 2305 Maiestatem
756 2247 902 2305 Vestram
925 2262 964 2305 ex
987 2245 1238 2319 quibuscumque
1262 2244 1450 2316 rismodis

183 2356 217 2409 et
246 2351 347 2409 causis
378 2350 619 2425 quomodolibet
649 2358 847 2412 concemeret
881 2368 918 2410 ac
949 2366 1133 2411 concemere
1154 2358 1268 2426 posset,
1291 2351 1334 2409 ob
1355 2356 1456 2409 reme

185 2456 273 2515 dium
296 2457 406 2515 salutis
429 2462 533 2516 eterne
546 2464 575 2516 et
598 2459 696 2517 sancti
718 2460 802 2532 regis
826 2458 976 2533 Stephani
991 2460 1151 2530 honorem,
1174 2459 1206 2517 in
1230 2458 1316 2517 cuius
1337 2456 1455 2516 honore

185 2568 232 2622 est
254 2562 311 2621 hec
333 2564 462 2623 ecclesia
485 2570 670 2623 constmcta.
1437 2620 1440 2626 .

292 2670 370 2728 item
402 2668 603 2729 Serenissime
633 2672 779 2746 princeps
809 2671 967 2745 supplicat
1000 2670 1085 2729 idem
1108 2668 1282 2744 capitulum
1304 2667 1334 2728 S.
1358 2669 1394 2729 V.
1418 2674 1452 2728 ut

185 2776 284 2835 oculis
319 2776 530 2836 misericordie
564 2793 619 2836 sue
641 2777 821 2851 dignaretur
843 2777 997 2850 respicere
1021 2791 1173 2850 pauperes
1197 2776 1302 2851 ipsius,
1326 2776 1381 2850 qui
1397 2792 1453 2835 un·

185 2883 280 2957 dique
311 2889 381 2942 sunt
412 2885 585 2943 miserrime
616 2882 723 2943 afflicti
747 2889 814 2942 tum
845 2899 902 2958 per
933 2883 1051 2942 Turcos
1075 2898 1148 2941 cum
1178 2898 1235 2955 per
1259 2883 1362 2942 varios
1385 2882 1454 2941 des·

185 3005 294 3049 census
316 2991 480 3049 hominum
503 2989 532 3049 S.
556 2990 592 3049 V.
615 3006 634 3048 a
657 2989 781 3049 duobus
796 2990 860 3049 iam
883 2990 979 3063 anniS,
1002 2994 1037 3047 ut
1059 2988 1187 3047 eosdem
1209 2987 1238 3047 S.
1261 2988 1298 3047 V.
1314 2989 1452 3061 graciose

183 3112 204 3157 a
226 3097 362 3171 presenti
385 3096 617 3155 contribucione
646 3103 716 3154 taxe
738 3098 778 3156 M.
803 3096 838 3156 V.
870 3096 1070 3169 dignaremur
1101 3096 1217 3154 habere
1245 3098 1454 3168 supportatos.

291 3202 369 3261 Item
390 3201 579 3262 reverendus
614 3201 759 3262 dominus
782 3200 999 3276 Sigismundus
1022 3203 1187 3276 episcopus
1210 3198 1453 3274 Quinqueeccle'·

184 3310 293 3369 siensis
327 3310 493 3384 occupavit
527 3308 664 3367 decimas
698 3308 827 3383 capituli
860 3309 941 3367 inter
975 3309 1098 3366 Moram
1132 3313 1162 3366 et
1195 3307 1344 3364 Drawam
1378 3321 1451 3364 cum

184 3416 281 3476 tratre
303 3430 361 3475 suo
390 3417 532 3500 Johanne
554 3420 585 3475 et
608 3421 775 3490 occupatas
798 3430 857 3490 pro
881 3431 913 3473 se
936 3414 1019 3473 dicat
1042 3420 1072 3471 et
1095 3413 1199 3485 exigit,
1222 3426 1316 3485 super
1340 3412 1454 3485 quibus

183 3522 215 3584 S
237 3522 274 3582 V.
297 3523 370 3581 huic
402 3524 541 3599 capitulo
564 3524 720 3597 graciosas
752 3521 884 3580 contulit
915 3522 1035 3579 litteras
1066 3517 1322 3577 confirmacionis.
1353 3516 1455 3591 Super

184 3630 300 3704 quibus
323 3630 421 3687 eciam
454 3627 583 3687 decimis
606 3630 760 3687 habentur
782 3635 845 3688 tres
868 3627 1020 3685 sentencie
1043 3625 1218 3683 conformes
1250 3624 1373 3683 concilii
1395 3623 1452 3682 Ba·

184 3735 326 3795 sitiensis
341 3735 449 3808 ltaque
472 3736 633 3810 supplicat
654 3733 683 3793 S.
707 3734 746 3793 V.
763 3733 847 3792 idem
870 3733 1042 3807 capitulum
1067 3746 1174 3789 amore
1197 3729 1256 3801 dei,
1281 3736 1316 3789 ut
1338 3731 1452 3788 seriose

183 3840 366 3915 dignaretur
394 3840 426 3900 S.
459 3841 495 3901 V.
526 3841 608 3900 dicto
632 3841 759 3899 domino
780 3840 928 3914 episcopo
953 3845 982 3897 et
1005 3838 1095 3897 fratri
1117 3852 1173 3894 suo
1197 3837 1401 3908 committere,
1418 3842 1453 3895 ut

184 3946 305 4006 decime
335 3947 391 4006 ille
420 3948 493 4006 huic
523 3946 662 4021 capitulo
692 3947 920 4017 exolverentur,
944 3951 997 4004 aut
1020 3945 1202 4017 dignaretur
1225 3942 1254 4001 S.
1280 3942 1316 4002 V.
1340 3943 1453 4002 litteris

183 4054 249 4112 suis
272 4053 460 4127 permittere,
483 4059 517 4111 ut
539 4057 684 4127 pretextu
699 4053 810 4110 talium
832 4052 1025 4111 decimarum
1047 4051 1133 4109 idem
1158 4050 1332 4126 capitulum
1348 4049 1455 4109 valeat

183 4157 252 4237 jure
275 4158 411 4234 experiri
434 4160 521 4218 cuius
543 4160 604 4219 sint
627 4159 747 4217 decime
769 4159 831 4218 ille.

289 4266 368 4324 Item
397 4280 501 4324 comes
531 4265 739 4324 Bemardinus
769 4265 829 4324 sub
859 4270 961 4324 castro
992 4263 1127 4337 Rybnylr
1158 4268 1189 4322 et
1220 4261 1295 4321 Orel
1317 4259 1454 4319 decimas

183 4371 316 4446 capituli
345 4386 404 4447 pro
435 4386 468 4431 se
498 4371 615 4432 detinet
644 4379 675 4430 et
697 4371 836 4430 detentas
867 4371 950 4430 dicat
972 4376 1002 4428 et
1034 4371 1130 4444 exigit
1153 4385 1171 4428 a
1194 4369 1285 4427 certis
1309 4368 1397 4426 annis
1419 4366 1452 4425 in

183 4477 392 4554 preludicium
415 4479 518 4539 anime
540 4494 603 4539 sue.

289 4584 369 4643 ltem
402 4585 542 4645 Andreas
572 4586 714 4659 Kreygar
744 4585 776 4644 in
810 4584 1006 4661 pertinenciis
1038 4583 1130 4641 castri
1161 4581 1272 4641 Koztel
1304 4579 1333 4639 S.
1358 4579 1397 4640 V.
1421 4580 1454 4639 in

184 4691 333 4751 comitatu
355 4693 526 4766 zagoriensi
561 4693 699 4752 decimas
721 4693 793 4751 huic
816 4692 955 4766 capitulo
979 4687 1195 4765 provenientes
1219 4702 1277 4763 pro
1293 4700 1326 4744 se
1347 4686 1454 4760 exigit,

182 4794 268 4857 dicat
289 4802 320 4857 et
342 4800 516 4873 occupauit.
540 4799 602 4874 Qui
625 4798 778 4858 interiecit
800 4814 899 4857 unum
922 4796 1130 4873 presbiterum
1147 4794 1269 4854 racione
1292 4794 1361 4865 ista,
1378 4791 1453 4867 quia

183 4904 214 4963 cl
235 4904 362 4964 tenebat
382 4905 593 4981 interdictum,
616 4906 740 4964 racione
762 4918 826 4964 non
848 4904 1017 4963 solucionis
1043 4902 1244 4963 decimarum.
1439 4950 1443 4955 .

1314 5004 1353 5065 26
