3278 5348
192 405 255 479 364
619 401 693 458 Doc.
718 412 787 475 295.
810 434 852 444 —
878 402 934 459 An.
955 410 1044 479 1475.

192 635 412 710 procedemus,
441 635 568 693 alterius
601 635 697 708 partis
720 635 866 693 absencia
896 651 949 693 seu
982 636 1177 694 contumacia
1208 637 1241 695 in
1273 639 1380 713 aliquo
1400 654 1455 698 uon

191 743 347 812 obstante;
371 748 400 798 et
432 741 557 798 tandem
591 746 691 798 vestre
714 741 894 799 huiusmodi
918 742 1076 800 citacionis
1099 748 1129 800 et
1152 743 1391 804 certificaciouis
1414 763 1455 804 se·

191 850 270 907 riom
293 864 362 906 cum
395 847 526 904 termino
558 846 721 918 assignato,
744 855 774 904 et
795 849 991 920 presentibus
1015 849 1047 906 in
1069 849 1173 922 specie
1195 851 1347 923 remissis,
1372 853 1453 910 nobis

191 955 415 1013 conscienciose
449 954 636 1011 rescribatis.
679 953 794 1010 Datum
832 954 983 1027 Zagrabie
1024 953 1075 1012 die
1109 954 1254 1027 Saturni,
1298 958 1453 1016 undecima

192 1062 306 1120 mensis
330 1060 446 1118 marcii.
472 1062 560 1117 Anno
582 1060 700 1118 domini
714 1060 882 1118 millesimo
907 1060 1214 1136 quadringentesimo
1237 1058 1322 1120 LXX
1347 1065 1453 1138 quinto.

193 1164 240 1247 o.
272 1161 315 1245 s.)

297 1274 438 1330 llatheus
462 1272 605 1345 Gregorii
629 1273 667 1331 de
690 1279 797 1330 sancto
820 1272 956 1345 Georgio
980 1274 1118 1331 notarius
1140 1274 1172 1331 in
1196 1277 1373 1349 premissis.

298 1387 393 1445 (Tenor
418 1383 602 1446 executionis).
639 1380 704 1451 Ego
728 1379 909 1436 Benedictus
933 1378 1086 1452 plebanus
1108 1380 1260 1438 Omnium
1284 1389 1453 1441 sanctorum

191 1488 248 1546 feci
273 1490 453 1547 mandatum
471 1506 498 1546 v.
523 1505 551 1544 v.
577 1490 662 1546 iuxta
685 1492 865 1543 contentum
890 1490 1063 1543 vestrarum
1088 1485 1276 1544 litterarum.

297 1597 361 1668 Ego
393 1595 545 1668 Georgius
577 1594 729 1669 plebanus
761 1591 887 1649 ecclesie
911 1591 1008 1648 sancti
1032 1592 1155 1649 Martini
1178 1599 1208 1649 et
1232 1595 1370 1653 Mathias
1392 1595 1450 1668 ple·

196 1702 293 1759 banus
318 1703 451 1760 civitatis
475 1702 587 1759 montis
619 1699 779 1757 Grecensis
810 1697 887 1755 feria
911 1697 1016 1770 quinta
1041 1704 1112 1770 post
1135 1696 1251 1756 festum
1276 1701 1360 1759 beati
1383 1699 1451 1759 Gre-

191 1809 270 1880 gorii
295 1823 376 1881 pape
398 1808 562 1866 citavimus
585 1807 779 1880 supradictos
801 1806 832 1862 iu
856 1804 967 1862 litteris
990 1805 1100 1862 vestris
1124 1804 1208 1863 iuxta
1234 1808 1451 1866 continenciam

194 1916 368 1973 litterarum
392 1921 496 1971 vestre
518 1913 719 1987 paternitatis.

312 2026 344 2083 (Α
363 2026 451 2087 tergo).
501 2021 655 2078 Dominus
690 2017 784 2094 judex
820 2017 1034 2090 intrascriptus
1068 2017 1100 2074 in
1134 2018 1286 2077 tribunali
1321 2020 1361 2078 ad
1391 2020 1452 2095 jura

192 2126 348 2185 reddenda
383 2127 520 2185 decrevit
555 2125 594 2183 ad
626 2125 857 2199 quindecimum
889 2122 973 2181 diem
1003 2123 1124 2182 exsolvi
1157 2133 1294 2197 quatuor
1326 2126 1452 2185 florenos

192 2234 326 2291 dominis
346 2234 462 2291 decano
485 2240 515 2290 et
530 2231 744 2307 prebendariis
760 2229 1013 2302 zagrabiensibus
1036 2245 1093 2303 per
1115 2229 1306 2304 Gregorium
1330 2232 1452 2291 fratrem

193 2340 311 2398 domini
341 2341 465 2399 Martini
497 2339 623 2414 plebani
655 2338 694 2395 de
725 2336 838 2395 Bakwa
871 2335 1034 2410 expositis,
1067 2351 1145 2409 quos
1176 2336 1261 2395 idem
1286 2338 1451 2412 Gregorius

193 2446 291 2504 fassus
323 2450 370 2504 est
399 2463 431 2503 se
462 2447 675 2519 obligaturum
707 2443 825 2501 eisdem
849 2442 983 2500 dominis
1007 2443 1229 2516 prebendariis.
1260 2445 1450 2505 Presentibus

191 2552 308 2611 ibidem
332 2554 563 2611 venerabilibus
586 2551 720 2609 dominis
744 2549 963 2607 Bartholomeo
986 2555 1117 2622 cantore,
1134 2551 1287 2610 Michaele
1301 2552 1451 2625 Raytnicz,

191 2660 327 2717 Fabiano
358 2659 396 2716 de
419 2659 558 2729 Zemcbe,
590 2658 743 2716 canonicis
767 2655 894 2714 ecclesie
924 2655 1140 2728 zagrabiensis,
1164 2657 1298 2716 testibus
1327 2658 1367 2716 ad
1397 2660 1449 2716 boc

190 2766 365 2840 specialiter
389 2765 514 2836 rogatis.
564 2779 570 2792 ·

295 2873 372 2928 Item
404 2872 497 2928 XXII.
530 2871 579 2928 die
610 2871 724 2928 mensis
755 2869 864 2943 aprilis
895 2869 1038 2927 dominus
1069 2869 1285 2928 locumtenens
1310 2871 1448 2939 decrevit,

191 2986 224 3034 ut
256 2978 303 3034 illi
336 2982 499 3033 causentur
530 2993 601 3033 curn
633 2976 749 3034 decano
783 2975 1063 3050 prebendariorum
1094 2976 1134 3034 ad
1164 2975 1276 3034 feriam
1312 2987 1448 3052 quartam

190 3085 332 3158 proxime
365 3090 536 3152 venturam,
569 3082 607 3139 de
630 3087 749 3157 septem
773 3082 896 3141 florenis
920 3083 987 3140 auri
1008 3088 1243 3157 componantur,
1269 3085 1348 3142 alias
1371 3084 1448 3142 idem

192 3187 335 3246 dominus
367 3187 578 3244 locumtenens
602 3194 653 3245 aut
677 3203 713 3246 eo
744 3190 870 3247 absente
900 3190 1041 3263 superior
1071 3189 1188 3246 eisdem
1211 3191 1392 3264 providebit
1414 3191 1448 3247 de

191 3296 331 3351 ulteriori
354 3293 430 3368 juris
454 3294 593 3351 remedio
626 3300 811 3369 opportuno.
843 3295 1039 3352 Presentibus
1070 3296 1227 3368 magistris
1251 3297 1390 3356 Fabiano
1413 3296 1446 3353 de

189 3401 328 3469 Zemche,
352 3402 428 3471 Elye
452 3401 490 3457 de
516 3402 651 3473 Achnya,
676 3403 836 3460 canonicis.

293 3552 426 3614 Originale
445 3555 472 3601 iu
491 3554 585 3604 charta.
607 3557 629 3604 A
654 3566 726 3619 tergo
739 3556 875 3619 vestigium
888 3555 1005 3618 impressi
1019 3554 1108 3617 sigilli.
1129 3556 1160 3603 Iu
1174 3556 1270 3608 archiv.
1284 3556 1375 3607 honor.
1393 3555 1446 3605 coll.

188 3640 332 3691 Pruebeud.
350 3641 449 3702 zagrab.

781 3821 863 3887 295.

292 3956 372 4004 Anno
395 3968 468 4021 1475·
492 3970 500 4004 ι
508 3970 530 4022 5.
551 3960 619 4008 maii.
641 3946 807 4025 Galrtorujae.

191 4085 412 4159 Clrrt'stoplzorvs
442 4085 640 4159 Hoclzburger,
670 4091 837 4162 capitaneus
859 4091 983 4147 ciru‘talis
1005 4091 1107 4147 montis
1137 4087 1299 4160 Grccensis,
1321 4091 1442 4165 capitulo

252 4192 438 4266 zagrabt'cnsi
458 4192 586 4261 triundat,
610 4212 645 4250 nc
668 4195 742 4252 cives
765 4215 783 4251 a
808 4196 984 4255 Medocic‘ak
1008 4199 1073 4253 rivo
1095 4195 1199 4255 utendo
1222 4197 1385 4270 impediant.

290 4348 491 4406 Venerabiles
514 4348 582 4420 viri,
606 4348 724 4408 domini
747 4343 935 4408 honorandi!
958 4345 1113 4408 Venerunt
1136 4350 1175 4407 ad
1196 4367 1253 4409 nos
1269 4352 1354 4411 cives
1377 4352 1448 4410 civi·

184 4456 254 4513 tatis
278 4456 484 4527 zagrabiensis
517 4456 548 4513 in
579 4456 674 4514 modo
704 4459 809 4528 gravis
841 4456 976 4530 querele,
1008 4455 1168 4529 quomodo
1191 4472 1289 4531 aquas
1311 4459 1390 4533 ipsis
1411 4457 1450 4516 ab

182 4565 310 4637 antiquo
334 4568 486 4636 spectatas
510 4563 637 4620 violenti
660 4578 754 4619 manu
778 4563 979 4637 occuparetis,
1012 4561 1096 4635 quod
1128 4569 1234 4620 nostra
1266 4564 1450 4623 credulitate

182 4669 221 4728 de
244 4670 335 4728 vobis
358 4684 419 4727 non
443 4667 607 4727 fuissemus
631 4670 807 4743 spectaturi,
836 4684 907 4726 cum
939 4676 969 4725 et
1000 4669 1061 4725 alia
1094 4668 1253 4742 colloquia
1282 4671 1450 4730 habuimus

181 4777 285 4848 simul,
309 4777 341 4835 in
364 4776 477 4849 quibus
499 4776 572 4834 talia
596 4776 723 4834 minime
747 4775 871 4834 fuerunt
894 4780 1082 4848 perpetrata,
1113 4776 1204 4834 sicuti
1233 4775 1364 4836 domino
1392 4777 1450 4838 Ge·

181 4886 269 4959 orgio
301 4884 339 4942 de
373 4883 478 4954 Bexin,
515 4885 590 4941 bene
622 4889 731 4942 notum
766 4889 820 4954 est,
855 4880 939 4955 quod
974 4880 1064 4938 nulla
1087 4883 1229 4956 parcium
1252 4882 1346 4944 alteri
1367 4883 1451 4959 parti
