3256 5346
275 438 337 516 448
686 433 759 491 Doc.
776 430 855 511 346.
880 465 920 476 —
944 433 1003 492 An.
1027 428 1119 511 1487.

274 650 477 723 iidedignum‚
494 663 556 722 quo
569 656 711 722 presente
735 649 884 722 magister
900 647 1102 709 Sebastianus
1125 649 1165 709 de
1188 650 1354 710 Korothns
1379 652 1431 711 rei
1455 652 1548 710 Fran·

279 758 378 815 ciscus
401 754 441 813 de
470 755 624 825 Maresha,
656 761 709 814 aut
732 754 969 814 bartholomeus
993 756 1033 815 de
1055 757 1203 831 Kaplath,
1227 757 1277 815 sin
1302 756 1490 817 Benedictus
1512 758 1548 816 de

276 862 378 934 Thwl,
401 861 467 921 sive
490 861 649 920 Emericus
668 860 708 919 de
731 861 840 932 Lancz,
871 862 956 922 curie
979 863 1064 936 regie
1086 863 1236 934 notarius,
1259 862 1333 921 aliis
1357 864 1547 935 absentibus,

276 971 371 1028 homo
393 975 506 1039 noster,
529 965 569 1025 ecl
592 965 705 1026 faciem
728 973 884 1040 sepetacte
916 969 1119 1041 possessionis
1148 968 1310 1041 Hrazthya
1333 970 1499 1043 appellate
1520 970 1548 1027 in

276 1074 470 1150 preallegato
505 1073 653 1131 comitatu
688 1073 882 1146 zegrabiensi
914 1073 1092 1145 adiacentis,
1115 1073 1225 1132 vicinis
1256 1080 1287 1131 et
1323 1076 1546 1133 commetaneis

276 1181 339 1240 suis
361 1178 514 1238 universis
543 1178 621 1236 inibi
651 1178 804 1251 legittime
826 1180 1004 1237 convocatis
1027 1184 1057 1237 et
1080 1179 1289 1253 presentibus,
1312 1178 1451 1238 eandem
1475 1196 1544 1238 cum

277 1288 395 1345 cunctis
416 1286 481 1343 suis
504 1284 691 1343 utilitatibus
714 1290 745 1342 et
768 1285 967 1358 pertinenciis
999 1284 1193 1357 quibuslibet
1217 1287 1404 1344 memoratis
1427 1287 1547 1344 civibus

276 1399 306 1450 et
328 1392 504 1466 hospitibus
527 1390 682 1464 sepedicte
698 1391 833 1449 civitatis
856 1392 970 1449 montis
993 1390 1163 1462 Grecensis,
1187 1391 1442 1466 eorumdemque
1457 1392 1545 1451 here·

278 1498 370 1556 dibus
392 1504 423 1555 et
446 1496 680 1572 posteritatibus
709 1496 860 1554 universis
889 1494 958 1572 jure
980 1497 1057 1570 ipsis
1087 1513 1126 1555 ex
1147 1497 1310 1571 premissis
1341 1497 1544 1557 incumbente

277 1611 391 1663 statuat
414 1609 444 1661 et
467 1602 642 1660 committat
664 1602 695 1661 in
727 1602 952 1676 sempiternum
975 1602 1204 1677 possidendam,
1228 1601 1398 1661 tenendam
1432 1605 1547 1678 pariter

278 1717 307 1769 et
330 1709 515 1781 habendam,
538 1708 785 1768 contradiccione
808 1710 954 1782 prelibati
977 1710 1126 1793 Johannis
1158 1709 1335 1782 Hennyngh
1360 1718 1392 1768 et
1414 1710 1548 1769 aliorum

278 1816 491 1891 quorumlibet
513 1829 575 1873 non
598 1816 749 1887 obstante,
771 1822 802 1873 et
827 1823 897 1890 post
920 1816 977 1874 hec
1007 1814 1188 1873 huiusmodi
1218 1815 1467 1889 possessiouarie
1491 1823 1548 1874 sta·

278 1923 409 1982 tucionis
431 1913 552 1991 seriem,
587 1928 621 1978 ut
658 1919 751 1979 luerit
788 1920 966 1994 expediens,
996 1920 1035 1978 ad
1059 1928 1184 1979 octavas
1218 1918 1288 1977 festi
1312 1921 1400 1979 beati
1423 1921 1548 1995 Georgii

278 2029 423 2097 martiris,
446 2043 527 2085 nunc
544 2034 700 2098 venturas,
717 2028 809 2086 nobis
828 2036 881 2085 aut
905 2028 996 2086 huius
1011 2027 1099 2100 regni
1123 2027 1283 2100 Hungarie
1307 2028 1452 2100 palatino
1474 2028 1549 2085 ami·

279 2135 422 2192 cabiliter
437 2133 625 2192 rescribatis.
644 2133 761 2192 Datum
777 2133 863 2192 Bude
875 2135 1071 2207 sexagesimo
1087 2133 1137 2191 die
1161 2143 1347 2191 octavarum
1370 2132 1444 2193 festi
1469 2135 1548 2191 beati

279 2241 439 2299 Michaelis
473 2241 661 2312 archangeli,
694 2241 914 2314 predictarum.
949 2243 1038 2298 Anno
1060 2239 1180 2298 domini
1203 2239 1380 2300 millesimo
1402 2240 1548 2315 quadrin-

278 2348 449 2421 gentesimo
472 2349 685 2419 octuagesimo
708 2348 853 2425 septimo.

385 2476 426 2541 (A
446 2475 540 2540 tergo).
564 2473 681 2532 Amicis
704 2473 768 2531 suis
790 2471 976 2543 reverendis,
1001 2473 1140 2548 capitulo
1169 2473 1300 2531 ecclesie
1323 2473 1547 2546 zagrabiensis.

280 2578 339 2636 Pro
356 2579 589 2652 circumspectis
604 2575 715 2653 judice,
739 2576 857 2654 juratis,
882 2579 1055 2651 ceterisque
1077 2579 1199 2637 civibus
1222 2587 1253 2636 et
1276 2579 1392 2637 incolis
1415 2578 1548 2638 civitatis

280 2685 393 2742 montis
419 2684 581 2743 Grecensis
604 2700 698 2759 super
715 2684 849 2759 quadam
868 2685 1108 2760 possessionaria
1130 2684 1302 2742 statucione
1326 2700 1384 2759 per
1407 2693 1550 2744 nostrum

280 2797 310 2847 et
334 2798 473 2848 vestrum
497 2791 638 2848 homines
655 2790 749 2848 modo
765 2790 967 2865 infrascripto
988 2790 1098 2860 fienda,
1114 2792 1317 2863 memorialis,
1342 2792 1433 2850 cuius
1458 2792 1550 2850 series

279 2896 320 2953 ad
343 2902 467 2954 octavas
491 2897 560 2956 festi
584 2899 667 2955 beati
690 2897 818 2969 Georgii
843 2899 980 2956 martiris
1003 2897 1141 2970 legitime
1165 2897 1361 2971 perdurandi
1384 2900 1478 2957 nobis
1500 2904 1550 2955 aut

281 3004 367 3074 regni
385 3004 543 3075 Hungarie
568 3003 706 3076 palatino
728 3009 775 3061 est
799 3003 994 3076 reportanda.

387 3175 520 3239 Origiusle
539 3176 565 3224 in
585 3176 680 3233 charta,
700 3191 819 3223 exessum
837 3182 862 3223 et
883 3190 971 3239 parum
997 3173 1117 3222 lacerum.
1147 3174 1174 3222 A
1200 3182 1273 3240 tergo
1299 3178 1442 3242 vestigium
1467 3178 1550 3243 sigilii.

280 3266 313 3315 Iu
330 3264 445 3313 archivio
464 3264 501 3313 lib
529 3281 581 3327 reg.
601 3264 670 3316 civit.
689 3264 791 3327 zagrab.

874 3515 962 3580 ³46.

388 3679 467 3726 Anno
491 3677 564 3741 1487.
588 3689 625 3726 ιο,
645 3676 797 3726 decembris.
817 3675 914 3726 Budae.

281 3806 447 3882 Kraljevec,
471 3806 562 3882 Cerjc,
578 3805 718 3880 Kobiljak
733 3812 782 3866 etc.
796 3805 992 3878 possessiones,
1007 3820 1082 3876 quas
1096 3802 1284 3861 communitas
1307 3803 1437 3862 ciuitates
1454 3804 1552 3861 monto

288 3912 438 3971 Grecensis
452 3913 535 3970 adse
551 3911 716 3980 vindicavit,
739 3928 758 3965 a
788 3912 864 3983 regis
878 3908 992 3984 sicilictb
1015 3909 1139 3983 capitulo
1161 3908 1354 3981 sagrabiensi
1368 3909 1547 3968 addi'cuw.

388 4073 451 4130 Nos
477 4073 620 4130 Vrbanus
651 4073 766 4129 electus
799 4077 828 4129 et
859 4070 1060 4128 confirmatus
1083 4069 1211 4127 ecclesie
1241 4070 1404 4142 agriensis,
1429 4071 1548 4128 thezau-

281 4181 382 4237 rarius
405 4181 508 4253 regius
531 4196 566 4236 ac
589 4181 619 4237 in
643 4180 743 4236 causis
767 4180 797 4235 in
822 4178 979 4252 presencia
1004 4175 1165 4249 palatinali
1187 4176 1383 4234 vertentibus
1399 4191 1458 4250 per
1473 4190 1549 4233 sere·

282 4287 444 4343 nissimum
469 4287 641 4358 principem
674 4285 836 4342 dominum
867 4283 1025 4354 Mathiam‚
1050 4281 1099 4339 dei
1122 4282 1226 4353 gracia
1249 4295 1357 4354 regem
1382 4281 1548 4354 Hungarie,

283 4391 429 4448 Bohemie
453 4398 507 4448 etc.
539 4391 712 4464 ducemque
743 4390 876 4460 Austrie,
909 4387 1072 4483 dominum
1095 4392 1238 4445 nostrum
1271 4388 1548 4460 graciosissimum,

282 4494 377 4571 judex
401 4496 576 4569 deputatus.
602 4497 719 4553 Damus
744 4512 802 4570 pro
826 4495 987 4563 memoria,
1019 4493 1103 4566 quod
1134 4495 1166 4551 in
1190 4493 1438 4566 congregacione
1462 4508 1549 4567 gene·

282 4602 343 4660 rali
377 4603 615 4675 magnificorum
650 4603 848 4660 dominorum
884 4599 1016 4657 condam
1050 4599 1210 4657 Michaelis
1244 4599 1347 4672 Orzag
1375 4599 1417 4656 de
1448 4598 1549 4665 thh

283 4709 360 4766 alias
385 4709 459 4767 dicti
489 4712 575 4783 regni
607 4710 765 4780 ilungarie
799 4708 927 4780 palatini
950 4715 980 4763 et
1003 4704 1115 4781 judicis
1138 4704 1351 4764 Cumanorum
1374 4712 1405 4764 et
1428 4706 1549 4765 comitis

283 4814 431 4890 Stephani
456 4817 494 4873 de
518 4817 638 4885 Bathos,
661 4813 771 4889 judicis
789 4814 872 4870 curie
884 4812 976 4884 regie,
1000 4812 1193 4869 universitati
1210 4812 1368 4870 nobilium
1384 4814 1550 4872 comitatus
