3278 5348
716 409 900 481 Argumenta

197 719 235 768 14.
257 709 338 756 Anno
360 709 433 769 1408,
455 720 479 766 9,
498 707 616 771 januarii.
637 692 802 770 Caktomjae.
821 705 935 754 Barbara
947 705 1098 767 Hungariae
1110 711 1158 754 etc.
1171 705 1269 765 regina,
1282 720 1341 768 rege

250 797 364 853 absente,
375 797 567 845 communitatis
580 796 691 845 civitatis
705 795 842 843 Grecensis
856 795 999 857 legatorum
1012 794 1150 844 adventum
1159 793 1260 850 differt;
1272 804 1340 842 com·

249 886 421 948 munitatique
439 901 524 933 curam
543 884 649 949 vigilem
668 891 694 932 et
712 883 842 940 solertem,
861 891 889 932 ut
908 884 998 932 civitas
1018 883 1177 932 custodiatur
1195 890 1221 931 et
1240 898 1341 931 conser-

249 982 331 1032 vetur,
352 971 513 1023 Commendat
521 996 1336 1012 ··············································

191 1074 230 1128 15.
252 1063 333 1111 Anno
356 1063 430 1126 1408,
451 1063 492 1113 28.
512 1062 672 1128 septembris.
694 1062 837 1113 Samobori.
868 1061 982 1110 Barbara
1001 1062 1153 1125 Hungariae
1173 1068 1221 1112 etc.
1244 1061 1341 1124 regina,

251 1152 428 1201 communitati
451 1150 564 1202 civitatis
577 1151 671 1200 montis
684 1151 821 1200 Grecensis
834 1158 936 1215 tempus
949 1151 981 1199 ad
994 1150 1145 1200 solvendum
1158 1150 1276 1198 vinorum
1289 1150 1341 1198 iru-

251 1256 363 1304 gumque
382 1247 479 1306 partem
500 1241 653 1290 sedecimam
673 1246 793 1305 prorogat
814 1254 896 1302 usque
920 1240 952 1288 ad
977 1240 1045 1302 regis
1071 1240 1208 1288 adventum
1233 1240 1342 1302 eiusque

250 1330 460 1378 constitutionem
472 1352 1337 1368 ················································

194 1416 232 1467 16.
255 1417 336 1465 Anno
359 1429 432 1478 1409,
452 1419 474 1468 6.
493 1416 567 1482 Julii.
588 1417 736 1480 Zagrabiae.
763 1417 884 1465 Andreas
901 1417 1040 1481 episcopus
1059 1416 1239 1480 zagrabiensis‚
1259 1417 1342 1466 Eber-

251 1505 325 1553 hardi
345 1506 462 1570 episcopi
481 1506 654 1563 donationem,
673 1520 725 1568 qua
744 1504 868 1553 ecclesiae
887 1504 1042 1553 cathedralis
1058 1505 1237 1568 praebendarii
1250 1506 1283 1553 de
1297 1506 1340 1553 de·

250 1594 317 1641 eima
335 1593 465 1657 episcopis
483 1593 693 1657 zagrabiensibus
712 1593 836 1641 solvenda
854 1591 1004 1648 liberantur,
1024 1592 1156 1642 confirmat
1169 1618 1337 1632 ··········

192 1693 230 1745 17.
251 1682 331 1731 Anno
354 1694 427 1744 1413,
448 1682 472 1733 6.
492 1682 588 1747 aprilis.
610 1682 795 1746 Kapronchae,
815 1682 929 1730 Barbara
949 1682 1099 1744 Hungariae
1115 1690 1163 1733 etc.
1182 1684 1278 1745 regina,
1299 1683 1341 1731 Ci-

251 1772 425 1820 sterciensium
436 1771 638 1835 zagrabiensium
649 1771 736 1820 abbati
747 1771 858 1826 mandat,
870 1779 896 1818 ut
908 1771 1038 1835 possessio
1049 1756 1186 1819 dmi-otor
1197 1771 1338 1819 secundum

251 1859 410 1923 legationem
437 1860 653 1909 testamentariam
681 1859 858 1908 tantummodo
886 1859 934 1907 civi
961 1858 1068 1907 cuilibet
1087 1859 1246 1922 zagrabiensi
1271 1874 1343 1906 aren·

251 1948 325 1996 detur
344 1955 369 1996 et
388 1949 414 1997 in
433 1948 539 1997 seudum
559 1948 672 1996 vadatur
685 1971 1335 1986 ·····································

194 2037 232 2087 18.
253 2037 335 2086 Anno
358 2049 432 2099 1413,
456 2039 495 2090 18.
516 2038 639 2101 Augusti.
659 2038 807 2100 Zagrabiae.
839 2037 931 2085 Coram
951 2038 1102 2100 magistratu
1121 2038 1202 2086 civico
1229 2036 1342 2085 llichael

255 2126 341 2174 Thaar
360 2126 466 2174 domum
487 2142 557 2180 suam
577 2126 710 2190 Stephano
729 2126 856 2190 lapicidae
875 2126 1017 2175 Sochsnam
1043 2140 1059 2188 4
1084 2127 1137 2177 flor.
1161 2127 1216 2174 auri
1242 2126 1340 2178 vendit.

197 2227 235 2271 10.
256 2215 337 2262 Anno
359 2227 432 2276 1414,
456 2228 494 2276 13.
515 2214 597 2280 Jullii.
625 2214 772 2278 Zagrabiae.
805 2214 972 2262 Eberhardus
998 2215 1135 2279 episcopus
1159 2213 1342 2277 zagrabiensis,

253 2311 324 2367 parte
343 2304 499 2352 decimarum
519 2319 621 2352 mensae
640 2303 795 2368 episcopalis
813 2304 841 2351 in
861 2304 984 2351 comitatu
1004 2304 1035 2351 de
1055 2303 1174 2351 hloravde
1187 2303 1340 2356 condonata.

254 2399 404 2456 perpetuam
423 2392 539 2441 altarium
558 2394 585 2441 in
604 2392 715 2455 collegio
734 2392 976 2457 praebendariorum
996 2392 1084 2441 condit
1100 2416 1338 2430 ··············

195 2493 234 2531 20.
256 2482 332 2530 Anno
357 2460 431 2543 1414:
464 2482 612 2545 Stephanus
631 2484 738 2531 Herwat
757 2483 820 2531 civis
840 2483 903 2530 duas
923 2482 1010 2530 vineas
1034 2483 1061 2529 in
1087 2482 1244 2537 Davidovec,
1271 2480 1344 2529 salvo

252 2571 309 2633 jure
328 2579 450 2619 montano
469 2570 529 2624 eccl.
550 2571 747 2627 Novovillanae,
767 2572 782 2617 6
802 2571 856 2620 tior.
875 2572 930 2619 auri
949 2572 1011 2619 emit
1028 2596 1338 2609 ··················

192 2671 232 2708 21.
253 2661 334 2708 Anno
356 2669 430 2723 1413,
454 2672 494 2725 25.
507 2660 605 2724 aprilis.
619 2660 767 2723 Zagrabiae,
782 2660 958 2709 Communitas
971 2660 1084 2709 civitatis
1097 2661 1191 2709 montis
1205 2660 1343 2708 Grecensis

250 2748 282 2796 de
304 2749 414 2797 Antonii
434 2750 497 2798 civis
516 2749 660 2805 hereditate
679 2765 710 2796 ex
729 2749 785 2797 eius
805 2756 959 2797 testamento
979 2749 1068 2797 statuit
1075 2774 1332 2786 ···············

191 2848 231 2885 22.
253 2839 333 2885 Anno
355 2850 428 2902 1415,
450 2839 491 2888 28.
510 2837 630 2886 octobris.
654 2838 793 2899 Zagrabiae
832 2837 924 2886 Coram
944 2838 1127 2886 communitate
1146 2837 1257 2886 civitatis
1277 2837 1341 2884 Gre-

252 2926 335 2974 censis
354 2926 483 2982 Andreas,
502 2925 630 2975 litteratus
649 2932 675 2973 et
694 2926 765 2981 civis,
784 2925 908 2974 incultam
927 2940 999 2973 suam
1018 2926 1119 2974 vineam
1132 2933 1157 2974 et
1170 2924 1261 2973 silvam
1276 2925 1341 2973 Gre-

250 3015 332 3075 gorio,
352 3016 471 3078 scriptori
490 3015 622 3072 librorum,
642 3030 686 3061 sex
705 3014 793 3078 pensis
812 3015 974 3063 denariorum
993 3014 1081 3064 vendit
1093 3039 1332 3052 ··············

189 3115 228 3165 23·
249 3105 329 3153 Anno
346 3103 419 3166 1416,
438 3117 459 3156 1.
470 3105 552 3168 Junii.
563 3104 681 3168 Synodus
693 3104 898 3152 Constantiensis
909 3104 996 3151 abbati
1008 3103 1217 3151 Landstrassensi
1227 3101 1341 3159 mandat,

251 3198 278 3240 ut
297 3192 329 3240 de
349 3200 477 3256 postrema
494 3194 589 3257 injuria
607 3191 721 3256 capitulo
740 3209 756 3241 a
779 3193 960 3240 communitate
986 3193 1081 3240 montis
1106 3191 1243 3240 (irecensis
1269 3189 1342 3239 illata

1363 626 1446 682 Pagina

1417 983 1446 1033 ¹3

1419 2404 1447 2454 ¹7

1418 2583 1447 2631 19

1414 2758 1443 2805 ¹9

182 3290 194 3315 e
250 3281 362 3344 inquirat
376 3305 1336 3320 ·····················································
1415 3292 1428 3329 2

190 3383 230 3433 24.
251 3372 330 3419 Anno
353 3381 426 3434 1417,
450 3384 487 3434 14.
508 3371 637 3420 februarii.
659 3372 807 3435 Zagrabiae.
827 3371 993 3420 Eberhardus
1007 3373 1144 3435 episcopus
1158 3369 1339 3432 zagrabiensis,

251 3459 367 3522 capitulo
387 3460 499 3516 mandat,
519 3466 546 3507 ut
566 3459 809 3523 praebendariorum
829 3458 967 3521 collegium
988 3460 1015 3506 in
1034 3460 1088 3507 eius
1103 3457 1341 3514 consuetudinibus,

250 3549 430 3610 fructuumque
443 3556 469 3596 et
479 3556 649 3612 proventuum
659 3549 869 3612 perceptionibus
880 3548 1010 3603 defendat,
1021 3563 1085 3595 neve
1099 3547 1341 3611 praebendariorum

249 3636 386 3699 collegium
406 3637 519 3700 parocho
538 3636 643 3685 cuilibet
663 3645 779 3699 quartam
799 3635 972 3700 parochialem
993 3636 1075 3684 solvat
1095 3661 1333 3674 ··············

189 3736 229 3788 25.
250 3725 329 3772 Anno
351 3737 424 3787 1417,
446 3737 486 3785 24.
508 3724 667 3788 septembris.
688 3724 834 3787 Zagrabiae.
856 3723 1005 3788 Capitulum
1024 3724 1199 3787 zagrabiense,
1228 3739 1340 3772 commu·

251 3814 330 3861 nitate
355 3821 469 3877 rogante,
490 3813 652 3878 privilegium
677 3830 692 3860 a
716 3813 882 3875 Sigismundo
910 3829 969 3876 rege
994 3813 1026 3860 de
1051 3812 1215 3862 libertatibus
1242 3813 1341 3861 editum

251 3903 831 3951 nutrit
843 3926 1335 3940 ····························

191 3989 230 4040 26.
253 3994 328 4039 Anno
349 3992 423 4051 1418,
444 3989 499 4054 (28.
517 3990 629 4055 Juniii).
644 3991 741 4043 Budae.
757 3991 850 4038 Petrus
863 3990 963 4053 Forgad
976 3991 1098 4053 magister
1111 3991 1196 4039 curiae
1210 3989 1340 4054 reginalis,

251 4078 299 4127 sibi
319 4079 519 4127 anniversarium
539 4096 643 4129 censum
663 4096 707 4128 sex
727 4079 780 4128 flor·
801 4096 847 4144 pro
869 4087 971 4128 centum
998 4097 1012 4127 a
1037 4081 1220 4129 communitate
1244 4080 1340 4129 montis

250 4167 386 4215 (irecensis
406 4167 517 4216 solutum
537 4183 592 4216 esse
612 4169 765 4218 testificatur
790 4194 1333 4208 ·······························
1412 4182 1424 4217 2

190 4266 231 4317 27.
251 4256 331 4303 Anno
347 4266 420 4317 1419,
439 4266 459 4303 1.
472 4255 594 4306 octob1s.
608 4257 755 4319 Zagrabiae.
770 4257 912 4321 Dionysius
925 4256 1005 4304 banus
1019 4257 1203 4304 communitate
1218 4264 1339 4319 precante

250 4344 305 4391 tore
324 4349 352 4391 ut
370 4343 426 4392 eius
446 4343 579 4392 libertates
598 4345 727 4401 defendat,
748 4361 775 4392 se
794 4344 902 4408 obligat,
922 4345 1042 4407 idemque
1058 4345 1178 4393 omnibus
1201 4345 1340 4394 comitibus

250 4438 299 4483 etc.
317 4432 422 4481 mandat
430 4458 1335 4472 ···················································

190 4519 230 4569 28.
252 4519 332 4568 Anno
354 4531 428 4581 1420,
450 4532 472 4570 z.
492 4521 614 4573 octobris.
634 4521 936 4585 Zagrablae.1ncausa,
958 4538 1034 4585 quam
1054 4523 1224 4571 communitas
1244 4523 1339 4571 montis

250 4608 387 4657 (irecensis
405 4609 433 4656 in
451 4608 592 4672 capitulum
611 4609 711 4671 agebat,
725 4611 830 4658 comites
843 4611 1019 4674 aagrabienses
1033 4626 1089 4659 sese
1102 4616 1256 4675 potestatem
1269 4624 1338 4659 com·

251 4698 384 4746 munitatis
402 4698 429 4746 in
447 4698 489 4746 ius
507 4697 636 4746 vocandae
654 4711 706 4745 non
724 4697 820 4747 babere
839 4699 991 4764 profitentur
1004 4724 1332 4738 ···················
1411 4738 1424 4747 .

189 4798 229 4846 29.
250 4787 330 4835 Anno
352 4798 426 4850 1421.
446 4801 533 4835 mense
550 4785 632 4850 Julio.
653 4786 768 4849 Injuriae
780 4803 796 4837 a
809 4787 923 4853 capitulo
936 4789 1035 4852 zagrab.
1050 4788 1151 4838 civibus
1164 4788 1339 4838 Grecensibus

248 4874 337 4924 illatae
355 4875 499 4925 referuntur
505 4898 1333 4916 ·············································
