3278 5348
631 426 712 519 Doc-
729 436 805 502 345·
831 456 867 466 -
895 421 1066 502 Ara1487-
1407 446 1470 505 439

202 645 343 717 margine
366 644 406 701 ab
437 645 519 701 intus
542 642 668 712 munite,
692 641 785 698 series
809 641 948 714 sequitur
979 657 1045 699 esse
1069 641 1158 701 talis:
1181 640 1398 715 sigismundus
1420 644 1470 702 dei

201 751 306 823 gracia
338 766 392 808 rex
428 749 597 822 Hungarie,
630 747 799 818 Dalmacie,
835 746 962 804 Croacie
992 755 1048 805 etc.
1080 749 1281 821 marchioque
1315 749 1469 808 Branden·

202 857 373 929 burgensis.
405 855 503 914 Fideli
536 871 593 912 suo
615 855 685 911 viro
717 852 883 925 magnifico
916 853 1042 911 domino
1071 854 1204 935 Johanni
1228 855 1334 913 comiti
1357 855 1470 930 Wegle

201 968 232 1020 et
255 961 428 1020 Modrussie
452 977 487 1018 ac
510 975 680 1033 regnorum
703 966 881 1016 nostrorum
905 959 1074 1032 Dalmacie,
1099 959 1227 1018 Croacie
1250 968 1280 1017 et
1303 960 1467 1020 Sclauonie

201 1069 283 1126 bano
313 1068 365 1125 vel
396 1068 461 1125 eius
495 1065 690 1139 vicegerenti,
714 1065 848 1122 salutern
880 1072 909 1122 et
943 1066 1088 1138 graciam.
1113 1066 1194 1123 Cum
1224 1081 1280 1124 nos
1315 1067 1466 1141 quasdam

201 1174 278 1232 duas
302 1174 508 1248 possessiones
531 1178 652 1229 nostras
675 1171 859 1242 Petrowyna
883 1178 912 1228 et
936 1171 1092 1243 Hrasthya
1114 1180 1240 1229 vocatas
1264 1174 1296 1231 in
1318 1174 1466 1233 comitatu

201 1280 393 1355 zagrabiensi
430 1279 560 1349 habitas,
596 1278 673 1334 alias
708 1276 745 1333 ad
782 1283 918 1334 castrum
952 1283 1094 1335 nostrum
1118 1277 1220 1350 Selyn,
1256 1279 1319 1337 alio
1341 1281 1466 1339 nomine

198 1385 346 1458 Chychan
370 1391 523 1455 vocatum,
548 1384 744 1458 pertinentes,
768 1382 893 1440 easdem
916 1398 933 1440 a
958 1382 1080 1456 prefato
1103 1390 1205 1442 castro
1231 1385 1403 1443 eximentes
1427 1402 1465 1444 ex

199 1492 344 1550 manibus
366 1491 480 1549 nostris
503 1491 604 1563 regiis,
628 1504 708 1548 nove
731 1496 834 1547 nostre
857 1488 1035 1546 donacionis
1060 1490 1151 1547 titulo
1171 1505 1207 1547 ac
1230 1491 1315 1548 omni
1339 1505 1376 1548 eo
1399 1489 1465 1566 jure

198 1613 260 1671 quo
290 1604 394 1655 nostre
423 1598 481 1655 rite
505 1596 688 1654 incumbunt
710 1595 881 1665 collacioni,
906 1611 977 1652 cum
999 1596 1151 1653 universis
1175 1594 1298 1671 juribus
1323 1598 1463 1670 ipsarum

199 1720 235 1760 ac
257 1704 446 1761 utilitatibus
478 1712 507 1760 et
530 1701 723 1774 quibuslibet
758 1702 963 1775 proventibus
992 1708 1097 1758 nostre
1121 1702 1276 1760 maiestati
1299 1704 1464 1776 provenire

199 1808 394 1876 debentibus,
410 1807 558 1865 fidelibus
575 1807 688 1864 nostris
703 1804 807 1882 judici,
824 1804 934 1881 juratis
949 1822 985 1863 ac
1008 1807 1160 1864 universis
1184 1808 1306 1865 civibus
1331 1810 1465 1867 civitatis

197 1922 303 1973 nostre
335 1915 449 1972 montis
473 1913 634 1971 Grecensis
658 1912 696 1969 de
719 1912 872 1985 Zagrabia
903 1928 961 1985 pro
985 1913 1126 1986 ipsorum
1151 1913 1299 1971 fidelibus
1322 1916 1461 1972 serviciis

194 2019 262 2096 jure
286 2028 438 2095 perpetuo
462 2020 703 2089 contulerimus,
727 2018 797 2077 ideo
821 2018 964 2077 fidelitati
982 2027 1083 2077 vestre
1106 2020 1239 2077 firmiter
1261 2021 1462 2093 precipiendo

195 2126 389 2196 mandamus,
423 2137 573 2199 quatenus
604 2124 740 2200 prefatos
773 2127 856 2183 cives
886 2134 1009 2183 nostros
1035 2142 1071 2183 ac
1094 2142 1203 2183 eorum
1225 2124 1407 2200 jobagiones
1430 2128 1462 2185 in

196 2233 344 2306 predictis
368 2233 615 2306 possessionibus
631 2238 857 2289 commorantes
880 2233 911 2289 in
934 2233 1023 2290 nullo
1047 2232 1201 2305 impedire
1224 2238 1255 2290 et
1277 2247 1460 2305 aggravare,

193 2355 249 2396 nec
272 2339 394 2412 aliquas
410 2339 582 2395 soluciones
598 2340 639 2395 ab
655 2339 730 2411 ipsis
747 2339 894 2411 recipere,
912 2337 965 2395 sed
982 2337 1107 2395 eosdem
1124 2336 1261 2395 adinstar
1284 2348 1457 2397 ceterarum

193 2446 425 2520 possessionum
452 2444 635 2503 eorumdem
667 2443 704 2501 de
728 2443 866 2501 dominio
889 2459 996 2502 earum
1020 2459 1129 2501 manus
1153 2450 1272 2501 vestras
1295 2444 1456 2515 trahendo,

192 2567 228 2609 ac
252 2557 359 2610 contra
393 2552 552 2624 quoslibet
586 2549 768 2623 indempnes
803 2546 853 2607 ad
873 2550 981 2607 illesos
1016 2557 1188 2622 protegere,
1220 2565 1405 2608 conservare
1427 2559 1457 2609 et

192 2663 391 2715 manutenere
413 2657 550 2714 debeatis
566 2656 735 2713 maiestatis
748 2662 850 2713 nostre
866 2656 897 2713 in
923 2671 1062 2729 persona,
1086 2655 1173 2712 aliud
1195 2669 1257 2712 non
1280 2656 1406 2726 facturi;
1430 2666 1460 2715 et

192 2764 251 2820 hoc
274 2762 358 2820 idem
382 2760 571 2837 injungimus
596 2762 707 2819 futuris
729 2762 818 2819 banis
842 2770 871 2819 et
888 2763 1053 2833 vicebanis,
1077 2761 1183 2819 dantes
1206 2762 1281 2835 ipsis
1304 2762 1460 2821 similibus
1481 2818 1485 2828 ,

191 2869 250 2926 sub
274 2871 437 2943 preceptis.
469 2870 584 2927 Datum
609 2868 692 2926 Bnde
723 2870 755 2926 in
786 2867 864 2926 festo
888 2869 1049 2926 beatorum
1074 2868 1208 2926 Simonis
1231 2873 1260 2925 et
1282 2867 1362 2950 Jude
1384 2883 1459 2942 apo·

189 2976 352 3034 stolorum.
399 2979 488 3033 Anno
519 2976 636 3034 domini
673 2976 841 3033 millesimo
874 2976 1087 3032 tercentesimo
1121 2975 1320 3046 nonagesimo
1355 2977 1458 3036 tercio.

190 3081 308 3154 Quarte
331 3082 458 3155 quidem
475 3083 665 3153 earumdem,
679 3082 824 3139 videlicet
845 3080 976 3155 sepefati
999 3082 1128 3155 capituli
1159 3081 1287 3139 ecclesie
1318 3084 1457 3155 zagrabi-

189 3187 270 3245 ensis
285 3187 387 3246 littere
411 3189 625 3261 privilegialis,
649 3189 754 3260 sigillo
772 3187 909 3245 eiusdem
930 3189 960 3245 in
978 3187 1122 3261 pendenti
1147 3189 1345 3258 communite,
1369 3198 1458 3248 tenor

189 3294 260 3351 talis
283 3302 343 3351 est:
369 3293 552 3367 Capitulum
575 3294 703 3352 ecclesie
726 3294 941 3366 zagrabiensis.
984 3293 1136 3350 Omnibus
1160 3293 1276 3351 Christi
1299 3293 1455 3366 fidelibus,

188 3401 384 3473 presentibus
416 3401 534 3474 pariter
557 3407 586 3458 et
610 3399 730 3471 futuris,
756 3401 950 3474 presencium
973 3400 1119 3456 noticiam
1143 3399 1303 3471 habituris
1324 3401 1457 3459 salutem

187 3507 219 3564 in
242 3507 350 3563 salutis
381 3506 537 3577 largitore,
571 3507 619 3563 Ad
649 3508 866 3564 universorum
899 3506 1046 3563 noticiam
1068 3507 1182 3563 harum
1205 3506 1284 3563 serie
1308 3506 1456 3565 volumus

188 3613 361 3687 pervenire,
401 3611 483 3684 quod
518 3613 577 3669 viri
600 3613 721 3670 nobiles
750 3619 920 3669 castrenses
952 3613 1054 3685 campi
1077 3612 1293 3683 zagrabiensiS,
1315 3612 1455 3670 Andreas

187 3716 333 3774 videlicet
358 3716 442 3774 filius
464 3716 545 3798 Jellr,
562 3734 629 3787 sua,
648 3718 813 3787 Valentini,
831 3717 960 3786 Nicolai‚
984 3716 1127 3788 Simonis,
1151 3716 1284 3789 Andree,
1307 3719 1454 3777 Anthonii

186 3830 217 3880 et
248 3823 368 3880 Thome
399 3824 539 3880 filiorum
570 3839 707 3895 suorum,
739 3839 855 3882 necnon
888 3824 1003 3894 Petrus,
1036 3823 1121 3882 filius
1153 3823 1287 3896 Georgii,
1311 3824 1455 3883 similiter

185 3944 249 3999 sua,
275 3929 431 3986 Valentini
452 3935 482 3986 et
506 3930 594 3987 Pauli
609 3930 747 3987 filiorum
763 3929 902 3987 eiusdem
919 3931 950 3986 in
975 3930 1123 4003 personis,
1140 3944 1216 3986 onus
1233 3937 1262 3986 et
1285 3944 1454 4002 gravamen

184 4034 368 4092 eorumdem
387 4034 526 4093 filiorum
542 4037 683 4109 ipsorum
699 4037 759 4110 ipsi
772 4036 911 4093 Andreas
928 4045 958 4092 et
975 4035 1091 4106 Petrus,
1107 4037 1134 4093 si
1149 4036 1354 4109 infrascriptis
1378 4044 1454 4094 tem·

185 4141 270 4214 poris
286 4141 317 4198 in
337 4155 482 4214 processu
499 4143 651 4198 contraire
667 4150 719 4199 aut
743 4141 997 4214 aliquovismodo
1020 4141 1129 4199 eadem
1153 4142 1313 4199 retractari
1338 4143 1453 4200 vellent

184 4253 277 4318 atque
300 4247 478 4318 niterentur,
511 4256 621 4321 sponte
645 4249 675 4305 in
699 4266 731 4306 se
763 4256 1020 4321 assumpmentes,
1055 4248 1129 4305 item
1153 4249 1264 4317 Mathe,
1289 4248 1373 4305 filius
1396 4250 1453 4307 Mi·

184 4351 301 4410 cbaelis
324 4359 354 4409 et
376 4353 532 4434 Joliannes
557 4353 642 4412 filius
665 4355 798 4428 predicti
821 4355 949 4427 Georgii
972 4353 1066 4411 modo
1089 4354 1186 4411 simili
1208 4355 1240 4410 in
1263 4369 1326 4425 sua,
1349 4370 1385 4412 ac
1407 4356 1453 4412 al·

183 4459 277 4516 terius
309 4459 443 4531 Georgii,
474 4459 610 4532 Adriani,
643 4462 792 4518 Anthonii
824 4470 853 4517 ct
878 4461 959 4517 Luce
983 4466 1128 4517 natorum
1151 4475 1278 4516 suorum
1305 4462 1452 4534 personis,

182 4579 259 4623 onus
283 4572 313 4622 et
325 4580 495 4638 gravamen
512 4566 695 4624 eorumdem
712 4567 852 4624 filiorum
864 4567 1004 4640 ipsorum
1020 4566 1080 4638 ipsi
1098 4564 1238 4622 Andreas
1254 4574 1284 4622 et
1301 4566 1409 4624 Petrus
1425 4569 1451 4625 si

181 4667 386 4744 infrascriptis
408 4679 462 4728 etc.
479 4687 585 4729 coram
608 4672 697 4730 nobis
715 4672 919 4745 personaliter
934 4671 1099 4741 constituti,
1116 4670 1260 4728 dixerunt
1285 4677 1315 4728 et
1339 4677 1451 4746 sponte

182 4773 314 4833 confessi
338 4786 409 4833 sunt
434 4778 575 4849 ipsorum
598 4778 726 4835 oraculo
748 4779 821 4834 vive
845 4777 930 4834 vocis
953 4777 985 4834 in
1000 4777 1081 4833 hunc
1104 4775 1242 4833 modum:
1267 4776 1351 4848 quod
1376 4777 1449 4835 licet

183 4884 325 4954 tempore
348 4896 411 4954 quo
435 4881 561 4955 providi
585 4883 645 4941 viri
667 4883 874 4943 communitas
915 4888 945 4941 et
971 4881 1054 4940 cives
1077 4881 1213 4939 civitatis
1237 4883 1350 4940 montis
1374 4883 1450 4941 Gre·
