3278 5348
194 457 256 515 aa4
603 438 677 495 Doc.
701 433 772 499 162.
798 470 838 480 -
863 445 918 496 An.
943 447 1034 513 1452.

191 658 222 711 et
244 668 308 725 nos,
332 653 357 711 si
381 669 468 712 secus
491 652 619 712 fecerint
646 652 729 726 quod
755 651 950 724 mandamus,
965 652 1274 710 excommunicamus
1289 656 1321 710 et
1336 666 1451 710 excom·

190 760 363 817 municatos
386 758 452 818 fore
468 760 690 820 denunciamus
712 760 744 817 in
767 759 816 817 his
838 758 962 833 scriptis
984 759 1026 816 ab
1049 757 1121 817 inde
1143 757 1265 816 tamdiu
1298 773 1362 817 non
1394 774 1452 816 oes-

190 872 292 924 santes
325 865 423 923 donec
458 866 518 941 ipsi
542 866 580 925 de
604 866 756 941 premissa
778 865 925 940 porcione
948 864 1095 923 canonica
1117 879 1172 922 seu
1198 868 1311 937 quarta
1332 863 1371 921 de
1385 879 1452 938 sup·

191 972 316 1030 radictis
340 973 433 1030 rebus
464 979 494 1031 et
520 973 613 1031 bonis
640 988 697 1046 per
720 976 900 1030 annotatum
925 969 1088 1028 dominum
1121 969 1272 1029 Mathiam
1308 970 1452 1028 abbatem

190 1080 344 1152 perceptis
367 1095 424 1151 per
447 1079 654 1152 eumdemque
670 1085 700 1136 et
722 1092 794 1136 suos
818 1091 1010 1135 successores
1033 1076 1154 1135 futuros
1176 1077 1307 1134 abbates
1322 1076 1451 1151 percipi·

190 1184 286 1255 endis,
311 1189 458 1243 annotato
475 1184 601 1243 domino
618 1184 746 1242 Nicolao
769 1188 799 1242 et
821 1184 885 1242 suis
908 1184 1138 1241 successoribus
1161 1181 1367 1242 satisfecerint
1383 1197 1451 1240 cum

190 1291 310 1362 effectu,
331 1296 384 1349 aut
407 1306 424 1348 a
446 1292 537 1349 nobis
558 1290 645 1349 aliud
669 1291 839 1348 habueritis
863 1290 895 1348 in
918 1289 1081 1348 mandatis.
1113 1290 1306 1347 insinuantes
1337 1288 1450 1347 eisdem

189 1396 340 1455 moderno
362 1403 392 1454 et
415 1395 528 1455 futuris
551 1397 719 1455 abbatibus
742 1397 873 1470 pretacti
896 1396 1078 1454 monasterii
1094 1396 1184 1454 beate
1200 1395 1298 1453 Marie
1315 1395 1450 1468 virginis,

191 1502 274 1577 quod
298 1504 324 1561 si
347 1503 408 1576 ipsi
430 1503 533 1560 animo
562 1502 714 1574 indurato,
739 1501 823 1576 quod
846 1503 936 1574 absit,
960 1501 1061 1560 facere
1084 1501 1236 1576 premissa
1259 1508 1451 1576 contempse-

189 1609 259 1681 rint,
283 1615 394 1667 extunc
417 1624 452 1666 ac
475 1609 733 1682 aggravacionem
767 1614 797 1666 et
831 1608 1132 1681 reaggravacionem,
1167 1622 1202 1664 ac
1236 1606 1276 1665 ad
1311 1606 1452 1680 graviora

190 1714 349 1788 usquead
382 1716 614 1772 invocacionem
637 1715 756 1772 brachii
779 1715 927 1773 secularis
951 1723 1058 1773 contra
1081 1713 1207 1772 eosdem
1241 1713 1451 1788 procedemus.

190 1821 237 1878 De
260 1821 443 1879 execucione
467 1836 541 1878 vero
563 1821 704 1879 omnium
727 1829 758 1878 et
780 1821 976 1894 singulorum
993 1821 1221 1895 premissorum
1239 1820 1327 1879 fideli
1343 1823 1451 1878 etcon-

191 1926 292 1999 digna,
315 1942 371 1984 nos
402 1944 458 2001 per
480 1935 600 1985 vestras
625 1928 743 1985 litteras
767 1934 906 2002 patentes
929 1926 1105 1986 certificetis
1128 1933 1157 1984 et
1179 1927 1270 1985 nobis
1301 1926 1451 1985 conscien-

190 2033 271 2090 ciose
305 2033 490 2092 rescribatis.
524 2033 683 2091 Presentes
718 2033 843 2091 tandem
878 2039 949 2107 post
983 2033 1135 2091 lecturam
1173 2037 1204 2090 et
1237 2033 1450 2090 execucionem

190 2140 302 2212 iugiter
332 2139 488 2197 reddende
512 2140 677 2197 exhibenti.
710 2140 743 2197 In
766 2154 900 2212 quorum
922 2139 1064 2198 omnium
1087 2144 1118 2197 et
1140 2139 1336 2212 singulorum
1360 2137 1450 2195 fidem

190 2251 220 2304 et
242 2247 452 2303 testimonium
476 2253 633 2320 presentes
656 2254 777 2305 nostras
800 2245 982 2305 diffinitivas
1004 2245 1182 2318 sentencias,
1205 2259 1325 2303 necnon
1342 2242 1450 2301 confir·

193 2353 366 2409 macionem
390 2351 422 2408 in
444 2367 476 2409 se
499 2353 696 2425 continentes,
721 2368 792 2409 cum
815 2352 1046 2426 subscripcione
1068 2350 1261 2410 honorabilis
1294 2350 1364 2421 viri,
1392 2363 1451 2406 ma·

189 2458 278 2530 gistri
301 2457 449 2531 Stephani
481 2457 519 2515 de
541 2456 690 2531 Wyzoka,
715 2459 852 2517 canonici
886 2457 1023 2516 indicta
1057 2457 1185 2515 ecclesia
1207 2461 1315 2515 nostra
1350 2469 1451 2528 cagra-

189 2565 296 2635 biensi,
329 2579 416 2621 sacra
440 2564 596 2637 imperiali
617 2565 799 2622 auctoritate
815 2565 935 2639 publici
951 2564 1063 2623 notarii
1078 2561 1277 2637 infrascripti,
1295 2561 1451 2635 nostrique

188 2671 284 2743 sigilii
307 2669 365 2727 sub
389 2672 577 2744 appensione
601 2670 730 2729 fecimus
747 2671 940 2728 communiri.
958 2670 1073 2728 Datum
1090 2675 1120 2727 et
1136 2675 1240 2727 actum
1262 2669 1294 2726 in
1311 2668 1447 2743 predicta

187 2777 325 2834 sacristia
349 2777 487 2834 interiori
509 2777 660 2849 vigesima
683 2792 763 2835 nona
787 2776 837 2834 die
861 2777 974 2834 mensis
998 2776 1080 2847 maii,
1103 2775 1182 2833 hora
1203 2775 1373 2833 tercianam
1402 2772 1449 2831 vel

188 2882 285 2956 quasi,
311 2881 481 2939 indiccione
501 2882 736 2955 quintadecima.
762 2884 851 2940 Anno
866 2882 1020 2940 dominice
1035 2881 1259 2941 incarnacionis
1280 2880 1447 2939 millesimo

189 2987 492 3061 quadringentesimo
516 2989 773 3062 quinquagesimo
789 2988 932 3047 secundo.
948 2988 1146 3046 Presentibus
1169 2987 1289 3046 ibidem
1312 2987 1448 3060 egregiis,

187 3094 359 3152 venerabili
383 3100 412 3151 et
436 3094 672 3152 honorabilibus
688 3095 773 3166 viris,
790 3094 931 3163 dominis,
943 3095 1061 3177 Jacobo
1077 3093 1116 3151 de
1131 3093 1253 3166 Tywer,
1269 3093 1347 3152 iuris
1363 3108 1447 3152 cano·

187 3200 263 3270 nici,
293 3198 489 3257 hlarkwardo
512 3201 671 3272 medicine,
696 3200 893 3270 doctoribus;
923 3201 1053 3271 Thoma,
1075 3199 1212 3274 plebano
1236 3198 1276 3257 de
1310 3200 1448 3267 lwanich

187 3305 359 3373 canonicis;
384 3311 414 3361 et
438 3305 581 3363 Ladislao
605 3307 731 3365 custode
755 3308 882 3365 ecclesie
904 3307 1111 3379 zagrabiensis
1135 3314 1165 3364 et
1188 3306 1258 3365 aliis
1282 3307 1447 3382 quamplu·
1483 3344 1485 3346 -

186 3412 273 3468 ribus
298 3411 427 3467 testibus
451 3410 615 3484 fidedignis
638 3413 677 3470 ad
701 3415 854 3487 premissa
879 3415 995 3472 vocatis
1012 3413 1129 3487 pariter
1154 3419 1184 3470 et
1207 3414 1337 3485 rogatis.

291 3820 327 3876 Et
350 3820 414 3892 Ego
437 3818 611 3893 Stephanus
636 3823 769 3881 Emerici
793 3822 831 3880 de
848 3822 973 3893 Vizoka‚
997 3824 1127 3881 clericus
1152 3822 1364 3895 aagrabiensis
1387 3823 1447 3882 dio·

185 3927 261 3983 cesis
286 3927 431 3999 publicus
462 3942 548 3984 sacra
584 3928 740 4001 imperiali
773 3930 956 3988 auctoritate
986 3929 1132 4001 notarius,
1168 3929 1243 4002 quia
1274 3928 1446 3988 litterarum

184 4032 372 4089 venerabilis
396 4033 455 4090 viri
480 4032 598 4091 domini
630 4032 778 4107 Stephani
802 4036 1010 4094 archidiaconi
1034 4035 1234 4106 kathedralis,
1258 4035 1399 4097 canonici
1420 4041 1447 4092 et

183 4136 420 4195 locumtenentis
444 4139 583 4212 predicti,
618 4142 861 4212 sentencialium,
894 4143 1177 4214 confirmacionem,
1210 4142 1446 4202 roboracionem

183 4257 219 4299 ac
242 4243 481 4301 ratificacionem
516 4261 551 4302 ac
575 4246 723 4318 premisse
748 4249 891 4305 canonice
926 4249 1082 4322 porcionis
1105 4264 1158 4306 seu
1183 4255 1293 4322 quarte
1323 4248 1362 4306 de
1384 4248 1447 4307 uni·

183 4350 281 4406 versis
305 4350 398 4407 rebus
422 4355 453 4406 et
476 4351 565 4408 bonis
600 4350 793 4409 funeralibus
830 4359 859 4410 et
894 4355 1133 4412 testamentariis
1165 4353 1288 4429 prefato
1322 4353 1445 4415 domino

183 4458 297 4514 Mathie
321 4458 499 4515 monasterii
522 4459 610 4515 beate
645 4459 742 4516 Marie
779 4461 907 4532 virginis
942 4461 1048 4519 abbati
1083 4460 1233 4519 moderno
1269 4466 1300 4519 et
1335 4458 1444 4519 tuturis

182 4563 350 4621 abbatibus
373 4564 537 4637 prescripti
568 4564 746 4637 monasterii
781 4565 956 4637 legatorum
990 4573 1020 4624 et
1055 4557 1239 4624 donatarum
1272 4567 1444 4641 prescripto

183 4667 310 4727 domino
342 4670 469 4728 Nicolao
493 4670 591 4728 saneti
614 4670 709 4728 Marci
744 4671 781 4729 de
817 4680 921 4730 monte
955 4671 1053 4731 Grecz
1087 4672 1238 4732 moderno
1269 4676 1301 4732 et
1334 4671 1445 4731 futuris

182 4775 334 4834 universis
358 4777 500 4850 plebanis
523 4777 637 4835 montis
660 4774 821 4835 Grecensis
843 4778 991 4852 predicte,
1026 4776 1292 4854 adjudicacionem
1326 4784 1358 4838 et
1391 4793 1446 4855 per

181 4883 367 4940 sentenciam
391 4882 593 4942 diffinitivam
616 4883 683 4942 dari
706 4889 736 4942 et
751 4884 889 4959 persolvi
907 4884 989 4942 dicto
1012 4884 1140 4944 domino
1158 4884 1288 4944 Nicolao
1306 4885 1441 4961 plebano
