3278 5348
211 399 273 472 336
626 397 700 454 Dae.
724 406 792 472 272.
816 429 858 441 -
883 406 1054 475 An.1472.

210 614 350 672 omnium
379 618 520 670 taxarum
555 627 609 669 seu
640 611 909 670 contribucionum
942 614 1265 675 extraordinariamm
1297 623 1330 675 et
1354 617 1488 677 aliarum

210 721 393 795 quarumvis
416 719 611 777 solucionum
634 719 664 775 in
688 717 829 776 medium
844 719 1075 792 regnicolarum
1095 722 1184 795 regni
1198 723 1301 781 nostri
1320 722 1487 783 Sclauonie

146 805 152 814 ’
211 832 424 901 quantumque
446 832 476 882 et
498 823 738 898 quomodolibet
760 823 935 883 fiendamm
967 834 998 885 et
1020 827 1285 902 imponendarum
1312 845 1355 888 err
1383 833 1486 903 gracia

212 932 341 1007 speciali
372 937 403 989 et
434 931 616 988 auctoritate
646 938 750 987 nostre
780 930 971 989 celsitudinis
1001 933 1209 1007 inperpetuo
1242 936 1391 1008 graciose
1422 937 1485 994 eri·

212 1038 341 1098 mendos
372 1037 518 1094 duximus
549 1041 579 1094 et
609 1035 847 1109 supportandos,
878 1038 977 1095 immo
1006 1039 1173 1097 eximimus
1203 1045 1235 1098 et
1256 1048 1486 1115 supportamus

212 1145 405 1220 presencium
428 1158 484 1217 per
508 1143 656 1215 vigorem
688 1140 841 1214 Quocirca
872 1143 964 1202 vobis
995 1143 1142 1202 fidelibus
1164 1146 1280 1204 nostris
1305 1147 1485 1220 magnificis

210 1251 300 1309 banis
323 1251 374 1307 vel
398 1249 554 1306 vicebanis
578 1248 651 1305 dicti
675 1249 761 1319 regni
784 1248 881 1306 nostri
905 1247 1076 1321 Sclauonie,
1091 1266 1209 1309 necnon
1234 1253 1410 1310 comitibus
1432 1255 1484 1310 vel

212 1355 446 1415 vicecomitibus
469 1361 499 1411 et
521 1352 677 1429 judicibus
701 1354 856 1411 nobilium
880 1355 1045 1412 comitatus
1068 1358 1287 1429 zagrabiensis,
1311 1358 1393 1417 item
1417 1360 1485 1417 uni·

212 1463 310 1521 versis
334 1468 363 1519 et
394 1460 524 1533 singulis
555 1459 746 1517 dicatoribus
776 1467 807 1518 et
838 1461 1035 1519 exactoribus
1066 1462 1245 1521 huiusmodi
1270 1471 1486 1537 proventuum

212 1568 470 1628 mardurinaiium
502 1581 619 1623 necnon
649 1572 792 1623 taxarum
825 1574 855 1623 et
888 1568 1103 1639 quarumlibet
1125 1569 1260 1627 aliarum
1283 1571 1484 1629 solucionum

211 1678 242 1735 in
264 1674 385 1750 prelato
416 1674 564 1730 comitatu
594 1673 786 1744 zagrabiensi
819 1687 877 1746 pro
909 1679 1050 1746 tempore
1073 1675 1256 1746 constitutis,
1280 1677 1483 1749 presentibus

210 1791 241 1841 et
265 1781 384 1850 futuris,
406 1779 600 1852 presencium
623 1778 769 1835 noticiam
792 1778 953 1850 habituris,
976 1778 1154 1837 firmissime
1171 1781 1383 1855 precipientes
1399 1799 1484 1840 com-

212 1890 364 1948 mittimus
394 1891 424 1942 et
455 1884 639 1942 mandamus
670 1891 819 1957 quatenus
852 1884 966 1942 amodo
999 1884 1144 1961 deinceps
1175 1887 1314 1960 prelatos
1344 1889 1431 1947 cives
1454 1897 1484 1947 et

211 1995 328 2055 incolas
350 2008 385 2049 ac
415 1990 671 2047 communitatem
695 1990 776 2048 dicte
800 1990 932 2049 civitatis
955 1999 1059 2049 nostre
1082 1993 1196 2050 montis
1228 1992 1396 2052 Grecensis
1424 2010 1483 2069 pro

212 2110 352 2177 tempore
375 2099 406 2156 in
429 2096 537 2153 cadem
558 2104 786 2154 commorantes
802 2096 842 2154 ad
857 2097 1048 2155 solucionem
1064 2098 1243 2156 huiusmodi
1267 2110 1483 2172 proventuum

212 2204 469 2267 mandurinalium
501 2218 537 2259 ac
567 2204 781 2275 quorumlibet
811 2211 953 2261 taxarum
988 2205 1304 2264 extraordinariorum
1340 2207 1483 2281 quando·

211 2328 345 2386 cumque
367 2319 397 2368 et
421 2309 691 2381 qualitercumque
713 2310 745 2366 in
768 2309 907 2366 medium
923 2310 1152 2382 regnicolarum
1169 2310 1244 2369 dicti
1267 2315 1359 2384 regni
1382 2315 1483 2371 nostri

211 2419 383 2486 Sclauonie,
415 2420 449 2473 ut
479 2416 688 2490 premisimus
721 2415 982 2488 imponendarum
1012 2416 1051 2473 ad
1083 2416 1270 2474 solvendum
1294 2418 1427 2477 eosdem
1450 2421 1483 2478 in

211 2525 349 2583 medium
381 2524 521 2596 ipsorum
550 2522 779 2594 regnicolarum
813 2528 990 2579 nostrorum
1021 2528 1124 2581 artare
1154 2530 1184 2582 et
1207 2526 1405 2599 compellere
1428 2534 1483 2583 aut

210 2630 335 2689 eosdem
368 2637 534 2702 propterea
558 2629 588 2686 in
621 2629 769 2701 personis,
801 2629 957 2701 rebusque
979 2637 1009 2686 et
1032 2629 1122 2687 bonis
1145 2630 1287 2703 ipsorum
1309 2632 1482 2705 quibusvis

210 2743 315 2796 contra
344 2735 478 2793 formam
504 2736 653 2809 premisse
676 2742 780 2792 nostre
810 2735 1021 2808 exempcionis
1044 2735 1207 2809 impedire,
1229 2737 1403 2796 molestare
1424 2755 1480 2797 seu

210 2842 433 2917 quosvismodo
464 2841 688 2915 dampnificare
718 2857 871 2914 nusquam
902 2849 932 2898 et
961 2856 1158 2915 nequaquam
1191 2845 1391 2916 presumatis,
1423 2862 1482 2904 nec

209 2949 275 3008 sitis
297 2949 364 3005 ausi
389 2947 482 3004 modo
505 2948 644 3020 aliquali,
675 2948 777 3019 gracie
800 2954 904 3005 nostre
926 2948 985 3005 sub
1016 2947 1154 3006 obtentu.
1176 2948 1340 3006 Presentes
1363 2959 1483 3022 autem,

210 3071 287 3128 quas
309 3055 415 3126 sigillo
438 3062 544 3111 nostro
568 3055 598 3110 in
623 3053 768 3127 pendenti
792 3054 979 3112 communiri
1010 3052 1149 3125 fecimus,
1179 3065 1250 3128 post
1274 3071 1388 3114 earum
1419 3058 1484 3117 lec-

209 3168 310 3218 turam
342 3160 461 3217 reddite
493 3161 691 3233 presentanti.
727 3160 843 3217 Datum
873 3159 957 3218 Bude
987 3159 1064 3218 feria
1097 3168 1208 3233 quarta
1231 3163 1382 3234 proxima
1406 3169 1483 3237 post

209 3265 324 3323 festum
357 3267 578 3323 l’entlrecostes.
612 3270 700 3323 Anno
732 3266 850 3323 domini
882 3265 1050 3324 millesimo
1074 3266 1386 3339 quadringentesimo
1410 3286 1484 3344 sep-

210 3372 380 3443 tuagesimo
403 3371 547 3429 secundo
581 3373 757 3443 Regnorum
781 3380 958 3429 nostrorum
980 3386 1061 3430 anno
1084 3372 1243 3446 Hungarie
1272 3379 1328 3432 etc.
1354 3377 1484 3450 quinto·

210 3476 339 3547 decim0,
363 3479 573 3534 coronacionis
597 3494 686 3549 nono,
713 3479 857 3537 Bohemie
877 3494 952 3536 vero
975 3484 1096 3552 quarto.

252 3591 256 3600 ⁵
316 3614 339 3660 E
359 3620 518 3678 transumpto
547 3614 653 3678 capituli
681 3616 853 3678 zagrabiensis
881 3616 913 3664 de
943 3631 1010 3664 anno
1038 3627 1112 3680 1473.
1141 3623 1166 3664 et
1192 3617 1261 3678 regis
1286 3615 1420 3667 Vladislai
1449 3620 1485 3668 de

209 3717 277 3751 anno
300 3714 373 3766 1503.
394 3705 424 3750 In
452 3703 566 3751 archivio
592 3703 637 3752 lib.
658 3705 783 3767 regcivit.
803 3704 904 3768 zagrab.

795 3952 879 4020 272.

315 4077 395 4125 Anno
417 4088 491 4139 1472,
513 4088 553 4127 20.
575 4078 642 4128 mail.
663 4077 759 4126 Budac.

209 4203 352 4272 Mothrim,
376 4205 553 4277 lluagan'ae
576 4213 623 4262 cta.
647 4223 709 4273 rex,
740 4203 862 4261 niandat
889 4204 1014 4277 capitulo
1044 4201 1162 4272 albensi,
1184 4208 1219 4258 ut
1246 4202 1351 4259 civitas
1374 4207 1483 4263 montis

215 4309 365 4369 Grecensis
376 4312 406 4367 in
420 4312 584 4383 regitanam
596 4313 797 4384 passessionem
809 4310 975 4385 Kraljeacc‚
993 4304 1084 4388 Cerje,
1097 4308 1238 4384 Kobiljak
1249 4315 1297 4366 etc.
1314 4315 1480 4373 statuatur.

314 4454 446 4510 Mathias
469 4454 518 4512 dei
542 4456 646 4526 gracia
663 4472 716 4512 rex
734 4455 901 4527 Hungarie,
926 4453 1073 4512 Bohemie
1095 4459 1150 4511 etc.
1174 4451 1336 4510 Fidelibus
1359 4457 1480 4514 nostris

208 4559 346 4634 capitulo
369 4560 497 4617 ecclesie
520 4537 664 4631 albensis,
695 4561 827 4619 salutem
860 4570 899 4619 et·
914 4562 1061 4634 graciam.
1085 4559 1165 4617 Cum
1188 4573 1245 4616 nos
1268 4558 1477 4620 consideratis

208 4665 359 4724 fidelitate
391 4671 420 4723 et
455 4667 593 4724 serviciis
628 4666 769 4725 fidelium
804 4676 981 4725 nostrorum
1021 4666 1318 4739 circumspectorum
1352 4663 1478 4741 J’udicis,

205 4768 388 4847 juratorum,
412 4779 647 4845 ceterorumque
678 4774 794 4830 civium
826 4774 959 4832 civitatis
981 4779 1086 4832 nostre
1110 4772 1224 4831 montis
1247 4769 1415 4832 Grecensis
1438 4772 1480 4834 de

206 4875 293 4954 juxta
322 4877 527 4952 Zagrabiam,
561 4896 617 4953 per
655 4896 707 4938 eos
738 4879 829 4939 nobis
859 4880 1021 4950 exhibitis,
1060 4878 1271 4953 possessiones
1300 4876 1479 4953 Kralevvca,
