3278 5348
548 436 621 494 Doc.
638 446 715 514 345.
741 467 776 476 -
804 430 974 512 An.1487.

109 652 331 712 nichilominus
361 651 483 710 nobiles
507 651 672 709 memorati
696 651 781 724 ipsos
804 651 888 708 cives
912 665 948 708 ac
971 666 1080 709 eorum
1103 649 1232 710 heredes
1255 652 1296 709 ab
1311 667 1378 710 orn·

110 761 203 819 nibus
219 759 414 832 quibuslibet
435 765 466 815 et
489 759 645 831 signanter
668 758 709 815 ab
734 758 874 831 ipsorum
899 759 1050 832 proximis
1074 766 1104 816 et
1127 759 1336 830 generacione,
1352 759 1378 816 si

111 867 166 940 qui
196 865 322 924 eosdem
353 865 436 922 cives
459 864 513 921 vel
540 878 648 921 eorum
682 862 812 922 heredes
835 864 959 922 racione
981 869 1013 922 et
1037 869 1178 937 pretextu
1201 862 1283 922 dicte
1308 878 1376 937 pos·

110 973 255 1032 sessionis
277 970 484 1044 Sylakowyna
509 969 662 1044 impedire
678 977 707 1028 et
723 970 895 1042 inquietare
918 970 1012 1028 modo
1027 971 1157 1043 aliquali
1175 970 1287 1043 quovis
1301 975 1378 1028 tem·

111 1080 198 1154 poris
220 1079 252 1137 in
275 1092 420 1152 processu
445 1076 584 1134 volentes
606 1076 754 1150 expedire
776 1078 912 1150 propriis
928 1078 1068 1151 ipsorum
1085 1076 1248 1134 laboribus
1270 1081 1300 1134 et
1323 1091 1377 1133 ex·

112 1186 225 1260 pensis,
248 1183 289 1242 ad
313 1182 398 1257 quod
422 1199 454 1241 se
477 1197 582 1241 coram
608 1183 700 1240 nobis
732 1188 842 1256 sponte
865 1183 1044 1256 obligarunt
1067 1182 1187 1240 nobiles
1211 1189 1379 1240 castrenses

110 1307 185 1366 sepe
208 1290 343 1364 allegati.
366 1289 401 1347 In
424 1303 559 1362 quorum
592 1289 731 1346 omnium
766 1295 797 1347 et
819 1290 1014 1362 singulorum
1038 1289 1258 1358 testimonium,
1281 1287 1378 1346 firmi·

110 1404 268 1470 tatemque
299 1402 483 1471 perpetuam
521 1395 642 1453 litteras
676 1402 798 1454 nostras
833 1396 1049 1469 privilegiales
1083 1411 1154 1454 cum
1188 1395 1378 1469 appensione

109 1503 210 1563 nostri
231 1503 330 1575 sigilli
352 1502 470 1560 eisdem
486 1502 608 1560 civibus
624 1500 664 1559 ad
680 1501 833 1559 cautelam
850 1501 996 1560 duximus
1020 1500 1237 1560 concedendas.
1261 1501 1378 1558 Datum

111 1609 189 1668 feria
213 1610 308 1668 tercia
340 1609 484 1683 proxima
515 1613 587 1682 post
618 1614 743 1666 octavas
765 1606 835 1666 festi
866 1607 1030 1666 beatorum
1064 1608 1193 1681 Phillipi
1216 1613 1246 1665 et
1269 1607 1379 1689 Jacobi

112 1716 336 1790 apostolorum.
361 1717 451 1774 Anno
462 1712 582 1774 domini
604 1715 773 1773 millesimo
797 1716 1011 1774 trecentesimo
1035 1714 1234 1787 nonagesimo
1258 1720 1379 1788 quarto.

113 1821 230 1896 Quinta
252 1836 328 1880 vero
350 1823 491 1896 ipsarum
515 1820 654 1879 eiusdem
685 1821 814 1895 capituli
844 1822 1052 1893 zagrabiensis
1075 1821 1179 1879 littera
1202 1820 1379 1879 reambula-

111 1929 201 1998 toria,
225 1927 302 1985 feria
326 1929 433 2001 quinta
456 1929 600 2002 proxima
630 1934 700 2002 post
729 1926 843 1986 festum
872 1933 976 1986 sancte
999 1927 1158 1985 Trinitatis
1180 1941 1261 1985 anno
1279 1927 1382 2000 gracie

112 2033 283 2091 millesimo
301 2033 515 2091 trecentesimo
531 2034 732 2105 nonagesimo
748 2034 855 2106 quinto
868 2033 1107 2107 privilegialiter
1125 2035 1262 2099 suborta,
1275 2034 1381 2106 sigillo

112 2138 253 2197 eiusdem
284 2140 316 2198 in
347 2138 492 2213 pendenti
523 2139 645 2211 vallata,
671 2139 859 2212 explicabat,
884 2139 1062 2213 quodcum
1094 2138 1177 2198 idern
1206 2140 1379 2214 capitulum

113 2246 246 2318 receptis
269 2245 382 2304 litteris
393 2246 582 2304 serenissimi
598 2251 628 2303 et
652 2245 750 2303 incliti
774 2246 925 2319 principis
948 2245 1069 2304 domini
1092 2244 1283 2318 sigismundi
1299 2245 1381 2319 regis

112 2352 365 2410 reambulatoriis
395 2352 489 2410 simul
519 2359 549 2410 et
579 2351 737 2423 citatoriis,
761 2353 871 2410 maiori
894 2351 1032 2411 eiusdem
1056 2352 1161 2425 sigillo
1184 2352 1380 2425 consignatis,

114 2474 173 2532 pro
196 2464 285 2532 parte
299 2459 504 2532 providorum
528 2466 557 2517 et
572 2459 870 2531 circumspectorum
893 2457 1012 2534 judicis,
1034 2457 1208 2533 juratorum
1232 2473 1267 2515 ac
1284 2458 1381 2516 tocius

113 2564 345 2623 communitatis
376 2565 510 2622 civitatis
533 2565 647 2622 montis
678 2562 840 2623 Grecensis
870 2565 987 2623 civium
1008 2564 1091 2622 dicto
1114 2565 1252 2638 capitulo
1275 2576 1380 2637 sagra·

114 2671 214 2728 biensi
248 2670 374 2729 directis
404 2679 434 2728 et
456 2669 543 2746 juxta
567 2669 747 2728 mandatum
771 2670 868 2744 ipsius
892 2671 1009 2729 domini
1033 2670 1224 2743 Sigismundi
1248 2671 1329 2743 regis
1344 2670 1377 2727 in

113 2777 232 2835 eisdem
256 2777 369 2836 litteris
393 2792 585 2850 expressum,
610 2778 693 2835 dicto
709 2778 847 2849 capitulo
870 2779 1049 2848 iniunctum,
1067 2792 1199 2835 unacum
1215 2774 1380 2851 Stephano,

115 2883 183 2942 filio
213 2883 339 2941 Chemir
369 2883 409 2941 de
432 2884 606 2955 Koznycha,
639 2885 764 2941 homine
799 2883 872 2942 dicti
896 2884 1015 2942 domini
1038 2885 1120 2955 regis
1143 2884 1174 2941 in
1199 2882 1380 2957 prescriptis

115 2991 226 3048 litteris
247 2989 385 3048 eiusdem
410 2991 489 3049 inter
510 2991 589 3048 alios
612 2990 753 3048 homines
776 2991 878 3062 regios
900 2990 1098 3048 nominaliter
1120 2990 1235 3048 inserto
1258 2996 1289 3046 et
1309 3002 1380 3046 con·

115 3098 241 3170 scripto,
265 3097 407 3170 ipsorum
430 3097 588 3154 hominem
613 3095 758 3155 videlicet
790 3096 1007 3155 honorabilem
1031 3103 1061 3154 et
1084 3096 1252 3154 discretum
1276 3096 1382 3153 virum

115 3202 278 3260 dominum
300 3202 473 3285 Johannem
497 3203 662 3274 lanceloti,
680 3204 798 3261 socium
822 3209 851 3261 et
867 3205 1108 3262 concanonicum
1133 3218 1250 3275 eorum,
1274 3201 1313 3258 ad
1336 3201 1381 3260 in·

116 3307 312 3382 trascriptam
336 3309 609 3383 possessionariam
634 3310 918 3368 reambulacionem
942 3316 971 3368 et
996 3315 1150 3368 metarum
1172 3310 1381 3367 erreccionem

117 3414 390 3488 possessionariam
407 3414 599 3489 prelatorum
616 3413 735 3491 judicis,
758 3413 934 3490 juratorum
950 3422 981 3475 et
1004 3417 1120 3474 civium
1145 3415 1226 3473 dicte
1249 3414 1382 3473 civitatis

115 3520 298 3592 Petrowyna
322 3535 357 3578 ac
379 3520 587 3594 Sylalrowyna
607 3528 797 3591 vocatarum,
820 3523 852 3579 in
875 3537 986 3595 campo
1010 3522 1203 3595 zagrabiensi
1225 3522 1310 3578 ultra
1325 3519 1381 3578 tlu-

117 3628 205 3686 vium
228 3626 318 3684 Zawe
341 3628 517 3685 habitarum
542 3636 571 3685 et
594 3628 795 3686 existencium
812 3627 975 3698 faciendas,
994 3643 1050 3701 pro
1073 3640 1182 3685 eorum
1207 3627 1383 3684 testimonio

116 3733 275 3792 duxissent
306 3731 511 3791 destinandos.
543 3734 606 3807 Qui
630 3733 755 3792 tandem
779 3733 889 3792 exinde
919 3735 959 3792 ad
991 3733 1075 3792 idern
1098 3733 1271 3806 capitulum
1296 3731 1383 3790 rede·

115 3846 205 3897 untes
227 3847 258 3897 et
282 3855 337 3913 per
353 3839 479 3897 eosdem
494 3839 661 3913 diligenter
678 3841 827 3913 requisiti,
843 3839 959 3899 eisdem
982 3840 1176 3899 concorditer
1187 3847 1218 3897 et
1241 3840 1383 3913 ipsorum

117 3946 186 4019 pari
216 3952 246 4004 et
281 3947 419 4003 unanimi
455 3952 528 4002 voto
563 3947 740 4004 retulissent
770 3948 829 4004 isto
860 3947 964 4018 modo,
996 3945 1080 4020 quod
1112 3947 1171 4019 ipsi
1197 3944 1273 4004 feria
1297 3949 1384 4003 sexta

118 4052 261 4125 proxima
283 4057 354 4110 ante
377 4051 489 4110 festum
512 4060 616 4110 sancte
639 4060 669 4109 et
691 4051 851 4111 individue
874 4053 1032 4111 Trinitatis
1056 4052 1187 4111 indicto
1209 4067 1290 4110 anno
1313 4067 1384 4125 pre·

117 4158 244 4216 teritum
268 4157 307 4215 ad
324 4157 417 4216 iacies
433 4158 645 4233 predictarum
662 4160 893 4232 possessionum
909 4161 1049 4233 ipsorum
1065 4158 1181 4216 civium
1200 4158 1382 4230 Petrowyna

118 4271 148 4321 et
171 4262 380 4337 Sylalxowyna
403 4265 634 4338 appellatorum
650 4265 744 4323 simul
761 4273 791 4323 et
815 4267 948 4323 invicem
966 4264 1160 4338 procedendo
1176 4265 1383 4336 accessissent,

117 4378 148 4429 et
171 4371 257 4445 prius
286 4371 468 4429 earumdem
501 4373 730 4446 possessionum
762 4372 870 4430 vicinis
893 4379 923 4429 et
953 4371 1184 4441 commetaneis,
1217 4370 1328 4428 litteris
1351 4369 1383 4427 in

117 4476 233 4535 eisdem
249 4477 425 4548 nominatis,
449 4478 524 4536 illac
547 4479 724 4536 convocatis
746 4485 777 4535 et
801 4476 1004 4551 presentibus,
1019 4477 1123 4550 primo
1139 4477 1240 4550 ipsam
1264 4490 1385 4549 possea·

117 4583 236 4641 sionem
259 4584 444 4656 Petrowyna
469 4600 524 4658 per
547 4599 618 4641 suas
648 4591 768 4642 veteres
799 4590 829 4642 et
852 4583 994 4656 antiquas
1018 4587 1116 4640 metas
1139 4589 1232 4657 prout
1256 4597 1312 4655 per
1333 4594 1383 4639 re·

118 4690 202 4761 giam
226 4690 419 4749 maiestatem
442 4707 567 4765 semper
590 4698 620 4749 et
651 4691 692 4749 ab
715 4691 844 4764 antiquo
867 4697 949 4747 tenta
974 4688 1067 4747 luisse
1090 4694 1121 4746 et
1142 4702 1282 4761 possessa
1306 4703 1384 4746 asse·

117 4795 275 4867 rebantur,
306 4797 431 4856 tandem
461 4799 563 4872 ipsam
596 4797 820 4871 possessionem
853 4812 906 4854 seu
939 4802 1053 4854 terram
1088 4793 1297 4867 Sylalrowyna
1328 4808 1385 4868 per

117 4917 189 4963 suae
211 4917 302 4962 veras
318 4910 416 4964 metas
439 4902 679 4974 reambulantes,
694 4903 783 4961 novis
799 4902 889 4961 metis
911 4909 942 4961 et
955 4901 1052 4976 signis
1073 4899 1251 4974 meatibus,
1274 4899 1386 4961 litteris
