3278 5348
606 396 678 453 θοι.
703 409 773 472 240.
800 427 839 438 -
863 395 919 452 An.
945 392 1034 472 1465.

311 503 349 507 --
367 501 547 507 -————··
596 501 685 506 ——
815 501 857 505 —
882 501 1441 512 ——--———--—-——-.-.-

294 769 374 817 Anno
397 768 471 833 1465,
494 779 532 818 11.
553 769 647 819 martii.
667 767 814 831 Zagrabiae.

194 895 298 952 Coram
320 897 518 953 communitate
539 896 665 952 civitatis
688 895 793 966 figeres,
809 892 933 952 colluam
949 901 1038 951 morte
1047 895 1200 970 Jolroom's
1216 894 1341 964 Koniil,
1355 911 1446 967 ogram

439 1021 521 1059 soum
545 1001 642 1071 Elioe,
664 1008 872 1073 cirvnpanomm
888 1001 999 1074 fusuri,
1016 1015 1040 1076 5
1055 1000 1092 1076 st.
1118 1001 1222 1058 oenda't.

296 1145 360 1202 Nos
385 1147 566 1217 Anthonius,
597 1145 681 1203 filius
712 1144 840 1213 Thome,
862 1141 966 1218 judex,
990 1142 1119 1214 Blasius,
1143 1142 1288 1213 Michael,
1310 1143 1447 1212 Thomas,

188 1251 341 1321 Clemens,
374 1252 497 1322 Paulus,
528 1250 682 1320 Clemens,
715 1251 836 1306 Marcus
867 1255 897 1306 et
920 1248 1090 1320 Gregorius
1111 1247 1214 1324 jurati,
1237 1249 1407 1307 consiliarii
1424 1258 1450 1305 et

188 1358 323 1415 universi
355 1358 438 1415 cives
466 1357 600 1414 civitatis
632 1356 745 1413 montis
769 1354 938 1412 Grecensis.
963 1356 1112 1413 lllemorie
1135 1354 1393 1412 commendamus
1415 1360 1452 1412 te

188 1477 262 1520 nore
287 1464 481 1537 presencium
512 1462 719 1535 significantes
750 1461 864 1534 quibus
892 1460 1017 1533 expedit
1046 1461 1206 1532 universis,
1240 1459 1326 1535 quod
1360 1461 1452 1534 proba

187 1578 217 1625 et
240 1570 368 1627 honesta
401 1569 514 1627 mulier
547 1571 650 1641 Agnes
683 1576 799 1636 vocata,
831 1567 939 1623 relicta
962 1565 1094 1624 condam
1117 1566 1178 1624 viri
1200 1567 1331 1640 providi
1352 1572 1383 1625 et
1404 1568 1453 1623 ho·

187 1675 265 1731 nesti
294 1676 442 1757 Johannis
475 1676 627 1746 Kwnsyth
650 1674 732 1744 dicti,
755 1673 822 1730 filia
845 1673 990 1731 videlicet
1014 1672 1145 1731 condam
1169 1674 1286 1732 llathie
1318 1673 1358 1731 de
1380 1673 1452 1730 Kra-

187 1780 292 1850 levvcz,
310 1781 387 1838 olim
412 1782 547 1839 concivis
568 1782 674 1851 nostri,
699 1779 757 1837 filli
782 1779 883 1849 Blasii,
900 1779 938 1836 ad
954 1784 1093 1837 nostram
1110 1780 1317 1853 personaliter
1333 1780 1452 1837 veniens

186 1887 388 1958 presenciam,
419 1887 557 1945 confessa
589 1892 634 1944 est
666 1887 696 1943 in
727 1888 808 1944 hunc
840 1885 977 1955 modum,
1010 1892 1043 1942 ut
1067 1886 1134 1959 ipsa
1158 1885 1317 1958 quandam
1342 1896 1451 1943 terram

185 2006 274 2047 suam
298 1993 450 2050 arabilem
474 1994 503 2050 in
527 2008 639 2065 campo
662 2001 766 2049 nostro
797 2008 851 2049 seu
882 1992 1015 2048 civitatis
1045 1990 1163 2064 prefate
1187 1991 1267 2048 inter
1291 1997 1391 2048 terras
1413 1991 1451 2047 si-

188 2098 305 2156 militer
334 2100 469 2156 arabiles
493 2100 552 2155 viri
573 2098 698 2173 providi
722 2106 751 2155 et
774 2098 894 2156 honesti
917 2098 992 2168 Elye
1023 2112 1245 2170 campanarum
1270 2096 1394 2168 fusoris,
1415 2097 1452 2153 si·

186 2204 304 2261 militer
336 2206 472 2262 concivis
503 2206 608 2275 nostri,
641 2204 698 2262 lilii
732 2203 876 2261 videlicet
910 2203 1063 2260 Benedicti
1094 2202 1133 2260 de
1165 2203 1291 2276 Posega,
1322 2209 1353 2261 et
1376 2204 1451 2261 inter

187 2317 283 2367 terras
307 2319 410 2368 nostre
433 2312 664 2368 communitatis
687 2327 723 2367 ac
746 2326 832 2367 secus
855 2311 940 2367 viam
957 2325 1156 2367 communem
1175 2309 1318 2367 habitam
1341 2315 1371 2367 et
1393 2310 1451 2366 exi·

186 2423 325 2485 stentem,
350 2418 486 2490 quinque
515 2416 566 2473 vel
591 2418 676 2487 citra,
701 2424 732 2473 ut
757 2416 878 2487 dicitur,
902 2416 999 2473 dietas
1023 2423 1102 2472 terre
1126 2416 1156 2473 in
1181 2431 1213 2472 se
1236 2417 1450 2484 continentem,

187 2522 286 2594 ipsam
311 2523 426 2579 scilicet
451 2524 624 2594 Agnethem
656 2522 820 2579 mulierem
850 2537 868 2578 a
900 2521 1021 2595 prefato
1051 2520 1184 2578 condam
1218 2521 1335 2578 Mathia
1368 2527 1450 2595 patre

186 2628 324 2685 eiusdem
357 2635 516 2701 tamquam
549 2629 695 2687 heredem
728 2635 757 2685 et
788 2629 985 2701 superstitem
1010 2628 1106 2701 ipsius
1130 2627 1262 2686 condam
1287 2628 1402 2686 lllathie
1423 2632 1451 2684 et

186 2734 282 2789 eciam
315 2734 497 2791 litteratorie
528 2742 770 2803 concernentem,
804 2740 896 2806 prout
927 2735 986 2790 hoc
1009 2734 1040 2791 in
1063 2733 1198 2806 quadam
1224 2734 1328 2791 littera
1351 2738 1451 2792 nostra

185 2855 237 2895 seu
269 2839 402 2896 civitatis
435 2839 552 2912 prolate
577 2839 764 2912 privilegiali
790 2855 825 2896 ac
848 2840 1020 2910 statutoria,
1045 2844 1185 2912 tempore
1208 2839 1355 2898 videlicet
1375 2838 1450 2915 judi·

185 2959 271 3001 catus
296 2946 354 3002 viri
385 2945 516 3002 condam
549 2946 673 3019 providi
705 2952 734 3002 et
765 2946 885 3003 honesti
918 2946 998 3003 Petri
1030 2945 1106 3003 olim
1138 2946 1267 3004 senioris
1289 2944 1402 3021 judicis
1423 2950 1451 3002 et

185 3052 320 3108 concivis
351 3053 455 3122 nostri,
488 3051 544 3109 filii
577 3051 721 3109 videlicet
754 3051 850 3122 Pauli,
876 3051 914 3108 de
938 3067 1017 3108 anno
1040 3051 1159 3109 domini
1183 3052 1356 3109 millesimo
1379 3066 1448 3125 qua·

185 3157 425 3230 dringentesimo
450 3159 605 3216 tricesimo
629 3157 764 3215 secundo
787 3159 818 3216 in
842 3157 919 3215 festo
951 3159 1032 3215 beati
1064 3157 1190 3229 Georgii
1221 3159 1369 3228 martiris,
1399 3159 1452 3216 ali·

185 3264 335 3335 quamdiu
366 3265 535 3338 preteritis,
568 3280 626 3338 pro
662 3271 749 3337 parte
783 3264 922 3321 eiusdem
956 3265 1080 3336 Agnetis
1107 3264 1250 3321 mulieris
1284 3263 1450 3339 superinde

184 3368 321 3425 contecta
344 3376 374 3426 et
397 3379 537 3427 emanata
560 3387 594 3426 ac
618 3386 724 3427 coram
747 3370 837 3427 nobis
861 3372 890 3427 in
915 3372 1017 3442 specie
1039 3370 1177 3427 exhibita
1193 3375 1223 3427 et
1240 3369 1452 3429 demonstrata

184 3473 245 3529 lide
269 3476 416 3533 contineri
441 3477 576 3534 vidimus
600 3478 731 3547 oculata,
755 3477 922 3534 simulcum
946 3477 1092 3534 omnibus
1115 3475 1255 3534 eiusdem
1279 3483 1362 3536 terre
1384 3493 1454 3536 ara·

183 3579 256 3635 bilis
279 3582 415 3653 quinque
440 3582 489 3637 vel
513 3583 589 3639 citra
613 3582 709 3640 dietas
740 3583 771 3639 in
806 3599 838 3640 se
869 3583 1051 3640 continentis
1089 3582 1283 3655 utilitatibus,
1322 3583 1455 3674 juribus,

182 3686 298 3755 usibus,
323 3688 557 3758 integritatibus,
583 3688 847 3746 fructuositatibus
870 3695 900 3746 et
923 3689 1118 3761 pertinenciis
1142 3689 1303 3762 universis,
1328 3692 1454 3765 prefato

184 3791 267 3861 Elye,
294 3791 389 3848 lusori
413 3809 644 3866 campanarum,
670 3804 775 3852 nostro
801 3796 945 3852 videlicet
968 3796 1097 3866 concivi,
1120 3810 1157 3851 ac
1179 3811 1236 3868 per
1258 3812 1332 3854 eum
1356 3799 1458 3872 ipsius

182 3899 358 3969 heredibus,
382 3914 439 3972 pro
463 3901 562 3956 tribus
587 3901 708 3958 llorenis
732 3903 807 3968 auri,
833 3918 888 3974 per
904 3901 1036 3958 eundem
1054 3902 1162 3973 Elyam
1179 3909 1324 3960 annotate
1341 3907 1459 3977 agneti

183 4005 315 4073 mulieri,
341 4013 433 4078 prout
450 4007 581 4078 ipsamet
606 4008 696 4064 nobis
720 4009 836 4079 retulit,
857 4009 919 4065 iam
937 4008 1028 4081 plene
1044 4008 1124 4064 datis
1140 4013 1169 4064 et
1186 4008 1364 4081 persolutis,
1380 4026 1459 4070 ven-

183 4111 311 4170 didisset
334 4119 364 4169 et
388 4112 575 4181 contulisset,
600 4114 697 4169 immo
721 4130 758 4169 ex
780 4130 929 4171 consensu
951 4115 1078 4170 alterius
1095 4113 1189 4170 vicini
1206 4112 1353 4174 videlicet
1369 4131 1460 4176 com·

182 4219 331 4274 munitate
354 4218 491 4291 predicte
519 4220 651 4276 civitatis
683 4220 721 4276 ad
752 4222 811 4277 hoc
842 4221 1063 4278 interveniente
1087 4218 1226 4276 vendidit
1256 4224 1287 4276 et
1318 4224 1458 4283 contulit

182 4339 286 4381 coram
319 4326 408 4382 nobis
436 4324 502 4399 jure
534 4333 685 4399 perpetuo
709 4334 737 4383 et
762 4327 1008 4384 irrevocabiliter
1033 4324 1262 4398 possidendam,
1285 4328 1461 4389 tenendam

182 4431 299 4503 pariter
320 4435 350 4488 et
373 4431 558 4501 habendam,
582 4447 617 4488 ac
640 4430 726 4506 juxta
750 4433 963 4491 condicionem
987 4432 1120 4490 civitatis
1150 4437 1310 4506 prenotate
1334 4433 1378 4490 ab
1402 4451 1462 4496 an·

181 4537 269 4609 tiquo
293 4538 533 4610 privilegialiter
555 4540 773 4612 approbatam,
797 4539 1091 4613 quomodocumque
1125 4537 1261 4595 voluerit
1283 4537 1462 4615 disponen-

182 4642 272 4712 dam;
295 4643 437 4716 antiquas
468 4659 593 4717 quoquo
625 4645 742 4702 litteras
772 4647 930 4703 universas
962 4645 1079 4703 factum
1103 4644 1254 4718 premisse
1279 4649 1364 4705 terre
1387 4663 1462 4709 am·

181 4748 263 4819 bilis,
295 4750 431 4822 quinque
462 4750 514 4806 vel
546 4751 622 4808 citra
653 4750 750 4809 dietas
773 4757 854 4809 terre
877 4754 907 4809 in
931 4768 963 4809 se
987 4751 1170 4809 continentis
1193 4757 1349 4827 sonantes,
1374 4756 1401 4814 si
1426 4758 1461 4817 in

179 4856 371 4913 contrarium
394 4856 588 4930 presencium
613 4859 724 4930 quovis
748 4859 897 4931 temporis
922 4860 951 4915 in
976 4872 1123 4932 processu
1148 4857 1377 4921 exhiberentur
1402 4879 1463 4924 seu
