3278 5348
189 403 249 472 256
548 403 621 461 Dec.
646 415 717 478 194·
744 412 810 476 195.
836 435 875 444 -
901 411 1071 479 An.1457.

188 616 357 675 tuordecim
383 617 570 674 sessionibus
593 617 707 691 privati
739 617 873 674 existunt
909 615 1025 674 eisdem
1061 616 1189 690 plenam
1223 621 1254 674 et
1289 615 1447 674 indilatam

188 724 341 780 iusticiam
367 722 467 780 faeere
497 728 527 781 et
558 724 723 796 unicuique
755 722 837 795 quod
864 738 954 780 suurn
989 727 1035 780 est
1065 721 1196 779 reddere
1227 728 1259 780 et
1292 723 1446 780 restituere

188 829 326 886 debeatis
351 836 453 886 nostre
477 830 645 887 maiestatis
674 830 704 886 in
728 843 859 903 persona
883 836 913 885 et
935 829 1117 885 auctoritate
1141 827 1338 900 presentibus
1362 827 1444 884 vobis

187 938 217 993 in
243 937 299 992 hac
322 943 412 1008 parte
434 936 583 992 attributa
607 942 637 992 et
660 935 781 992 iusticia
805 934 967 991 mediante.
990 932 1082 990 Seeus
1105 948 1166 990 non
1190 931 1311 991 facturi.
1337 933 1445 990 Datum

187 1041 328 1113 Wyenne
353 1041 430 1098 seria
454 1052 540 1099 sexta
563 1043 705 1113 proxima
730 1048 800 1115 post
825 1040 936 1098 festum
963 1040 1044 1097 beati
1068 1039 1167 1112 Egidii
1191 1040 1316 1097 abbatis
1340 1046 1369 1097 et
1385 1054 1446 1097 con·

188 1148 321 1205 sessoris.
359 1149 448 1204 Anno
483 1147 602 1204 domini
647 1148 816 1204 millesimo
853 1146 1158 1219 quadringentesimo
1193 1145 1443 1218 quinquagesimo

186 1255 329 1328 septimo.
353 1254 532 1325 Regnorum
556 1262 732 1312 nostrorum
757 1268 837 1311 anno
862 1254 1020 1325 ilungarie
1044 1258 1100 1308 etc.
1113 1250 1235 1309 decimo
1260 1258 1380 1322 octavo,
1397 1251 1443 1308 Bo

187 1361 289 1418 hemie
314 1374 388 1417 vero
412 1367 533 1431 quarto.

292 1512 425 1573 Originale
453 1513 480 1561 in
507 1512 602 1562 charta.
633 1515 664 1560 ln
684 1515 797 1577 margine
816 1513 931 1563 inferiori
950 1513 1102 1576 impressum
1120 1518 1159 1560 est
1176 1510 1293 1575 sigillum
1312 1512 1398 1562 maius.
1416 1511 1441 1559 ln

186 1603 300 1651 archivio
320 1602 365 1652 lib.
386 1618 437 1664 reg.
457 1602 505 1650 civ.
524 1602 623 1664 zagrnb.

774 1833 859 1898 194.

294 1925 372 1971 Anno
395 1934 467 1986 1457.

290 2055 462 2110 tjastellum
479 2025 516 2110 'in
541 2052 665 2109 civitate
688 2058 825 2107 erectum
849 2049 942 2106 vidua
966 2049 1064 2107 Ulrici
1087 2050 1192 2107 Cileae
1208 2051 1331 2108 comitis
1352 2048 1438 2107 tradat

145 2176 146 2179 ’
185 2165 306 2220 civibus
331 2159 567 2232 gubernandum
593 2175 672 2216 anno
699 2173 788 2233 1457·

293 2352 408 2412 Regestn
427 2348 471 2395 lib.
492 2364 544 2406 reg.
564 2347 633 2396 civit,
654 2346 753 2407 zagrah.

781 2631 860 2696 195.

291 2797 371 2843 Anno
394 2806 468 2857 1457.
489 2805 529 2853 23.
549 2791 702 2838 novembris.
723 2789 870 2852 Zagrabine.

192 2924 295 2977 (nram
317 2920 491 2990 magistram
514 2919 639 2974 (laniatis
671 2918 786 2973 Paulus
816 2916 894 2972 Filec
927 2917 1005 2981 ct'ot's,
1038 2915 1176 2988 Philippo
1203 2917 1305 2985 suton',
1337 2916 1445 2979 commi,

702 3024 813 3079 vineam
838 3022 940 3078 ru’mlr'l.

290 3171 352 3226 Nos
378 3171 559 3237 Anthonius,
584 3169 667 3225 lilius
691 3169 818 3233 Tlrome‚
842 3165 944 3240 judex.
980 3167 1133 3235 Clemens,
1166 3166 1356 3240 Demetriu5‚
1386 3166 1446 3224 Ste-

184 3279 313 3350 phanus,
338 3278 453 3343 Petrus,
480 3278 674 3345 Laurencius,
700 3276 828 3336 lilasius,
855 3275 951 3330 Lucas
983 3284 1012 3329 et
1047 3275 1186 3344 blathyas
1219 3271 1322 3347 jurati,
1354 3273 1447 3331 consi·

184 3383 265 3439 liarii
290 3391 318 3437 et
343 3383 478 3437 universi
504 3383 586 3438 cives
611 3383 744 3437 civitatis
769 3382 882 3436 montis
914 3380 1085 3436 Grecensis.
1117 3379 1264 3436 llemorie
1295 3394 1448 3437 commen-

184 3488 294 3544 damus
318 3495 422 3545 tenore
447 3491 640 3560 presencium
665 3487 872 3558 significantes
896 3488 1009 3559 quibus
1026 3486 1151 3559 expedit
1172 3486 1343 3556 universiS‚
1368 3485 1449 3560 quod

185 3597 232 3651 vir
264 3594 413 3666 providus
445 3603 472 3649 et
505 3595 650 3650 honestus
684 3595 797 3650 Paulus
829 3592 937 3663 sartor,
963 3594 1045 3649 filius
1070 3592 1199 3650 condam
1226 3593 1353 3664 Mathye
1376 3593 1447 3651 dicti

185 3700 330 3771 Phyleeh,
355 3701 489 3755 concivis
513 3708 624 3765 noster,
649 3701 687 3756 ad
712 3708 849 3756 nostram
868 3700 1072 3772 personaliter
1089 3697 1240 3756 veniendo
1257 3700 1449 3771 presenciam

183 3806 338 3862 consessus
370 3813 415 3860 est
447 3807 476 3861 in
511 3808 591 3860 hune
628 3807 771 3862 modum:
809 3814 841 3862 ut
874 3807 939 3878 ipse
964 3806 1121 3877 quandam
1145 3806 1268 3861 vineam
1292 3821 1383 3862 suam
1407 3813 1449 3862 to

183 3914 276 3968 talem
303 3914 333 3968 in
358 3913 512 3968 territorio
535 3919 639 3967 nostro
664 3929 716 3967 seu
740 3913 872 3969 civitatis
898 3911 1015 3984 prefate
1040 3912 1118 3968 inter
1142 3911 1264 3967 vineam
1289 3911 1351 3969 viri
1367 3912 1448 3968 simi·

183 4019 254 4075 liter
280 4018 402 4091 providi
429 4018 564 4088 l’nilippi
587 4020 699 4073 sutoris
723 4020 858 4076 concivis
883 4020 987 4086 nostri,
1012 4017 1070 4074 tilii
1093 4016 1224 4075 condam
1243 4015 1394 4091 Stephani
1410 4017 1446 4074 de

182 4125 317 4197 quadam
343 4125 419 4180 villa
442 4125 637 4194 Ztanclryehy
662 4134 778 4192 vocata,
805 4126 963 4198 provincie
988 4124 1026 4180 de
1051 4122 1189 4195 Bosyalro
1212 4124 1253 4180 ab
1277 4139 1348 4195 una,
1365 4122 1448 4182 vide·

182 4233 253 4288 lieet
288 4247 305 4287 a
343 4230 537 4288 meridionali
576 4240 662 4301 parte
699 4239 727 4286 et
752 4233 850 4303 probe
874 4246 908 4286 ac
934 4232 1059 4286 honeste
1085 4229 1189 4302 puelle
1212 4229 1308 4286 Elena
1332 4234 1447 4297 vocate,

183 4338 246 4394 filie
271 4337 401 4394 condam
428 4336 575 4392 Anthonii
598 4336 749 4393 carnificis
773 4336 845 4392 dieti
867 4337 1084 4406 Kerzowaych.
1109 4336 1149 4391 ab
1173 4335 1280 4405 altera,
1304 4334 1448 4392 videlicet

182 4461 198 4500 a
223 4445 467 4516 septemtrionali
492 4453 579 4515 parte
603 4444 740 4499 habitam
766 4452 793 4498 et
819 4444 1007 4512 existentem,
1025 4442 1159 4514 desuper
1180 4455 1199 4497 a
1223 4441 1274 4498 via
1290 4441 1447 4498 communi

182 4554 221 4608 ab
246 4552 363 4608 oriente
388 4551 492 4607 habita
518 4556 545 4606 et
572 4550 650 4606 inira
674 4566 771 4622 usque
797 4549 913 4605 vallem
939 4565 990 4604 seu
1015 4549 1180 4605 decursum
1202 4561 1282 4621 aque
1299 4547 1447 4621 pluvialis

181 4660 220 4714 ab
256 4657 413 4715 occidente
449 4657 587 4712 habitam
623 4672 675 4712 seu
712 4656 852 4711 habitum
886 4671 917 4710 se
950 4653 1175 4722 extendentem,
1200 4654 1305 4727 ipsum
1329 4652 1445 4711 scilicet

180 4765 312 4822 Paulum
348 4773 499 4822 sartorem
536 4764 660 4835 partim,
697 4761 842 4818 videlicet
874 4765 1025 4832 quantum
1056 4759 1095 4815 ad
1121 4758 1198 4815 duas
1221 4767 1327 4832 partes
1349 4759 1445 4833 ipsius

181 4873 268 4929 vinee
285 4880 314 4927 et
330 4872 447 4928 konche
464 4869 580 4926 ibidem
599 4871 678 4926 circa
695 4868 824 4925 eandem
849 4868 970 4923 vineam
991 4867 1104 4935 habite,
1123 4880 1141 4922 a
1157 4863 1292 4938 provida
1315 4865 1444 4923 muliere
