3278 5348
430 423 502 480 θοι.
529 417 601 482 186.
627 417 696 497 187.
722 455 760 465 -
786 422 843 480 An
868 432 954 500 1457.

650 634 731 700 186.

161 775 242 824 Anno
264 787 338 840 1457,
358 776 382 827 8.
399 777 518 840 januarii.
540 775 635 825 Cileae.

60 902 235 972 Collatino,
265 904 406 961 comr'tr'ssa
443 903 543 969 Cilioe,
575 904 770 961 communitati
799 905 886 961 mittit
914 904 1047 975 legatum,
1076 903 1129 975 qui
1154 900 1239 958 habet
1259 901 1323 957 eius

616 1010 761 1067 inundato.

160 1156 329 1214 Katherina
353 1155 402 1214 dei
424 1157 536 1229 gracia,
557 1156 665 1213 relicta
688 1154 846 1228 quondam
870 1155 1001 1212 illustris
1025 1153 1174 1226 principis
1198 1150 1318 1207 domini

55 1262 165 1334 vlrici,
190 1261 277 1333 Cilic,
302 1262 519 1335 Ortemburge,
537 1263 727 1335 Zagorieque
750 1270 807 1320 etc.
835 1261 964 1318 comitis.
988 1258 1114 1316 Providi
1139 1266 1168 1315 et
1191 1259 1321 1314 circum·

52 1369 154 1443 specti
177 1369 247 1440 viri,
270 1368 410 1426 benivoli
433 1375 462 1426 et
479 1367 588 1426 fideles
612 1371 719 1442 nostri,
743 1369 894 1440 nobisque
918 1367 1034 1424 sincere
1059 1365 1170 1423 dilecti.
1206 1368 1321 1436 Quem·

57 1473 232 1532 admodum
267 1490 283 1531 e
316 1473 420 1532 medio
451 1476 555 1545 vestri,
590 1476 647 1532 hos
678 1482 786 1548 utputa
821 1474 1018 1542 exhibitores,
1051 1471 1159 1529 fideles
1193 1477 1322 1537 nostros,

51 1581 196 1638 concives
220 1587 349 1651 vestros,
384 1582 414 1638 in
438 1582 528 1638 certis
552 1582 686 1653 negociis
710 1582 821 1638 vestris
846 1580 885 1637 ad
904 1595 961 1637 nos
996 1579 1148 1636 destinare
1183 1577 1321 1645 curastis,

52 1700 132 1759 quos
155 1688 293 1758 graciose
317 1687 495 1745 audivimus
518 1696 548 1745 et
571 1703 665 1762 super
688 1687 897 1760 legacionibus
920 1688 982 1744 suis
1006 1685 1178 1759 plenariam
1201 1683 1319 1740 eisdem

52 1792 233 1850 concivibus
257 1793 367 1850 vestris
388 1793 531 1851 dedimus
563 1794 752 1851 relacionem
776 1798 806 1849 et
829 1793 965 1849 vicissim
989 1791 1027 1848 ad
1054 1805 1109 1848 vos
1129 1805 1200 1847 cum
1226 1790 1319 1863 pleno

53 1913 203 1971 responso
224 1899 421 1970 remittimus,
456 1915 590 1973 quorum
627 1900 732 1956 verbis
766 1898 979 1956 omnimodam
1015 1896 1110 1954 fidem
1143 1897 1201 1953 hac
1233 1897 1263 1952 in
1288 1911 1320 1951 re

53 2002 237 2076 adhibeatis,
259 2005 289 2062 in
314 2020 350 2062 eo
374 2006 464 2063 nobis
480 2011 603 2077 gratam
629 2006 896 2078 complacenciam
920 2004 1078 2061 ostensuri.
1102 2002 1217 2059 Datum
1242 2002 1320 2058 Cilie

53 2108 102 2167 die
125 2111 279 2168 sabbatho
316 2111 459 2184 proximo
495 2119 565 2184 post
600 2111 849 2185 Epiphaniarum
881 2110 1006 2166 domini.
1044 2112 1133 2166 Anno
1157 2107 1320 2164 MCCCCL

58 2217 202 2290 septimo.

160 2342 317 2408 (litargo).
342 2340 484 2398 Providis
509 2349 538 2397 et
562 2342 793 2415 circumspectis
818 2342 901 2409 viris,
927 2340 1073 2396 fidelibus
1090 2339 1210 2408 nostris,
1233 2344 1320 2409 grate

55 2453 84 2504 et
104 2449 223 2506 sincere
256 2447 385 2516 dilectis,
420 2446 515 2504 iudici
547 2455 575 2503 et
612 2448 719 2503 iuratis
741 2462 776 2503 ac
813 2447 1004 2503 universitati
1038 2446 1154 2502 civium
1186 2443 1319 2500 civitatis

55 2560 157 2612 nostre
181 2553 295 2611 montis
319 2551 488 2610 Grecensis.

159 2706 292 2770 Originalc
311 2707 339 2755 in
356 2706 450 2756 charta.
472 2707 499 2754 A
519 2714 590 2769 tergo
610 2706 724 2769 sigillum
744 2707 776 2754 de
795 2723 852 2754 cera
871 2706 953 2756 rubra.
975 2708 1005 2753 Iu
1025 2705 1119 2778 archiv.
1139 2704 1185 2753 lib.
1205 2720 1249 2766 reg
1271 2702 1318 2751 civ.

55 2796 237 2861 zagrabiensis.

649 2993 733 3059 187.

159 3135 240 3182 Anno
262 3146 336 3199 1457,
357 3146 397 3196 24-
417 3136 484 3184 maii.
505 3135 601 3185 Budae.

54 3260 222 3331 ladislaus,
237 3262 416 3335 llnnganae
431 3271 477 3322 cic.
494 3282 555 3324 rex.
572 3264 689 3319 virentia!
702 3282 730 3320 se
744 3282 838 3321 severe
854 3263 1012 3331 nrrrudusse,
1036 3271 1069 3320 ul
1090 3265 1179 3319 larris
1203 3262 1317 3335 lapidea

55 3366 176 3441 „Popuv
200 3370 306 3425 turen‘l
331 3370 488 3442 appellato,
512 3370 633 3443 alliaque
655 3389 674 3424 u
704 3371 808 3437 Uirrio,
838 3371 928 3426 (iiiuc
949 3370 1053 3437 rannac,
1078 3377 1222 3441 occupatu,
1245 3388 1316 3426 cerru-

524 3479 661 3534 mtem'tutr'
681 3477 851 3535 relideretur.

759 3617 913 3664 Commissio
934 3618 1037 3680 propria
1054 3616 1150 3664 domini
1171 3617 1245 3678 regis.

159 3725 222 3783 Nos
246 3727 408 3784 Ladislaus
432 3728 480 3785 dei
505 3729 609 3800 gracia
633 3728 799 3798 ilungarie,
826 3728 979 3792 Bohemie,
1004 3728 1173 3793 Dalmacie,
1191 3728 1317 3784 (roacie

53 3840 106 3890 etc.
132 3848 196 3901 rex,
222 3834 408 3906 Austrieque
432 3843 461 3890 et
485 3833 577 3891 Stirie
602 3834 675 3903 dux,
699 3849 816 3890 necnon
840 3834 979 3889 marchio
1004 3835 1140 3891 llorauie
1165 3842 1218 3889 etc.
1256 3835 1317 3888 lle-

54 3939 151 3997 morie
175 3939 431 3996 commendamus
456 3947 560 3997 tenore
584 3940 779 4012 presencium
803 3938 1019 4010 significantes,
1042 3940 1154 4010 quihus
1190 3939 1315 4010 expelii

53 4045 213 4102 universis.
239 4043 330 4116 Quod
343 4054 445 4102 nostre
462 4046 630 4102 maiestatis
647 4046 801 4101 venientes
818 4045 847 4100 in
872 4053 1070 4116 conspectum
1097 4044 1204 4100 litleles
1220 4047 1316 4102 nostri

57 4149 251 4208 honorabilis
274 4150 417 4208 dominus
441 4152 530 4208 Vitus
555 4153 738 4224 prepositus,
763 4169 797 4207 ac
822 4153 961 4222 magistri
986 4151 1129 4206 Clemens
1166 4149 1204 4206 de
1232 4150 1315 4207 Gara

52 4263 81 4314 et
104 4256 241 4313 Thomas
259 4256 401 4330 Thompa
426 4256 464 4314 dc
488 4259 650 4326 Hmzowa,
670 4259 806 4314 canonici
831 4259 958 4313 ecclesie
982 4256 1195 4325 zagrabiensis,
1221 4257 1249 4313 in
1266 4273 1316 4312 su·

53 4376 142 4420 orum
167 4367 196 4419 et
220 4363 353 4420 aliorum
385 4365 601 4421 universorum
625 4364 843 4420 canonicorum
867 4379 902 4418 ac
938 4363 1033 4418 tocius
1073 4362 1201 4433 capituli
1235 4362 1315 4419 dicte

53 4467 183 4524 ecclesie
206 4468 412 4539 zagrabiensis
435 4471 614 4526 nominibus
638 4480 666 4525 et
692 4470 721 4525 in
744 4470 883 4542 personis
906 4469 996 4524 nohis¹
1021 4482 1194 4540 proponere
1228 4485 1314 4525 cura-

53 4578 164 4631 verunt
187 4588 224 4630 eo
247 4573 354 4631 modo:
380 4573 537 4646 quomodo
569 4574 700 4632 condam
741 4575 878 4630 illustres
914 4573 1088 4630 Fridcricus
1123 4577 1153 4629 ct
1191 4574 1314 4630 Vlricus

54 4678 184 4736 comites
207 4677 286 4737 Cilie
309 4684 364 4736 etc.
396 4679 553 4752 quandam
589 4682 699 4738 turrim
736 4681 875 4753 ipsorum
911 4679 1070 4751 lapideam
1106 4680 1184 4735 intra
1208 4695 1314 4736 muros

52 4783 183 4841 civitatis
214 4785 420 4857 zagrabiensis
444 4791 662 4856 constructam,
685 4786 897 4860 superioribus
921 4787 1007 4843 annis
1031 4787 1071 4841 ab
1093 4786 1210 4842 eisdem
1226 4801 1314 4842 cano·

51 4889 127 4947 nicia
149 4897 179 4947 et
203 4891 341 4966 capitulo
364 4892 516 4950 violenter
540 4908 575 4949 ac
600 4908 692 4951 manu
728 4886 871 4971 (potenti)
906 4899 1012 4950 contra
1043 4891 1094 4968 jus
1131 4892 1313 4953 eorumdem
