3256 5346
177 433 240 507 476
592 432 664 488 Doc.
682 443 754 507 355.
783 465 820 473 -
846 431 902 488 An.
928 443 1020 506 1490.

177 661 316 720 uxorem,
340 642 491 720 similiter,
507 656 541 707 ut
564 649 684 719 dicitur,
709 647 747 705 de
770 645 839 724 jure
855 653 1028 721 spectantes
1050 622 1106 704 seu
1130 649 1448 721 spectamineisdem

177 754 390 824 restituissent,
423 756 603 831 realemque
626 764 657 814 et
680 757 833 816 actualem
857 768 965 813 eorum
989 755 1215 828 possessionem
1241 755 1447 825 tradidissent,

178 874 215 917 ac
249 860 325 932 ipsis
348 860 386 918 de
410 860 561 934 dampnis,
586 863 737 936 expensis,
769 859 888 937 injuriis
910 865 941 920 ei
964 861 1112 919 interesse
1135 860 1366 921 satisfecissent
1389 861 1445 921 Sed

179 965 251 1038 quia
274 965 340 1039 ipse
363 965 525 1025 Baithasar
556 974 584 1025 et
608 968 707 1026 Catha
729 969 794 1027 eius
818 984 896 1027 uxor
927 967 957 1025 id
982 966 1083 1025 facere
1105 972 1136 1025 et
1158 966 1338 1042 adimplere
1364 984 1446 1026 recu·

178 1076 280 1128 santes
303 1077 333 1129 et
356 1088 389 1129 se
410 1074 531 1131 iusticie
564 1075 735 1149 afferentes,
765 1080 973 1149 gravatosque
1005 1089 1039 1132 se
1069 1073 1235 1146 superinde
1271 1075 1446 1145 sencientes,

180 1175 305 1234 eosdem
338 1179 429 1236 citavi
460 1181 672 1254 peremptorie
695 1187 797 1240 vestre
819 1180 1075 1240 reverendissime
1099 1181 1296 1253 paternitatis
1326 1181 1358 1238 in
1383 1195 1446 1254 pre·

178 1282 320 1352 senciam,
337 1283 375 1340 ad
393 1285 561 1342 terminum
577 1286 642 1344 Xll.
655 1285 776 1344 dierum
794 1293 864 1361 post
879 1288 1004 1360 lapsum
1021 1284 1176 1344 dictorum
1193 1300 1308 1345 novem
1327 1286 1445 1345 dierum

180 1387 358 1447 immediate
381 1393 588 1463 sequendum,
611 1394 655 1451 sic
678 1400 708 1451 et
732 1394 843 1465 taliter,
867 1401 900 1450 ut
924 1393 983 1466 ipsi
1008 1391 1091 1449 Bude
1115 1391 1166 1450 vel
1192 1392 1272 1450 alibi
1295 1393 1351 1449 ubi
1376 1398 1446 1448 tunc

180 1499 315 1551 vestram
349 1497 640 1556 reverendissimam
671 1500 887 1574 paternitatem
915 1500 1112 1558 constitutam
1145 1497 1211 1556 fore
1235 1497 1446 1571 cognoverint,

179 1608 379 1672 compareant
410 1602 577 1678 injudicio
613 1607 764 1680 legittime
795 1607 907 1665 dicturi
938 1613 969 1664 et
999 1605 1164 1678 allegaturi
1192 1618 1292 1678 quare
1315 1603 1355 1661 ad
1381 1618 1445 1676 pre·

180 1704 274 1762 missa
298 1706 336 1764 de
368 1706 436 1783 jure
465 1726 525 1767 non
556 1719 723 1786 teneantur,
758 1713 897 1787 alioquin
928 1711 1036 1770 eadem
1060 1717 1163 1769 vestra
1186 1709 1446 1768 reverendissima

181 1812 351 1882 paternitas
370 1813 409 1870 ad
434 1816 530 1888 partis
554 1820 762 1892 comparentis
785 1819 965 1878 instanciam
990 1819 1022 1876 in
1044 1831 1137 1875 causa
1159 1816 1227 1890 ipsa
1251 1823 1348 1890 prout
1372 1812 1446 1890 juris

181 1913 273 1974 fuerit
297 1917 335 1974 ad
368 1919 519 1979 ulteriora
552 1923 707 1996 procedet,
740 1925 868 1983 alterius
890 1925 987 1998 partis
1019 1923 1162 1981 absencia
1184 1922 1216 1981 in
1241 1922 1365 1995 reliquo
1387 1935 1445 1978 non

182 2022 332 2082 obstante.
356 2024 406 2082 Sic
430 2028 534 2101 itaque
565 2031 644 2088 serie
674 2031 854 2090 huiusmodi
877 2030 1069 2089 execucionis
1091 2035 1196 2087 nostre
1218 2028 1322 2086 eidem
1347 2037 1446 2085 vestre

180 2129 436 2190 reverendissime
453 2137 630 2206 paternitati
648 2138 872 2196 conscienciose
886 2137 1039 2210 rescripsi.
1055 2136 1172 2193 Datum
1187 2134 1340 2208 Zagrabie
1368 2147 1444 2191 nono

181 2231 232 2290 die
263 2234 324 2335 diei
355 2241 549 2299 execuciouis
579 2243 706 2316 prefate.
731 2246 821 2303 Anno
845 2243 963 2303 domini
988 2240 1241 2301 MCCCCLXXX
1263 2254 1354 2298 nono.
1378 2239 1445 2297 Pre-

181 2340 319 2400 sentibus
350 2344 467 2404 ibidem
499 2347 655 2409 discretis:
690 2352 846 2411 Anthonio
870 2357 899 2408 et
930 2349 1082 2422 Gregorio
1105 2347 1288 2423 presbiteris
1312 2344 1445 2404 indicta

182 2452 286 2505 monte
320 2448 475 2522 Grecensi‚
507 2455 663 2529 altaristis,
697 2472 733 2515 ac
758 2457 916 2532 Stephano
947 2458 1085 2516 litterato
1109 2453 1227 2513 ibidem
1250 2454 1283 2512 in
1306 2453 1443 2512 testimo·

182 2552 271 2610 nium
293 2557 457 2628 requisitis.

768 2648 891 2696 Mattheus
910 2647 1017 2711 Georgii
1035 2646 1068 2695 de
1087 2641 1403 2708 Zenthgewrgh‚uotarius

285 2781 418 2845 Originale
437 2784 464 2832 in
483 2785 578 2838 charta.
598 2791 630 2838 In
648 2791 763 2855 margine
781 2790 896 2841 inferiori
913 2791 1116 2856 impressumest
1135 2790 1260 2854 sigillum.
1282 2790 1314 2837 Iu
1333 2783 1441 2834 archivio

182 2868 228 2920 lib.
248 2886 302 2934 reg.
324 2871 394 2922 civit.
414 2876 516 2936 zagrab.

771 3111 854 3177 355.

287 3260 368 3308 Anno
391 3270 465 3321 1490,
485 3271 509 3319 9.
530 3256 653 3320 Augusti.
672 3253 822 3319 Zagrabiae.

187 3388 410 3460 caramagnae
433 3387 558 3443 civitatis
579 3385 742 3454 Dorothea,
764 3383 864 3440 Blasii
884 3382 1026 3441 institoris
1047 3387 1137 3438 morte
1159 3379 1300 3450 viduata,
1312 3378 1441 3437 Martiae

254 3495 364 3553 Rudlin
389 3494 503 3567 eiusque
523 3493 607 3567 patri
627 3499 712 3565 atque
734 3509 830 3548 comm
853 3488 1001 3547 heredibus
1024 3506 1128 3561 agrum
1150 3498 1200 3566 14.
1214 3486 1254 3561 fl.
1280 3485 1382 3546 vendit.
1430 3496 1434 3508 ·

287 3639 349 3696 Nos
374 3638 534 3710 Georgius,
558 3637 643 3695 filius
666 3636 739 3707 Viti,
763 3633 865 3711 judex,
889 3635 1053 3718 Johannes,
1077 3631 1199 3703 Gallus,
1222 3630 1365 3702 Michael‚
1388 3629 1442 3687 Ge·

180 3747 292 3817 orgius,
327 3746 434 3817 Lucas,
467 3743 628 3816 Georgius,
663 3741 772 3799 Stansa
802 3747 832 3799 et
860 3741 1052 3809 Valentinus,
1082 3737 1185 3815 jurati,
1217 3736 1386 3795 consiliarii
1415 3739 1442 3792 et

181 3852 316 3908 universi
333 3851 416 3907 cives
436 3851 569 3907 civitatis
586 3850 701 3906 montis
717 3848 887 3906 Grecensis.
903 3845 1053 3904 Memorie
1069 3843 1328 3904 commendamus
1343 3846 1441 3901 tenore

181 3959 375 4030 presencium
411 3957 626 4029 significantes,
664 3956 778 4029 quibus
811 3953 937 4028 expedit
967 3952 1129 4022 universis,
1154 3949 1239 4024 quod
1263 3949 1397 4025 provida
1415 3954 1442 4005 et

180 4064 307 4121 honesta
342 4064 467 4120 domina
503 4064 660 4119 Dorothea
693 4066 809 4131 vocata,
844 4061 953 4118 relicta
988 4059 1126 4132 primum
1161 4054 1296 4115 condam
1332 4054 1442 4112 Mathie

180 4171 315 4240 sartoris,
352 4170 428 4226 olim
461 4169 590 4226 senioris
621 4166 731 4243 judicis
763 4172 792 4223 et
827 4165 962 4224 concivis
994 4163 1100 4234 nostri,
1133 4169 1163 4220 et
1185 4162 1316 4220 demum
1339 4160 1441 4218 relicta

184 4275 315 4332 condam
340 4275 432 4333 Blasii
466 4274 623 4344 institoris,
658 4272 802 4330 similiter
837 4272 913 4329 olim
952 4270 1080 4328 senioris
1111 4266 1224 4344 judicis
1247 4274 1278 4325 et
1310 4265 1442 4325 concivis

179 4381 285 4450 nostri,
310 4379 347 4436 ad
379 4387 517 4438 nostram
549 4380 753 4453 personaliter
784 4378 909 4435 veniens
932 4375 1134 4450 presenciam,
1164 4371 1306 4430 confessa
1340 4380 1387 4431 est
1414 4372 1443 4430 in

178 4486 259 4543 hunc
283 4486 419 4551 modum.
433 4495 467 4544 ut
490 4488 556 4560 ipsa
581 4485 736 4559 quandam
760 4484 887 4543 totalem
900 4492 1015 4542 terram
1038 4480 1209 4539 arrabilem
1231 4494 1321 4537 suam
1348 4478 1443 4551 Chyr-

179 4591 324 4664 kwysche
347 4594 518 4665 vulgariter
550 4599 659 4651 vocato
683 4593 714 4649 in
737 4605 848 4663 campo
872 4597 902 4647 et
925 4589 1081 4647 territorio
1103 4592 1210 4644 nostro
1233 4601 1289 4644 seu
1314 4585 1443 4644 civitatis

179 4699 316 4771 predicte
346 4700 425 4757 inter
454 4707 552 4757 terras
583 4699 734 4756 errabiles
765 4712 977 4755 successorum
1002 4694 1135 4753 condam
1159 4691 1271 4751 Berlek
1293 4691 1440 4766 cnaykyu

181 4810 289 4861 vocato
313 4807 353 4862 ab
377 4806 558 4863 occidentali
583 4812 670 4878 parte
694 4813 723 4862 et
747 4806 828 4861 Petri
855 4803 990 4875 agricole
1014 4800 1186 4859 Bedeiroich
1211 4797 1287 4856 dicti
1311 4805 1345 4858 et
1366 4804 1443 4857 terra

179 4912 307 4970 ecclesie
336 4918 439 4970 nostre
471 4912 659 4986 parochialis
691 4912 774 4969 beati
804 4912 900 4968 litarci
932 4908 1129 4982 ewangeliste
1160 4907 1192 4965 in
1215 4903 1299 4963 dicta
1323 4905 1444 4964 civitate
