3278 5348
195 397 256 473 164
606 396 679 454 Doc.
703 409 770 455 121.
796 429 837 441 -
861 397 919 456 An.
942 391 1035 475 1438.

191 610 307 669 chaelis
337 612 523 687 archangeli,
554 610 586 671 in
608 612 706 671 altera
729 611 927 671 revolucione
950 611 1076 671 annuali
1099 614 1255 686 venturas,
1278 613 1405 687 publice
1425 618 1455 671 et

191 715 353 775 manifeste
375 719 495 792 regiam
516 717 609 777 faciat
631 719 822 793 proclamari
845 720 876 777 in
900 717 1100 794 presenciam,
1124 717 1310 778 insinuando
1333 718 1458 791 ibidem,

190 829 223 880 ut
259 824 286 881 si
318 826 459 883 venerint
492 831 523 883 et
554 841 587 884 se
610 825 641 883 in
671 825 831 900 premissis
854 825 938 883 bono
961 824 1055 883 modo
1078 823 1313 884 emendaverint
1336 824 1376 883 de
1398 824 1459 884 dic·

190 930 289 1003 tisque
309 927 431 1005 judiciis
454 932 544 990 nobis
567 937 597 991 et
620 933 702 1005 parti
725 931 854 990 adverse
877 930 1097 1004 satisfacturos,
1121 932 1200 989 bene
1222 930 1362 1006 quidem,
1385 931 1459 989 alio·

189 1037 263 1108 quin
286 1052 348 1095 non
371 1038 512 1096 obstante
535 1040 676 1113 ipsorum
700 1039 844 1097 absencia
867 1043 897 1097 et
928 1038 1100 1097 rebellione
1130 1037 1225 1097 finem
1257 1037 1402 1096 debitum
1431 1043 1462 1095 et

188 1141 352 1200 indilatum
378 1143 527 1202 faciemus
550 1160 642 1203 causa
664 1146 697 1203 in
728 1145 880 1220 premissa
911 1151 1005 1218 prout
1035 1142 1164 1202 dictabit
1197 1143 1277 1202 ordo
1305 1141 1402 1219 juris;
1432 1149 1461 1201 et

187 1253 258 1319 post
281 1248 338 1305 hec
358 1249 456 1323 ipsius
491 1250 703 1308 trineforensis
737 1250 998 1324 proclamacionis
1032 1249 1145 1307 seriem
1175 1264 1248 1307 cum
1280 1251 1461 1310 nominibus

188 1354 455 1426 proclamatorum
479 1355 518 1413 ad
543 1356 667 1414 easdem
691 1361 817 1415 octavas
841 1355 924 1415 dicto
946 1355 1074 1414 domino
1097 1360 1204 1414 nostro
1234 1358 1301 1429 regi
1324 1356 1462 1416 fideliter

191 1460 376 1518 rescribatis.
406 1462 521 1519 Datum
547 1462 631 1520 Bude
654 1462 788 1520 seeundo
812 1462 861 1520 die
886 1462 1010 1520 termini
1034 1462 1196 1536 prenotati.
1224 1463 1317 1521 Anno
1341 1462 1461 1522 domini

190 1565 360 1623 millesimo
384 1567 689 1641 quadringentesimo
711 1568 800 1626 XXX
823 1573 946 1628 octavo.

292 1673 331 1739 (A
356 1674 446 1742 tergo).
478 1675 595 1733 Amicis
619 1675 682 1732 suis
715 1673 893 1733 reverendis
927 1674 1065 1747 capitulo
1099 1674 1227 1733 ecclesie
1257 1674 1459 1747 chasmensis‚

186 1791 244 1850 pro
267 1778 445 1837 honorabili
468 1780 606 1853 capitulo
629 1781 758 1839 ecclesie
781 1780 989 1853 zagrabiensis
1007 1786 1114 1837 contra
1135 1778 1339 1854 Stephanum,
1355 1779 1458 1839 filium

188 1883 357 1957 Michaelis,
380 1892 453 1944 tunc
476 1885 610 1961 judicem
634 1888 768 1946 civitatis
792 1887 907 1945 montis
930 1885 1093 1943 Grecensis
1112 1885 1150 1943 de
1165 1883 1253 1962 juxta
1270 1885 1457 1959 Zagrabiam
1487 1938 1494 1949 .

187 1996 217 2046 et
240 1989 320 2048 alios
343 1992 557 2067 intrascriptos
580 2009 615 2052 ac
632 2000 757 2051 octavas
782 1992 852 2051 testi
874 1992 959 2049 beati
982 1992 1141 2049 Michaelis
1172 1992 1363 2065 archangeli,
1386 2007 1459 2066 pro-

185 2095 376 2155 clamatoria.

292 2208 393 2276 (Tenor
410 2209 589 2274 executionis).
621 2208 724 2264 llomo
758 2207 861 2279 regius
895 2205 1086 2276 Valentinus,
1121 2203 1206 2262 filius
1237 2203 1392 2280 Stephani
1414 2204 1453 2263 de

185 2318 349 2386 Drenowa,
372 2313 561 2388 capitularis,
585 2312 737 2386 Georgius
753 2312 986 2386 prebendarius.
1009 2311 1221 2369 Proclamacio
1248 2310 1355 2385 primo
1372 2309 1454 2369 facta

184 2430 231 2482 est
254 2424 303 2481 die
327 2422 483 2479 dominico
506 2420 651 2494 proximo
675 2425 745 2492 post
768 2419 881 2477 testum
904 2417 1074 2476 nativitatis
1097 2417 1186 2474 beate
1209 2416 1307 2474 Marie
1327 2417 1457 2490 virginis

185 2531 214 2587 in
251 2529 419 2602 Wgrouch,
455 2543 490 2584 ac
520 2526 654 2583 secundo
685 2524 761 2582 teria
797 2525 893 2583 tercia
923 2524 1022 2582 eciam
1051 2522 1232 2580 immediate
1256 2524 1402 2597 sequenti
1426 2524 1457 2582 in

184 2634 341 2704 Stubicha,
355 2634 511 2705 tercioque
535 2637 565 2689 et
588 2632 701 2689 ultimo
725 2632 801 2689 feria
824 2637 935 2706 quarta
958 2636 1031 2688 tunc
1054 2627 1235 2687 succedente
1259 2630 1290 2686 in
1307 2627 1453 2702 lwanych

184 2741 438 2816 possessionibus,
463 2739 589 2810 vocatis,
620 2745 690 2796 sunt
712 2739 898 2811 proclamati
920 2736 959 2795 ad
995 2742 1129 2807 octavas,
1152 2740 1187 2793 ut
1208 2735 1291 2794 intra
1327 2736 1456 2808 dictum,

184 2849 279 2907 tercio
303 2847 361 2906 die.

290 2981 423 3045 Originale
443 2983 469 3029 in
489 2980 583 3031 charta.
603 2981 635 3027 In
654 2979 722 3029 arch.
743 2994 799 3026 ven.
819 2994 874 3043 cup.
894 2978 994 3041 zagrab.
1015 2979 1077 3031 Act.
1097 2994 1152 3043 cap.
1172 2979 1300 3030 antisse.
1322 2979 1347 3032 6.
1361 2995 1400 3032 nr.
1416 2992 1455 3044 27.

786 3179 856 3253 1211

289 3317 369 3363 Anno
392 3316 465 3377 1438,
487 3317 510 3364 8.
530 3313 684 3362 novembris.
704 3312 844 3364 Remethe.

182 3426 320 3495 athelred,
344 3425 469 3480 statarius
492 3429 642 3479 conuentus
666 3422 845 3489 Reitzeteusis,
868 3423 1093 3479 corninunitatcm
1108 3421 1233 3479 civitatis
1249 3415 1302 3477 60.
1310 3420 1455 3495 florenos,

182 3532 306 3604 legatum
330 3531 459 3586 (tornines
489 3526 659 3597 Gerlrudis,
682 3529 725 3584 acl
741 3547 822 3584 usum
846 3529 907 3584 cccl.
932 3528 955 3588 b.
979 3545 1005 3584 v.
1023 3527 1145 3585 Mariae
1159 3526 1330 3583 monasterii
1347 3526 1457 3586 Rernel.

595 3635 737 3701 relectum,
760 3634 877 3690 soleu'sse
899 3634 1058 3708 corfinnat.

288 3780 351 3837 Nos
376 3779 470 3838 irater
495 3780 625 3836 llichael
649 3778 767 3836 ordinis
791 3776 923 3834 fratrum
947 3776 1044 3833 sancti
1066 3775 1156 3833 Pauli
1175 3775 1272 3849 primi
1287 3774 1451 3848 heremite,

185 3889 327 3957 vicarius,
350 3893 494 3958 totusque
530 3890 698 3943 conventus
735 3884 861 3940 claustri
896 3882 1074 3941 beatissime
1108 3880 1240 3954 virginis
1276 3881 1376 3939 Marie
1412 3880 1455 3939 de

184 3994 397 4067 promontorio
420 3992 620 4063 zagrabiensi.
644 3990 793 4047 llemorie
817 3988 1079 4060 commendantes,
1103 3985 1317 4059 significamus
1340 3991 1449 4045 tenore

183 4103 377 4175 presencium
402 4100 516 4172 quibus
529 4098 655 4172 expedit
678 4098 847 4165 universis;
870 4095 954 4168 quod
979 4095 1052 4167 quia
1075 4092 1244 4168 prudentes
1267 4099 1298 4150 et
1322 4091 1449 4168 providi

182 4209 243 4264 viri
267 4207 411 4264 videlicet
444 4207 588 4276 llarinus,
622 4205 705 4261 filius
730 4205 848 4273 Klario,
871 4201 974 4278 judex,
998 4200 1099 4276 jurati,
1134 4200 1305 4258 consiliarii
1328 4206 1359 4258 et
1383 4200 1448 4259 uni·

182 4314 263 4371 versi
279 4314 362 4370 cives
379 4328 414 4369 ac
439 4318 501 4369 tota
520 4312 725 4369 communitas
742 4311 875 4367 civitatis
891 4309 1005 4366 montis
1018 4307 1181 4366 Grecensis
1193 4304 1233 4364 de
1257 4304 1446 4379 quibusdam

182 4419 340 4490 sexaginta
373 4418 494 4474 llorenis
525 4419 601 4489 auri,
626 4434 681 4490 per
713 4424 846 4489 quatuor
880 4421 911 4472 et
942 4414 1079 4472 mediam
1103 4426 1213 4487 pensas
1248 4411 1447 4470 denariorum

180 4525 402 4582 viennensium
427 4524 645 4597 computando,
670 4540 724 4596 per
749 4524 832 4596 ipsos
855 4522 954 4579 nobili
979 4528 1009 4579 et
1044 4534 1191 4594 generose
1225 4518 1354 4578 domine
1388 4517 1448 4577 Ge·

181 4631 288 4689 drudis
312 4637 428 4703 vocate,
452 4632 558 4688 relicte
593 4630 724 4688 condam
762 4629 879 4686 domini
904 4630 1043 4686 liuchim
1078 4628 1116 4686 de
1151 4624 1326 4700 Lippouch,
1360 4626 1446 4685 iuxta

180 4739 402 4796 continenciam
436 4737 611 4795 litterarum
648 4736 907 4808 obligatoriamm
943 4732 1174 4793 communitatis
1208 4735 1382 4807 prenotate,
1417 4731 1449 4790 in

181 4844 258 4901 testo
282 4846 377 4902 sancti
403 4846 525 4902 hlartini
550 4844 688 4917 episcopi
710 4850 740 4900 et
763 4842 946 4901 contessoris
971 4843 1108 4918 plenarie
1125 4838 1310 4914 persolvere
1335 4837 1449 4898 deben-
