3256 5346
385 798 466 846 Anno
488 808 564 858 1494,
587 792 948 858 14.sebmarii.zagrabiae.

278 943 306 1000 A
334 943 458 999 civetatis
494 941 691 998 communitate
719 939 823 996 Marco
859 937 990 1009 Kronjcc
1010 939 1075 1013 civi,
1093 940 1265 1012 portorium.
1303 937 1385 1013 quod
1407 937 1548 1013 ,kneizol

472 1047 646 1114 nominatur,
669 1039 720 1119 78,
737 1044 807 1117 flor.
823 1044 927 1118 firmes
971 1040 1181 1101 conditionibus
1203 1045 1338 1103 elocutor.

384 1191 448 1248 Nos
481 1190 687 1247 communitas
717 1189 833 1247 civium
868 1189 1001 1246 civitatis
1036 1189 1149 1247 montis
1194 1189 1367 1247 Grecensis.
1399 1188 1548 1246 Memorie

281 1295 537 1355 commendamus
553 1303 660 1354 tenore
676 1295 869 1370 presencium
885 1294 1091 1366 significantes
1114 1294 1229 1368 quibus
1244 1293 1374 1369 expedit
1389 1294 1547 1353 universis.

281 1402 373 1478 Quod
403 1417 459 1460 nos
490 1403 672 1459 comitatum
695 1408 845 1471 nostrum,
869 1400 967 1474 vulgo
982 1400 1097 1473 knesya
1120 1399 1246 1473 dictum,
1271 1401 1444 1460 simulcum
1467 1400 1548 1458 filar-

280 1510 393 1581 sthyna
417 1523 452 1566 ac
476 1508 680 1582 proventibus
703 1523 852 1566 curruum
875 1506 952 1565 alias
975 1522 1034 1582 pro
1058 1508 1205 1582 pontibus
1227 1508 1343 1565 nostris
1366 1505 1545 1566 ordinandis

281 1615 363 1688 exigi
394 1614 557 1686 consvetis,
588 1628 666 1687 quos
696 1619 808 1688 pontes
836 1620 940 1671 nostre
971 1612 1185 1671 communitati
1214 1627 1416 1671 reservamus
1439 1625 1546 1687 prepa-

280 1721 403 1787 randos,
433 1720 641 1793 omnibusque
671 1721 741 1778 aliis
770 1726 800 1777 et
830 1719 961 1793 singulis
994 1718 1237 1777 obvencionibus
1260 1733 1297 1776 ac
1319 1718 1545 1791 integritatibus

284 1826 461 1902 specialiter
478 1841 549 1883 cum
571 1826 775 1899 proventibus
799 1826 969 1884 stacionum
994 1824 1032 1881 <ie
1055 1839 1137 1882 novo
1160 1824 1246 1882 iuxta
1269 1840 1399 1882 murum
1423 1824 1546 1883 ecclesie

280 1941 384 1991 nostre
414 1931 603 2007 parochialis
634 1933 731 1992 sancti
765 1933 862 1990 Marci
896 1931 1094 2004 ewangeliste
1125 1931 1317 2000 constructis,
1353 1931 1395 1988 ad
1431 1931 1545 1990 dictum

280 2039 462 2098 comitatum
492 2043 633 2096 nostrum
663 2039 746 2112 exigi
769 2039 931 2107 consuetis,
962 2054 980 2096 a
1011 2037 1089 2096 festo
1120 2038 1204 2095 beati
1234 2037 1391 2096 Valentini
1414 2037 1545 2096 martiris

280 2162 360 2203 nunc
392 2145 534 2219 presenti,
567 2143 744 2218 incipiendo
775 2150 805 2202 et
835 2143 916 2202 inira
943 2143 1082 2202 eiusdem
1113 2141 1182 2200 festi
1207 2143 1375 2201 annualem
1397 2145 1545 2216 integram

280 2252 523 2322 revolucionem,
555 2251 781 2324 circumspecto
812 2260 842 2310 et
865 2252 994 2309 honesto
1017 2251 1085 2308 viro
1109 2251 1213 2306 Marco
1235 2249 1371 2307 institori
1394 2248 1544 2308 Chraneoo

281 2357 371 2428 dicto,
395 2356 516 2415 concivi
543 2363 659 2426 nostro,
690 2356 841 2415 moderno
872 2357 1016 2415 videlicet
1040 2356 1155 2427 comiti,
1179 2371 1237 2430 pro
1260 2355 1459 2429 septuaginta
1480 2366 1543 2413 octo

280 2463 404 2521 florenis
427 2463 495 2520 auri
517 2479 574 2537 per
605 2462 739 2520 eundem
771 2464 919 2534 Marcum,
951 2468 1092 2520 nostrum
1117 2461 1265 2520 videlicet
1288 2461 1477 2521 modernum
1499 2475 1544 2519 co·

281 2571 397 2639 mitem,
428 2569 519 2627 nobis
543 2569 682 2642 plenarie
711 2568 791 2626 datis
815 2576 844 2627 et
867 2568 1043 2644 persolutis.
1067 2565 1251 2626 arendative
1275 2568 1426 2627 duximus
1448 2567 1544 2626 conie-

280 2675 421 2748 rendum,
445 2676 543 2733 immo
560 2673 746 2732 arendamus
769 2682 799 2732 et
821 2676 1077 2734 contulimushoc
1100 2690 1224 2748 quoque
1236 2675 1342 2748 primo
1358 2689 1504 2748 expresso
1517 2680 1544 2731 et

280 2780 472 2856 specificato:
497 2779 580 2853 quod
605 2780 698 2838 iudex
721 2790 826 2838 noster
849 2782 1017 2840 modernus
1041 2781 1078 2839 de
1095 2780 1256 2854 premissis
1271 2782 1387 2838 nostris
1411 2779 1544 2857 pecuniis

281 2887 482 2945 comitalibus
505 2902 558 2944 seu
595 2887 814 2945 communibus
848 2903 905 2960 per
927 2902 984 2946 nos
999 2887 1100 2945 eidem
1125 2885 1204 2945 datis
1228 2892 1258 2944 et
1284 2887 1405 2960 integre
1428 2902 1544 2961 presen-

280 2996 351 3052 tatis
384 2993 521 3051 medium
553 2993 764 3052 centenarium
794 3010 848 3051 seu
879 2994 1102 3067 quinquaginta
1126 2992 1228 3051 suntas
1251 2992 1314 3050 olei
1338 3008 1398 3066 pro
1421 3007 1544 3051 accensu

284 3116 337 3159 seu
363 3101 530 3158 luminario
559 3099 715 3173 lampadis
748 3106 819 3157 ante
842 3100 1020 3158 venerabile
1044 3105 1272 3158 sacramentum
1296 3100 1377 3159 circa
1402 3114 1543 3174 magnam

282 3223 369 3264 aram
392 3207 425 3264 in
449 3206 529 3263 dicta
553 3214 657 3263 nostra
688 3205 816 3264 ecclesia
847 3206 1019 3280 parochiali
1043 3206 1138 3264 sancti
1155 3206 1251 3264 Marci
1275 3206 1306 3263 in
1330 3206 1401 3281 ipsa
1426 3209 1544 3267 civitate

280 3311 408 3370 fundata
431 3327 533 3369 emere
556 3311 667 3370 debeat
690 3321 720 3369 et
735 3312 971 3370 amministrare.
997 3312 1074 3370 Item
1091 3312 1236 3370 similiter
1250 3312 1317 3386 ipse
1333 3309 1431 3388 judex
1446 3317 1544 3373 noster

286 3419 453 3476 modernus
477 3432 535 3491 pro
567 3418 778 3476 celebracione
810 3419 903 3476 misse
926 3418 1101 3477 venerande
1123 3418 1161 3477 de
1184 3419 1395 3479 sacratissimo
1420 3434 1545 3495 corpore

281 3512 405 3595 Christi,
421 3524 551 3597 singulis
568 3523 653 3582 feriis
673 3524 788 3597 quintis
804 3525 835 3582 in
859 3525 999 3598 qualibet
1023 3525 1196 3598 septimana
1219 3525 1251 3583 in
1272 3540 1326 3584 ara
1349 3528 1449 3586 sancti
1471 3527 1544 3586 Inu-

280 3631 375 3688 rencii
397 3630 428 3687 in
452 3630 534 3687 dicta
557 3635 660 3686 nostra
685 3629 814 3687 ecclesia
830 3627 966 3701 fundata,
983 3645 1038 3702 per
1062 3631 1295 3689 revolucionem
1320 3633 1413 3691 unius
1436 3630 1544 3705 integri

283 3738 363 3807 anni,
400 3736 577 3794 honorabili
608 3735 734 3793 domino
758 3734 915 3809 Stephano
947 3737 1097 3794 moderno
1119 3742 1226 3795 nostro
1248 3738 1387 3811 plebano
1411 3745 1474 3797 tres
1496 3736 1545 3795 ilo

279 3857 369 3899 renos
392 3842 459 3898 auri
481 3848 534 3900 aut
557 3849 712 3900 monetam
736 3842 862 3900 eosdem
886 3851 947 3901 tres
969 3843 1102 3901 florenos
1119 3845 1276 3903 valentem
1290 3843 1328 3902 de
1352 3845 1472 3905 eisdem
1496 3859 1545 3919 pe

281 3949 379 4005 cuniis
410 3950 523 4006 nostris
554 3949 752 4006 comitalibus
784 3965 837 4006 seu
866 3950 1086 4007 communibus
1110 3949 1184 4008 dare
1207 3950 1319 4009 debeat
1343 3957 1374 4010 et
1398 3958 1543 4021 teneatur,

281 4053 438 4111 residuum
463 4060 567 4111 autem
594 4055 732 4127 ipsarum
749 4055 951 4128 pecuniarum
971 4062 1148 4113 nostrarum
1165 4056 1360 4114 comitalium
1376 4057 1446 4130 ipse
1456 4055 1546 4132 juder

280 4167 384 4216 noster
408 4158 575 4216 modernus
606 4158 645 4216 ad
669 4159 748 4216 faeta
780 4166 810 4217 et
839 4160 966 4232 negocia
987 4167 1091 4218 nostra
1114 4177 1167 4219 seu
1189 4163 1424 4221 communitatis
1446 4170 1545 4221 nostre

279 4265 365 4323 iuxta
394 4273 531 4322 nostram
562 4264 818 4323 informacionem
849 4265 960 4323 debeat
992 4267 1170 4340 dispensare
1194 4267 1300 4326 debita
1322 4283 1396 4326 cum
1420 4269 1545 4327 racione

279 4372 346 4428 Hoc
368 4372 465 4428 eciam
490 4370 654 4442 declarato,
688 4371 771 4444 quod
796 4371 934 4446 prefatus
957 4373 1088 4442 Marcus,
1113 4388 1217 4431 comes
1239 4380 1347 4432 noster
1379 4375 1545 4434 modernus

278 4477 329 4535 vel
351 4477 449 4550 ipsius
471 4478 612 4535 homines
635 4494 691 4551 per
714 4494 785 4535 eum
809 4477 848 4535 ad
872 4479 931 4537 hoc
954 4479 1130 4552 specialiter
1153 4480 1304 4553 deputati,
1332 4481 1440 4540 nullas
1463 4480 1544 4539 novi·

279 4591 355 4641 tates
378 4591 408 4641 et
433 4584 668 4643 consuetudines
699 4585 845 4643 abusivas
878 4586 909 4643 in
932 4587 1095 4644 exaccione
1118 4592 1331 4660 proventuum
1355 4587 1433 4646 dicti
1454 4585 1545 4646 comi·

280 4697 359 4747 tatus
381 4690 479 4747 nostri
503 4689 603 4747 facere
634 4697 858 4763 presummant,
890 4691 944 4749 sed
974 4692 1101 4751 eosdem
1124 4693 1210 4751 iuxta
1233 4694 1397 4767 antiquam
1421 4709 1545 4752 consve-

278 4796 415 4854 tudinem
445 4797 557 4854 iustam
582 4805 611 4854 et
633 4804 759 4869 rectam,
788 4814 848 4872 que
870 4815 952 4857 nunc
975 4800 1086 4870 existit,
1112 4800 1285 4874 percipiant
1306 4800 1470 4874 exigendo,
1493 4798 1545 4857 tali

278 4902 404 4960 modo:⁴
421 4909 456 4959 ut
486 4905 699 4976 unusquisque
729 4920 778 4961 res
802 4921 872 4962 suas
903 4921 939 4963 ac
963 4906 1165 4964 mercimonia
1195 4905 1423 4982 cuiuscumque
1444 4902 1545 4965 condi·
