3278 5348
193 436 232 512 98
455 376 460 383 Ι
617 434 691 493 Doc.
714 444 762 510 75.
787 466 829 477 —
853 435 911 492 An.
936 448 1029 512 1434.

192 649 513 706 iriensem-ecclesiam
536 657 566 706 et
588 650 760 724 capitulum
784 649 822 707 ad
848 649 999 707 fabricam
1024 651 1141 708 scilicet
1165 652 1306 709 eiusdem
1353 668 1460 727 perpe

192 757 253 814 tuis
276 758 470 831 temporibus
493 756 681 815 devolvatur
703 765 734 814 et
763 755 997 828 condescendat,
1020 758 1080 831 ipsi
1115 757 1252 817 Rodollo
1284 765 1315 816 et
1344 758 1463 832 prefato

192 862 259 921 filio
282 878 338 921 suo
362 869 414 920 aut
437 878 544 920 eorum
569 864 798 921 successoribus
829 863 1040 921 contradicere
1063 880 1125 922 non
1149 865 1331 922 valentibus
1353 867 1385 923 in
1408 866 1464 924 hac

195 976 291 1042 parte.
315 968 364 1026 Ad
396 984 456 1040 que
487 969 591 1025 omnia
622 975 652 1025 et
683 969 807 1041 singula
838 968 1017 1042 supradicta
1048 971 1284 1042 prenominatus
1313 971 1466 1029 Rodolfus

189 1089 294 1133 coram
318 1075 408 1132 nobis
420 1076 741 1133 existensassistencia
764 1076 921 1149 personali
944 1089 1000 1133 suo
1023 1081 1053 1132 et
1078 1075 1152 1134 dicti
1174 1075 1234 1133 filii
1257 1076 1306 1134 sui
1322 1093 1464 1135 suorum·

190 1197 250 1253 que
273 1196 485 1238 successorum
509 1183 689 1238 nominibus
712 1191 741 1240 et
762 1183 792 1239 in
824 1183 964 1255 personis
1000 1183 1082 1241 bona
1109 1182 1172 1240 fide
1195 1188 1225 1239 et
1257 1184 1323 1240 sine
1356 1183 1464 1241 fraude

189 1287 341 1344 servanda
365 1295 394 1344 et
416 1289 528 1346 effectu
547 1289 752 1362 mancipanda
775 1305 807 1346 se
831 1290 985 1361 obligavit
1007 1291 1116 1362 vigore
1139 1296 1169 1347 et
1193 1290 1375 1348 testimonio
1398 1306 1465 1364 pre·

190 1395 327 1450 sencium
349 1394 512 1452 mediante.
537 1395 569 1451 ln
592 1397 678 1452 cuius
702 1398 747 1453 rei
780 1397 965 1453 memoriam
998 1403 1027 1454 et
1066 1404 1251 1470 perpetuam
1283 1396 1465 1455 firmitatem

190 1508 347 1572 presentes
370 1500 489 1557 litteras
513 1508 632 1559 nostras
656 1503 863 1559 concessimus
885 1503 981 1560 nostri
1001 1503 1098 1576 sigilli
1115 1502 1259 1561 autentici
1293 1504 1464 1561 munimine

190 1611 219 1662 et
240 1608 428 1679 appensione
451 1608 622 1666 roboratas.
646 1608 763 1665 Datum
787 1610 816 1665 in
843 1608 920 1666 festo
944 1610 1040 1666 sancti
1064 1610 1173 1692 Jacobi
1201 1610 1347 1682 apostoli.
1375 1612 1466 1667 Anno

189 1711 305 1768 domini
330 1714 499 1771 millesimo
524 1715 829 1786 quadringentesimo
854 1716 1010 1772 tricesimo
1034 1724 1153 1788 quarto.

294 1850 427 1913 Originale
445 1851 472 1898 in
491 1851 645 1901 membrana.
666 1852 736 1898 Zona
755 1851 850 1898 sericea
869 1849 978 1898 violacei
997 1850 1090 1899 coloris
1109 1851 1238 1916 dependet
1252 1851 1353 1914 absque
1363 1851 1451 1915 sigillo

188 1940 220 1986 Iu
238 1939 352 1987 archivio
370 1956 426 1988 ven.
446 1940 553 2005 capituli
572 1939 746 2001 zagrabiensis

799 2135 856 2201 75.

294 2278 373 2324 Anno
396 2289 470 2338 1434,
489 2289 529 2340 25.
548 2277 622 2339 Julii.
643 2263 758 2328 (insumo.

194 2405 297 2461 cartam
320 2405 444 2476 capitulo
466 2405 610 2471 destructuri,
635 2402 806 2478 Rudolplrus
828 2405 962 2474 Albanas,
986 2403 1089 2463 arabilis
1120 2404 1154 2461 de
1184 2405 1318 2476 Mcducd,
1342 2415 1453 2480 posses·

186 2511 312 2566 sionibus
343 2511 505 2586 Kraljeruc,
542 2510 631 2586 Ccrje,
664 2511 813 2586 li'obiljale,
844 2510 954 2586 Sviblje
984 2523 1011 2567 a!
1041 2512 1132 2579 Nart,
1163 2530 1236 2585 quas
1259 2512 1452 2570 Eberhardus

187 2619 331 2690 episcopus
361 2618 524 2674 cathedrali
552 2619 681 2676 ecclcsrire
711 2618 895 2689 srrgrarbicnsi
922 2618 1140 2690 inperpetuum
1164 2619 1304 2674 altanum
1326 2620 1450 2693 reliquit,

397 2743 426 2780 sc
450 2725 563 2781 abdicat
586 2744 689 2798 casque
711 2725 836 2798 capitulo
859 2723 1105 2781 adnrinr'strandas
1127 2724 1225 2781 tradit.

292 2866 355 2923 Nos
381 2868 553 2940 capitulum
579 2869 706 2924 ecclesie
729 2869 926 2925 clrasmensis.
957 2869 1105 2925 Memorio
1131 2867 1388 2925 commendamus
1415 2874 1455 2925 te·

186 2986 259 3028 nore
283 2974 477 3044 presencium
501 2974 708 3045 significantes
733 2976 846 3047 quilius
869 2973 994 3048 expedit
1017 2974 1179 3031 universis
1203 2972 1296 3045 Quod
1312 2975 1453 3045 egregius

186 3086 215 3135 et
238 3080 352 3136 nobilis
376 3081 423 3137 vir
450 3080 753 3154 Rodolpl1u5,⁴filius
776 3080 933 3154 Rodolphi
958 3079 995 3136 de
1018 3078 1138 3136 ltledwe
1162 3079 1240 3136 alias
1271 3078 1310 3136 dc
1335 3080 1452 3153 Allien,

185 3198 291 3243 nostra
316 3188 498 3244 constitutus
523 3187 551 3243 in
577 3187 735 3261 presencia
762 3188 869 3243 insua
891 3201 926 3243 ac
949 3185 1109 3256 leonardi,
1137 3184 1196 3242 filii
1218 3185 1275 3256 sui,
1303 3187 1455 3258 personis,

176 3307 262 3348 onus
285 3298 314 3348 et
337 3307 506 3363 gravamen
531 3292 846 3352 eiusdem-Leonardi
867 3292 927 3349 filii
949 3294 997 3349 sui
1020 3293 1051 3349 in
1073 3309 1105 3350 se
1128 3290 1314 3359 assumendo
1330 3291 1411 3349 dixit
1425 3298 1475 3361 et,

185 3404 230 3454 est
254 3397 411 3455 confessus
437 3400 506 3455 vive
530 3401 615 3457 vocis
638 3417 691 3456 sue
716 3400 858 3458 oraculo:
892 3399 1050 3471 quomodo
1080 3399 1147 3472 ipse
1180 3396 1289 3454 sedula
1326 3397 1455 3455 medita-

90 3539 94 3547 ·
183 3504 271 3560 cione
295 3505 325 3560 in
349 3506 396 3561 sui
422 3504 524 3561 cordis
555 3509 690 3563 armario
721 3507 885 3587 rta'oltjens
916 3510 1098 3587 ct.matura
1129 3503 1358 3562 deliberacione
1392 3504 1456 3561 ani-

185 3609 390 3681 madvertens,
408 3627 470 3680 sue,
483 3599 695 3684 heredumque
712 3620 741 3669 et
766 3612 898 3668 fratrum
915 3626 1042 3668 suorum
1057 3610 1149 3668 'saluti
1171 3609 1340 3680 intendens,
1359 3611 1455 3684 potis·

183 3717 261 3772 sime
285 3717 415 3773 condam
440 3717 603 3773 reverendi
634 3719 663 3774 in
695 3720 818 3775 t'hristo
849 3720 945 3792 patris
976 3718 1094 3775 domini
1117 3715 1291 3774 libcrlrardi
1314 3717 1455 3791 episcopi

184 3823 399 3892 zagraliiensis,
435 3822 533 3878 felicis
564 3823 790 3880 recordacionis
825 3824 1043 3895 consanguinei
1076 3825 1131 3895 sui,
1155 3839 1174 3880 a
1197 3838 1260 3896 quo
1285 3824 1452 3898 quamplu-

184 3927 262 3983 rime
286 3927 492 3998 possessiones
515 3933 544 3982 et
569 3929 717 3984 nonnulla
743 3930 927 4002 temporalia
952 3931 1033 3987 bona
1057 3931 1087 3986 in
1116 3931 1218 4003 ipsum
1244 3943 1379 4001 suosque
1402 3930 1457 4001 he·

182 4031 271 4089 redes
306 4031 599 4098 condescendissent,
635 4034 804 4108 eademque
837 4037 963 4092 haberet
987 4043 1016 4093 et
1040 4035 1219 4109 possideret,
1236 4051 1295 4110 pro
1320 4051 1456 4108 quorum

184 4137 406 4194 beneficiorum
431 4138 519 4195 donis
543 4142 583 4197 ab
607 4142 675 4214 ipso
699 4143 829 4199 condam
861 4142 988 4199 domino
1017 4143 1199 4200 liberlrardo
1230 4143 1388 4215 episcopo,
1420 4147 1454 4199 ut

184 4243 347 4317 prefertur,
385 4248 549 4320 perceptis,
584 4248 690 4303 nolens
728 4249 805 4305 rieio
839 4249 1065 4318 ingratitudinis
1099 4250 1208 4320 notari,
1244 4249 1319 4320 quin
1343 4249 1453 4321 pocius

183 4361 354 4410 memoret
378 4360 484 4423 eratus
508 4355 646 4427 reperiri,
662 4353 699 4409 ad
727 4354 850 4410 laudern
876 4356 923 4411 dei
949 4355 1168 4428 omnipotentis
1192 4360 1221 4411 et
1237 4355 1374 4425 gloriose
1391 4354 1453 4412 vir·

182 4460 261 4527 trinis
285 4461 390 4531 Mario,
414 4461 523 4517 matris
548 4460 605 4530 dei,
630 4462 778 4517 honorem
803 4476 838 4516 ac
863 4463 960 4518 tocius
985 4462 1104 4517 celestis
1126 4460 1209 4517 curie
1232 4461 1368 4532 gloriam
1392 4474 1451 4534 pro

182 4568 316 4623 uberiori
342 4566 524 4622 fundacione
548 4575 577 4622 et
600 4566 732 4624 firmiori
757 4575 906 4640 perpetua
930 4569 1097 4624 stabilitate
1121 4566 1254 4625 duarum
1272 4568 1450 4639 missarum,

181 4675 270 4728 unius
306 4673 334 4728 in
371 4678 470 4741 cantu,
506 4672 632 4729 alterius
667 4675 697 4731 in
734 4674 850 4730 lectura
882 4676 911 4730 in
936 4689 989 4731 ara
1015 4680 1117 4731 sancte
1141 4675 1241 4732 crucis
1266 4674 1298 4731 in
1321 4674 1452 4732 ecclesia

181 4778 277 4834 sancti
308 4779 390 4845 regis
423 4776 572 4850 Stephani
606 4756 796 4849 zagrabiensi
822 4761 1005 4851 kathedrali,
1030 4796 1086 4854 per
1109 4781 1213 4854 ipsum
1236 4779 1371 4838 condam
1395 4780 1450 4837 do·

181 4884 299 4940 minum
324 4882 538 4940 Eberhardum
563 4887 743 4960 episcopum
775 4901 833 4959 pro
864 4888 966 4944 anime
1007 4904 1061 4945 sue
1091 4888 1191 4944 salute
1222 4887 1349 4945 cottidie
1373 4888 1452 4945 cele·
