3278 5348
198 391 256 460 178
617 390 689 447 Doc.
716 400 780 464 127.
800 421 839 432 —
866 390 921 446 An.
948 401 1037 468 1439.

192 603 333 663 eiusdem
367 604 488 662 comitis
524 604 660 663 Mathius
694 607 820 664 veniens
855 606 1048 680 presenciam
1079 606 1199 662 litteras
1222 610 1344 662 vestras
1367 620 1453 679 super

192 711 260 784 ipsa
283 712 466 769 evocacione
490 710 574 770 dicto
599 711 728 771 domino
750 713 816 786 regi
839 712 1092 786 rescripcionales
1124 710 1225 769 eidem
1260 712 1369 770 comiti
1399 712 1456 768 Ma·

191 817 274 874 thius
296 822 509 891 presentasset.
540 817 574 875 ln
598 818 715 890 quibus
737 819 804 893 ipse
828 834 884 892 per
906 818 1090 876 Michaelem
1114 817 1152 874 de
1175 817 1320 890 Kysgora
1343 819 1456 891 regium

191 937 226 980 ac
250 922 418 980 discretum
441 924 545 981 virum
566 924 721 1007 Jacobum
743 925 830 982 chori
854 902 940 982 dicte⁸
957 924 1085 981 ecclesie
1116 929 1219 980 vestre
1251 924 1456 996 presbiterum

190 1035 339 1100 vestrum,
374 1030 523 1099 homines,
559 1028 636 1086 feria
671 1031 779 1103 quinta
815 1031 958 1104 proxima
993 1035 1065 1104 post
1101 1029 1215 1087 festum
1239 1028 1457 1103 Concepcionis

191 1135 320 1207 virginis
355 1136 490 1207 gloriose
524 1136 555 1193 in
590 1136 672 1195 dicto
710 1151 790 1195 anno
821 1137 940 1195 domini
961 1137 1132 1194 millesimo
1154 1134 1457 1208 quadringentesimo

193 1241 349 1299 tricesimo
373 1248 493 1315 quarto,
527 1243 720 1317 preteritum,
755 1242 893 1317 prelatos
928 1241 1128 1317 Stephanum,
1163 1240 1266 1299 filium
1292 1242 1457 1311 Michaelis,

191 1348 383 1419 Michaelem‚
419 1347 521 1405 filium
556 1347 738 1421 Sebastiani,
774 1349 967 1406 Anthonium
990 1348 1141 1419 italicum,
1176 1346 1333 1405 Briccium
1366 1348 1458 1406 Dom-

191 1454 344 1523 brensem,
379 1453 507 1511 Petrum
542 1455 736 1529 Hungarum,
772 1455 943 1528 Georgium
979 1462 1139 1524 sartorem,
1173 1453 1349 1525 Nicolaum,
1385 1454 1458 1511 alias

189 1557 315 1634 judices,
338 1576 456 1618 necnon
472 1561 644 1619 Fabianum
660 1561 841 1633 litteratum,
858 1562 975 1632 Friche,
992 1560 1139 1631 Blasium,
1157 1559 1260 1617 filium
1278 1559 1456 1631 Vythezych

190 1679 227 1721 ac
249 1665 328 1723 alios
345 1664 471 1741 juratos,
494 1669 578 1725 cives
601 1675 631 1726 et
653 1669 791 1742 hospites
815 1672 853 1726 ac
873 1674 971 1725 totam
995 1667 1251 1724 communitatem
1273 1665 1355 1724 dicte
1386 1666 1457 1723 civi·

189 1772 261 1828 tatis
296 1774 410 1830 montis
444 1773 606 1832 Grecensis
641 1776 673 1832 in
708 1774 817 1833 eadem
853 1775 977 1833 civitate
1001 1773 1115 1831 montis
1137 1771 1301 1831 Grecensis
1325 1771 1367 1829 ad
1390 1787 1458 1846 pre·

191 1878 285 1935 missa
320 1885 427 1938 contra
461 1886 642 1938 annotatum
676 1882 850 1956 capitulum
885 1880 1014 1938 ecclesie
1048 1877 1257 1951 zagrabiensis
1288 1878 1329 1935 ad
1362 1878 1457 1936 dictas

191 1990 316 2042 octavas
352 1985 421 2044 festi
455 1988 701 2062 Epiphaniarum
736 1988 855 2045 domini
887 1988 1009 2060 regiam
1042 1988 1073 2044 in
1097 1984 1291 2059 presenciam
1312 1988 1456 2042 evocatos

190 2087 257 2147 fore
280 2094 480 2166 comperisset
517 2095 647 2164 seriose;
682 2094 722 2152 ad
744 2092 951 2167 quasquidem
974 2098 1099 2150 octavas
1131 2090 1199 2149 festi
1230 2090 1314 2148 beati
1348 2090 1455 2174 Jacobi

190 2197 325 2271 apostoli
347 2197 462 2271 prefati
484 2200 515 2257 in
539 2216 664 2258 causam
687 2200 810 2257 attracti
831 2215 889 2272 per
911 2205 1091 2256 annotatum
1115 2200 1352 2271 procuratorem
1385 2195 1457 2255 dicti

191 2303 319 2375 capituli
343 2304 373 2361 in
398 2320 528 2379 persona
552 2306 692 2364 eiusdem
709 2306 852 2378 congruis
868 2305 979 2362 diebus
994 2305 1135 2378 ipsarum
1151 2308 1334 2360 octavarum
1351 2316 1457 2360 coram

190 2408 260 2481 ipso
283 2411 396 2468 comite
418 2412 552 2469 Mathius
576 2415 738 2485 expectati,
762 2411 901 2469 eiusdem
924 2411 955 2468 in
986 2410 1180 2486 presenciam
1211 2424 1273 2468 non
1303 2409 1458 2467 venissent

189 2531 289 2588 neque
312 2517 475 2590 misissent,
499 2535 531 2576 se
554 2519 763 2577 mediantibus
791 2519 862 2576 aliis
896 2518 1008 2576 litteris
1040 2519 1137 2591 ipsius
1169 2517 1292 2575 comitis
1322 2516 1457 2574 Mathius

188 2618 386 2695 judicialibus
402 2624 512 2681 exinde
533 2624 679 2683 consectis
695 2626 726 2682 in
741 2622 857 2701 judicio
879 2624 1043 2698 aggravari
1060 2624 1282 2697 permittentes,
1296 2621 1457 2696 postulans

189 2726 328 2800 prelatus
362 2736 547 2802 procurator
582 2730 656 2789 dicti
691 2732 821 2805 capituli
855 2730 956 2789 eidem
980 2747 1019 2788 ex
1042 2735 1130 2803 parte
1153 2733 1403 2787 memoratorum
1425 2729 1456 2788 in

190 2849 313 2893 causam
338 2842 542 2894 attractorum
565 2852 621 2911 per
644 2837 777 2895 eundem
801 2838 947 2895 comitem
970 2837 1105 2894 Mathius
1128 2836 1159 2893 in
1189 2834 1351 2908 premissis
1380 2831 1456 2909 juris

189 2942 356 3014 equitatem
393 2944 554 3018 impertiri
590 2945 627 3002 Et
659 2946 731 3019 quia
766 2945 861 3003 iidem
891 2946 923 3003 in
946 2959 1072 3002 causam
1094 2943 1216 3001 attracti
1239 2941 1279 3000 ad
1304 2942 1456 3014 premissa

188 3047 255 3103 vice
279 3048 419 3105 terciaria
443 3050 593 3108 evocandi
615 3050 681 3108 fore
705 3051 764 3107 visi
788 3049 926 3121 fuissent,
949 3064 1007 3125 pro
1031 3064 1067 3107 eo
1091 3048 1174 3107 idem
1196 3063 1301 3107 comes
1321 3048 1456 3106 Mathius

188 3160 324 3210 vestram
348 3156 521 3213 amiciciam
544 3156 727 3214 litteratorie
749 3157 910 3230 petivisset
937 3156 1109 3228 diligenter,
1141 3159 1293 3228 quatenus
1315 3159 1456 3212 vestrum

188 3260 351 3317 mitteretis
373 3262 532 3319 hominem
555 3278 614 3336 pro
638 3263 815 3320 testimonio
835 3261 897 3319 fide
921 3261 1058 3335 dignum,
1092 3276 1154 3334 quo
1187 3265 1331 3334 presente
1361 3259 1455 3318 homo

188 3366 290 3438 regius
325 3366 404 3424 infra
439 3368 652 3440 declarandus,
676 3375 865 3426 memoratos
901 3367 1112 3442 Stephanum,
1148 3365 1251 3424 tilium
1286 3365 1455 3436 Michaelis,

188 3472 380 3543 Michaelem‚
405 3474 507 3531 filium
541 3473 722 3546 Sebastiam,
759 3475 950 3533 Anthonium
984 3474 1138 3545 Italicum,
1172 3471 1328 3531 Briccium
1357 3471 1455 3530 Dom-

187 3578 339 3648 brensem,
363 3580 490 3636 Petrum
513 3581 705 3653 ilungarum‚
730 3580 903 3653 Georgium
933 3586 1085 3638 sartorem
1108 3586 1138 3637 et
1169 3577 1343 3650 Nicolaum,
1378 3577 1455 3635 alias

185 3681 311 3759 judices,
335 3701 452 3743 necnon
469 3687 640 3744 Fabianum
656 3688 835 3759 litteratum,
852 3688 969 3758 Friche,
987 3685 1133 3756 Blasium‚
1150 3684 1253 3742 filium
1269 3683 1453 3757 Vythezych

186 3804 222 3847 ac
245 3791 324 3848 alios
339 3789 465 3867 juratos,
491 3793 583 3863 cives,
608 3795 745 3868 hospites
769 3799 799 3851 et
822 3800 918 3852 totam
943 3792 1197 3850 communitatem
1219 3788 1301 3848 dicte
1317 3790 1452 3848 civitatis

186 3897 300 3954 montis
324 3897 485 3956 Grecensis
509 3901 539 3957 in
563 3902 722 3972 premissis
746 3900 977 3973 perhemptorie
999 3912 1212 3972 responsuros,
1234 3896 1454 3970 racionemque

185 4004 344 4062 efficacem
366 4004 542 4063 reddituros
565 4023 601 4063 ac
624 4006 662 4063 de
681 4004 795 4082 judicio
820 4006 930 4078 viginti
953 4005 1085 4062 duarum
1111 4018 1288 4061 marcarum
1304 4001 1402 4078 judici
1423 4007 1453 4061 et

185 4112 266 4186 parti
288 4110 417 4168 adverse
448 4113 658 4171 satisfacturos
689 4120 795 4170 contra
828 4117 1008 4169 annotatum
1041 4108 1216 4184 capitulum
1245 4109 1375 4168 ecclesie
1405 4124 1451 4166 za-

185 4217 359 4290 grabiensis
395 4218 434 4275 ad
468 4225 592 4276 octavas
627 4218 696 4276 festi
722 4219 803 4277 beati
825 4217 985 4276 Michaelis
1008 4215 1185 4289 archangeli
1208 4220 1281 4273 tunc
1304 4221 1450 4274 venturas

184 4324 301 4396 regiam
326 4332 469 4382 evocaret
492 4326 523 4382 in
545 4326 752 4399 presenciam,
777 4330 806 4382 et
830 4331 901 4399 post
922 4325 979 4382 hec
1003 4324 1101 4397 ipsius
1124 4321 1317 4380 evocacionis
1338 4322 1451 4380 seriem

184 4447 256 4488 cum
277 4432 456 4489 nominibus
479 4438 678 4489 evocatorum
700 4430 739 4489 ad
763 4430 887 4488 easdem
907 4435 1032 4487 octavas
1048 4429 1131 4486 dicto
1148 4427 1278 4486 domino
1293 4428 1361 4501 regi
1375 4425 1450 4484 fide·

183 4535 256 4594 liter
290 4537 509 4594 rescriberetis.
542 4536 682 4595 Tandem
714 4539 790 4611 ipsis
826 4537 944 4595 octavis
978 4535 1165 4593 instantibus
1186 4532 1327 4608 prelatus
1350 4530 1449 4590 Lado-

183 4642 299 4699 merlus
323 4640 361 4698 de
384 4642 560 4700 Adamolch
584 4658 642 4716 pro
665 4649 810 4701 annotato
835 4642 972 4717 capitulo
996 4641 1124 4700 ecclesie
1148 4639 1356 4713 zagrabiensis
1379 4652 1448 4696 cum

182 4748 404 4820 procuratoriis
428 4749 539 4807 litteris
562 4749 700 4807 eiusdem
723 4750 755 4808 in
778 4749 876 4823 ipsius
906 4748 1028 4806 comitis
1060 4747 1196 4805 Mathius
1223 4747 1351 4804 veniens
1378 4759 1447 4819 pre·

181 4856 326 4927 sensiam,
360 4855 479 4914 litteras
513 4862 632 4915 vestras
666 4872 761 4932 super
794 4857 864 4930 ipsa
897 4856 1081 4914 evocacione
1115 4853 1198 4912 dicto
1233 4851 1362 4914 domino
1382 4849 1446 4924 regi
