3278 5348
489 425 562 483 Doc.
586 417 656 499 236.
682 435 754 503 237,
776 455 818 463 -
842 422 899 479 An.
924 415 1145 498 1464-1465.

187 643 285 714 mitto,
316 641 400 715 quod
435 641 466 698 in
497 640 643 698 omnibus
676 639 771 697 rebus
802 644 832 695 et
863 638 1010 710 precipue
1033 636 1234 709 gravioribus
1258 635 1386 709 agendis
1408 652 1447 694 re·

186 763 309 806 curram
333 747 372 806 ad
388 747 504 805 auxilia
527 752 556 804 et
572 746 700 803 consilia
717 746 867 818 ipsorum,
884 759 982 817 eaque
997 742 1165 816 suscipiam
1183 748 1277 815 prout
1294 742 1450 799 voluerint

186 855 223 912 Et
239 853 322 927 quod
341 868 398 927 pro
415 853 574 911 voluntate
589 852 730 926 ipsorum
747 851 848 909 eidem
863 850 1015 908 vicariatu
1031 848 1150 907 cadem.
1172 849 1211 906 Et
1227 847 1314 921 quod
1331 863 1451 920 exemp·

187 962 274 1019 cione
297 975 366 1018 mea
390 963 498 1016 contra
521 957 647 1015 eosdem
672 957 815 1015 dominos
838 973 901 1014 non
922 961 1003 1014 utar.
1028 956 1064 1012 Et
1081 954 1164 1028 quod
1182 953 1378 1012 dimissorias
1393 954 1451 1011 sine

192 1066 320 1124 licencia
336 1067 477 1138 ipsorum
495 1063 693 1121 dominorum
708 1077 769 1120 non
785 1062 868 1120 dabo
887 1067 918 1120 et
940 1062 1108 1119 reverebor
1131 1076 1240 1118 omnes
1263 1065 1295 1118 et
1318 1059 1452 1133 singulos

190 1172 333 1230 dominos
365 1186 451 1228 meos
481 1175 511 1228 et
541 1169 625 1243 quod
650 1212 902 1228 .........
926 1169 1011 1227 sione
1033 1182 1095 1226 non
1119 1166 1235 1224 taxabo
1255 1181 1451 1239 quemquam

186 1277 302 1352 Scripsi
325 1292 383 1349 ego
406 1276 583 1334 Demetrius
605 1275 722 1347 doctor,
745 1291 839 1333 manu
863 1276 1003 1348 propria,
1033 1276 1064 1331 in
1095 1272 1198 1331 medio
1221 1272 1380 1331 dictorum
1403 1271 1451 1329 do·

191 1385 349 1441 miuomm
377 1382 494 1452 sedens,
524 1387 635 1439 octavo
666 1381 716 1440 die
747 1381 817 1440 festi
848 1382 931 1439 beati
954 1380 1115 1438 laurencii
1139 1379 1286 1449 martiris,
1311 1377 1451 1436 videlicet

186 1489 263 1548 feria
287 1494 374 1547 sexta
405 1489 549 1561 proxima
577 1493 647 1561 post
672 1488 785 1546 testum
809 1488 1029 1562 assumptionis
1051 1486 1161 1557 Marte,
1182 1482 1261 1542 hora
1285 1485 1382 1542 tercia
1404 1484 1449 1541 vet

187 1597 276 1668 quasi
300 1602 371 1668 post
394 1594 545 1652 maiorem
569 1595 707 1653 missam.
731 1588 822 1653 Anno
846 1594 964 1652 domini
987 1591 1235 1650 MCCCCLXIV.

293 1728 371 1779 Liber
389 1731 483 1779 rubeus
501 1746 558 1782 ven.
579 1731 655 1795 Capit
683 1731 783 1794 aagrab.
804 1733 836 1779 In
855 1731 950 1782 archiv.
970 1729 1030 1781 incl.
1051 1728 1134 1780 Acad.
1154 1728 1252 1778 Scieut.
1273 1726 1344 1777 Slav.
1364 1727 1447 1776 merid.

775 1963 860 2028 236.

292 2104 373 2152 Anno
395 2102 469 2165 1464,
490 2117 532 2157 21.
551 2105 671 2156 octobris.
693 2105 838 2169 Zagrabiae.

430 2232 457 2287 A
480 2233 604 2303 capitulo
627 2233 743 2305 sagrab.
760 2241 857 2305 poena
880 2233 998 2288 talmtris
1020 2231 1211 2291 constituitur.

293 2373 388 2430 Nota!
413 2374 495 2447 quod
518 2391 626 2433 omnes
651 2376 769 2434 domini
792 2377 823 2433 in
847 2375 959 2433 maiori
982 2375 1119 2432 sacristia
1144 2373 1361 2447 capitulariter
1384 2390 1448 2433 con·

187 2480 307 2551 gregati
328 2479 433 2537 debita
457 2480 683 2539 deliberacione
707 2482 869 2555 prehabita
894 2483 962 2554 ipso
987 2480 1036 2538 die
1060 2478 1130 2538 festi
1154 2479 1319 2539 beatorum
1344 2481 1446 2540 decem

185 2585 322 2643 millium
345 2587 510 2644 martirum
533 2602 613 2644 anno
636 2587 828 2644 MCCCCLX
852 2593 963 2660 quarto
994 2590 1167 2643 statuerunt
1189 2586 1324 2645 firmiter
1347 2588 1448 2646 obser·

185 2706 267 2761 vare,
299 2708 398 2765 neque
433 2693 544 2765 quovis
576 2693 670 2750 modo
693 2695 859 2750 immutare
884 2693 922 2750 de
945 2694 1016 2750 anni
1041 2693 1181 2750 instantis
1204 2693 1360 2766 proximis
1383 2694 1448 2767 qui·

185 2797 293 2854 busvis
324 2797 529 2855 divisionibus
562 2807 591 2854 et
622 2797 898 2856 distribucionibus
922 2801 953 2856 in
977 2799 1106 2872 pecunia
1129 2804 1160 2856 et
1183 2798 1449 2873 qualitercumque

184 2903 430 2974 emergentibus,
466 2908 579 2960 statuta
610 2904 738 2962 ecclesie
769 2904 947 2962 firmissime
979 2905 1163 2973 observare,
1195 2904 1316 2978 absque
1347 2907 1447 2978 gracia

185 3008 425 3066 irremisibiliter
448 3008 502 3065 tali
526 3008 704 3066 condicione
728 3011 917 3083 interposita,
940 3010 1023 3083 quod
1048 3012 1236 3084 quicumque
1259 3026 1298 3068 ex
1317 3011 1448 3069 dominis

185 3130 243 3188 pro
274 3115 380 3187 aliquo
412 3130 490 3187 pena
522 3116 628 3172 statuti
664 3116 845 3188 plectend0‚
883 3117 1071 3189 postularet,
1102 3117 1197 3175 simili
1233 3132 1313 3191 pena
1344 3117 1447 3176 statuti

184 3222 379 3294 plecteretur.

289 3374 368 3422 Liber
387 3376 479 3423 rubeus
498 3392 554 3425 ven.
576 3375 659 3440 Capit.
679 3378 779 3440 zagrah
800 3379 830 3425 In
849 3379 943 3430 archiv.
965 3381 1023 3431 incl.
1044 3381 1123 3430 Acad.
1137 3380 1225 3428 Scieut
1248 3378 1348 3430 Slavor.
1360 3389 1445 3437 mefid.

779 3608 863 3677 237.

288 3748 369 3795 Anno
390 3748 464 3812 1465,
487 3750 526 3798 18.
544 3750 662 3812 januarii.
682 3753 778 3800 Budae.

182 3872 326 3940 Alathias,
357 3873 534 3945 &angariae
563 3885 610 3934 etc.
643 3899 704 3939 rex.
734 3882 861 3952 capitulo
890 3883 1007 3955 zagrob.
1040 3885 1169 3954 nrandat,
1192 3893 1227 3942 ut
1250 3890 1397 3945 canonicas
1418 3887 1445 3946 in

339 3981 458 4051 negotiis
475 3982 599 4053 publicis
622 3985 783 4043 absentibus
806 4006 902 4045 astrues
920 3995 1079 4060 prouentus
1103 3990 1291 4052 administret.

877 4129 1030 4177 Commissio
1050 4131 1154 4194 propria
1173 4131 1271 4181 domini
1292 4135 1370 4197 regis.

288 4229 419 4285 Mathias
451 4230 500 4288 dei
523 4235 626 4304 gracia
651 4252 704 4291 rex
736 4239 902 4309 ilungarie
935 4241 1104 4313 Dalmacie,
1128 4242 1256 4301 Croacie
1280 4251 1338 4303 etc.
1362 4245 1445 4303 Fide·

181 4331 265 4389 libus
289 4334 402 4390 nostris
424 4337 561 4409 capitulo
584 4340 711 4398 ecclesie
734 4346 941 4415 zagrabiensis
965 4347 1098 4404 salutem
1122 4354 1153 4406 et
1174 4349 1321 4421 graciam.
1346 4352 1444 4426 Expo-

181 4447 308 4497 suerunt
339 4442 430 4498 nobis
460 4442 569 4500 fideles
599 4447 695 4503 nostri
719 4449 916 4508 honorabiles
941 4454 1082 4524 magistri
1104 4455 1269 4536 Johannes,
1293 4458 1443 4517 archidia-

181 4559 275 4601 conus
305 4547 480 4620 goricensis‚
510 4564 546 4606 ac
577 4549 751 4624 Stephanus
780 4554 817 4612 de
846 4557 932 4638 Jalza
956 4566 986 4616 et
1008 4559 1165 4642 Johannes
1189 4560 1387 4637 Wythezych
1410 4564 1444 4623 de

180 4649 358 4723 Kamarcza‚
384 4657 580 4714 concanonici
605 4661 708 4730 vestri,
732 4676 900 4732 gravamen
923 4680 994 4721 cum
1027 4667 1164 4739 querela,
1188 4667 1273 4741 quod
1304 4671 1445 4743 quamvis

180 4770 236 4813 nos
259 4757 337 4815 alias
360 4760 450 4817 vobis
474 4762 727 4822 mandaverimus
750 4767 781 4824 in
805 4782 849 4838 eo,
874 4774 907 4826 ut
930 4785 986 4828 vos
1002 4772 1166 4830 universos
1182 4781 1364 4848 proventus,
1382 4775 1445 4835 red·

181 4860 263 4920 ditus
293 4871 323 4923 et
354 4865 472 4925 fructus
503 4869 574 4927 anni
605 4873 745 4944 preteriti
776 4873 905 4949 prefatis
935 4879 1162 4952 exponentibus
1184 4880 1311 4942 racione
1334 4881 1446 4942 benefi-
