3278 5348
186 438 247 498 134
608 419 683 477 Doc.
707 430 775 494 107.
798 450 842 461 -
865 416 922 474 An.
945 425 1035 494 1437.

181 640 316 698 concessi
350 639 510 697 communi
542 635 663 713 justicia
697 637 881 709 requirente
911 632 1029 690 Datum
1053 630 1193 707 predicta
1217 632 1380 705 Zagrabie,
1401 631 1447 691 die

182 744 339 804 dominico
361 745 507 818 proximo
531 748 602 817 post
633 742 807 816 predictum
838 739 952 798 festum
983 739 1173 798 visitacionis
1206 739 1298 798 beate
1329 753 1449 812 semper

182 852 312 924 virginis
345 851 451 909 Marie.
489 854 578 907 Anno
614 849 734 909 domini
768 848 941 907 millesimo
965 844 1273 920 quadringentesimo
1296 845 1450 904 tricesimo

182 958 326 1031 septimo.
1271 959 1276 967 '

288 1108 422 1173 Originale
440 1109 467 1158 in
486 1108 581 1166 charta,
601 1123 690 1172 parum
709 1109 832 1157 attritum.
853 1106 974 1171 Sigillum
992 1107 1153 1172 impressum.
1173 1109 1205 1157 Iu
1223 1106 1321 1158 archiv.
1341 1105 1386 1155 lib¹
1399 1120 1450 1168 reg.

182 1199 252 1252 civit.
270 1199 371 1263 zagrub.

775 1372 855 1443 107.

289 1518 369 1567 Anno
394 1529 469 1581 1437,
489 1530 529 1568 21.
550 1517 701 1568 decembris.
721 1517 865 1581 Krapinae.

182 1646 352 1704 Fridericus
374 1662 462 1703 castres
491 1644 586 1701 Cilece
607 1644 733 1717 capitula
755 1651 783 1701 et
800 1644 998 1701 communitati
1017 1643 1143 1700 cecitatis
1165 1660 1223 1699 sese
1251 1660 1350 1700 carum
1374 1660 1452 1700 accu-

181 1753 303 1810 sationes
336 1751 475 1821 Villsclmi,
496 1749 591 1808 castri
611 1749 739 1807 Medved
754 1749 895 1823 capetam',
917 1750 1057 1823 suscipere
1080 1748 1333 1822 litigatoribusque
1339 1750 1452 1824 justam

479 1857 646 1915 sententiam
670 1857 748 1915 ferre
770 1874 827 1913 esse
841 1862 1010 1933 promptum
1032 1855 1157 1911 nunant.

289 2001 463 2060 Fridericus
494 2001 544 2059 dei
573 2002 677 2073 gracia
708 2001 797 2072 Cilic,
821 2001 1025 2073 Ortenburge,
1049 1998 1241 2071 Zagorieque
1263 2004 1321 2056 etc.
1341 2014 1453 2056 comes.

184 2109 391 2167 Honorabiles
403 2124 438 2165 ac
451 2107 575 2181 providi
587 2109 678 2165 nobis
691 2101 814 2165 dilectil
832 2107 891 2164 Per
905 2106 1047 2164 nobilem
1070 2102 1307 2177 sigismundum
1332 2105 1431 2162 Hann.
1444 2145 1451 2159 .

183 2214 222 2273 de
244 2213 377 2286 Bednya.
390 2215 535 2272 comitem
551 2221 693 2271 nostrum
711 2212 956 2282 varosdiensem,
973 2212 1020 2269 uti
1035 2227 1073 2268 ex
1088 2210 1297 2267 relacionibus
1313 2209 1451 2268 eiusdem

183 2321 387 2396 percepimus,
410 2319 441 2378 id
466 2321 556 2378 nobis
579 2320 753 2390 intimastis,
781 2318 865 2392 quod
889 2333 946 2375 vos
977 2316 1259 2375 controversiarum
1282 2320 1314 2375 et
1337 2315 1453 2376 discor·

185 2426 308 2485 diarum
333 2426 496 2483 materiam
519 2425 599 2482 inter
623 2439 683 2482 vos
706 2426 747 2482 ab
770 2440 831 2482 una
853 2429 883 2482 et
905 2424 1066 2496 egregium
1089 2422 1285 2481 Vithelmum
1300 2430 1453 2496 nostrum,

183 2533 375 2605 illustrisque
407 2531 556 2605 principis
586 2531 708 2590 comitis
741 2531 840 2589 Vlrici
863 2535 917 2588 etc.
942 2529 1001 2587 tilii
1030 2529 1128 2586 nostri
1153 2527 1314 2600 carissimi,
1338 2529 1454 2603 capita·

183 2655 277 2697 neum
300 2638 338 2696 de
361 2637 481 2695 Medwe
504 2642 594 2712 parte
618 2654 657 2695 ex
680 2640 780 2696 altera
802 2642 922 2695 motam
951 2642 981 2694 et
1011 2636 1199 2706 suscitatam,
1221 2633 1347 2710 judicio,
1371 2638 1454 2695 arbi·

182 2747 303 2818 trioque
326 2750 356 2802 et
379 2743 578 2818 disposicioni
600 2760 636 2801 ac
659 2745 803 2802 manibus
826 2744 940 2802 nostris
962 2742 1159 2801 submisistis.
1182 2738 1273 2801 Unde
1297 2756 1371 2799 cum
1397 2758 1454 2801 nos

184 2854 252 2927 paci
275 2859 305 2909 et
328 2850 489 2909 concordie
514 2852 654 2923 parcium
680 2851 788 2924 pocius
811 2866 906 2924 quam
931 2848 1085 2908 discordie
1118 2846 1325 2919 intendamus,
1348 2848 1454 2907 animo

183 2959 292 3018 libenti
315 2973 372 3031 pro
395 2956 539 3028 sedanda,
562 2956 821 3030 informandaque
844 2962 874 3014 et
898 2954 1126 3028 complananda
1157 2954 1225 3027 ipsa
1240 2955 1454 3013 controversia

184 3081 236 3122 seu
261 3062 424 3134 discordia,
450 3079 486 3120 ac
509 3063 731 3121 consolidanda
757 3071 850 3136 atque
872 3062 1043 3120 ordinanda
1066 3062 1146 3119 inter
1170 3074 1226 3118 vos
1249 3075 1328 3133 pace
1351 3060 1454 3135 firma,

183 3185 317 3228 unacum
340 3170 409 3227 aliis
432 3170 541 3244 probis
564 3169 712 3228 volumus
735 3171 931 3244 interponere
954 3168 1171 3226 favorabiliter
1190 3171 1297 3242 partes
1320 3172 1454 3240 nostras,

183 3292 243 3335 non
258 3276 452 3334 advertentes
468 3277 557 3346 iilud,
575 3276 716 3350 quitquid
735 3278 782 3347 sit,
797 3276 879 3350 quod
895 3282 1001 3334 contra
1016 3290 1073 3333 nos
1085 3275 1291 3347 commisistis,
1308 3276 1455 3348 quamvis

183 3398 245 3441 non
267 3383 370 3440 levem
394 3383 546 3455 ponderat
570 3399 736 3442 excessum.
760 3384 796 3440 Et
820 3398 939 3453 verum,
964 3383 1034 3456 quia
1058 3379 1182 3456 judicio,
1207 3380 1401 3455 arbitrioque
1424 3387 1455 3441 et

184 3488 383 3562 disposicioni
406 3490 586 3549 huiusmodi
610 3507 647 3548 ex
671 3491 762 3549 vobis
786 3490 921 3548 dominis
944 3490 983 3548 de
1006 3489 1144 3563 capitulo
1161 3495 1222 3549 tres
1239 3489 1292 3547 vel
1308 3495 1455 3563 quatuor,

185 3610 222 3652 ex
246 3594 398 3666 vobisque
421 3596 543 3653 civibus
567 3596 705 3666 totidem,
730 3597 784 3669 qui
807 3597 965 3654 accionem
988 3600 1126 3654 vestram
1149 3595 1254 3666 sciant,
1277 3610 1456 3670 proponere

184 3705 213 3756 et
237 3704 342 3755 contra
366 3701 603 3773 proponendam
627 3702 763 3761 finaliter
786 3702 983 3776 respondere,
1007 3702 1045 3760 de
1068 3708 1133 3760 tota
1154 3701 1327 3760 intencione
1350 3711 1456 3762 vestra

182 3803 350 3874 informati,
374 3822 468 3878 super
481 3805 658 3882 judicioque
682 3815 712 3866 et
727 3810 856 3867 arbitrio
872 3824 908 3867 ac
924 3809 1130 3883 disposicione
1151 3807 1312 3882 premissis
1329 3816 1454 3870 conten·

182 3916 289 3973 tantes.
314 3910 441 3984 plenam
464 3914 611 3971 habentes
635 3921 828 3987 potestatem,
853 3925 994 3990 presente
1018 3916 1118 3973 eciam
1144 3913 1266 3988 prefato
1290 3914 1454 3975 vilhelmo

186 4023 361 4090 capetane0,
386 4034 480 4090 quem
503 4020 648 4078 similiter
671 4036 776 4079 coram
802 4022 893 4080 nobis
915 4022 1081 4095 superinde
1097 4035 1279 4095 comparere
1296 4020 1455 4095 iaciemus,

183 4125 355 4182 necessario
390 4123 505 4185 debent
541 4127 703 4197 interesse;
739 4142 857 4201 proco
888 4135 1006 4186 vestras
1042 4128 1241 4202 presentibus
1258 4128 1456 4188 consulentes

183 4245 346 4288 monemus
369 4231 561 4301 dilecciones,
582 4240 732 4307 quatenus
757 4235 899 4292 homines
937 4243 1058 4293 vestros
1092 4233 1249 4308 predictos
1284 4234 1381 4292 vestri
1417 4251 1455 4295 ex

184 4343 281 4410 parte,
315 4338 361 4396 uti
395 4340 601 4411 premisimus,
629 4355 733 4397 coram
765 4342 856 4399 nobis
888 4341 926 4400 dc
958 4342 1117 4415 premissis
1140 4341 1180 4398 ad
1207 4340 1454 4414 comparendum

183 4445 379 4514 necessarios,
402 4446 498 4504 vestri
529 4445 671 4504 emedio
711 4448 879 4520 eligendos,
915 4449 946 4506 in
976 4448 1085 4520 vigilia
1115 4446 1186 4506 festi
1207 4446 1456 4522 Epiphaniarum

185 4548 303 4607 domini
325 4551 467 4623 proxime
490 4568 570 4610 nunc
595 4553 731 4624 affuturi,
757 4554 892 4612 termino
916 4556 1035 4613 scilicet
1059 4570 1116 4628 per
1137 4567 1194 4612 nos
1223 4552 1262 4612 ad
1292 4553 1325 4612 id
1357 4554 1456 4630 depu-

184 4658 257 4726 tato,
288 4655 386 4714 nostri
419 4656 451 4716 in
486 4658 676 4731 presenciam
702 4659 855 4719 destinare
879 4676 940 4719 non
963 4660 1156 4735 postponatis
1176 4660 1209 4719 in
1231 4664 1347 4721 statera
1368 4662 1455 4736 equi·

183 4761 254 4819 tatis
277 4778 371 4835 super
405 4764 564 4838 premissis
597 4764 691 4823 finem
721 4769 876 4841 recepturi
912 4768 1093 4840 decisivum‚
1117 4767 1261 4843 quitquid
1284 4771 1391 4828 tamen
1422 4769 1457 4830 in

185 4868 344 4940 premissis
375 4872 601 4945 precogitantes
634 4873 891 4948 deliberaveritis,
921 4877 1013 4934 nobis
1044 4876 1226 4949 quantocius
1254 4880 1375 4936 vestras
1397 4891 1455 4951 per
