3278 5348
193 445 256 505 390
619 423 692 480 Duc.
710 434 779 497 309
814 454 849 462 -
876 419 933 478 Aa
957 414 1049 496 1478.

691 525 898 534 ——.————-

140 685 148 696 .
191 656 299 702 eorum
323 642 422 699 altero
453 639 621 697 solucionis
644 634 799 695 ordinarie
822 635 960 709 amplius
990 635 1197 708 requiremus,
1228 635 1285 694 sed
1309 651 1360 694 eos
1380 651 1454 694 com·

191 750 308 807 morari
333 746 372 803 ad
396 748 546 804 honorem
570 744 621 802 dei
643 750 672 801 et
690 742 773 799 beati
789 741 871 814 regis
895 739 1043 815 Stephani
1065 741 1096 798 in
1121 756 1177 798 sua
1201 742 1351 800 libertate
1365 742 1454 800 libere

191 855 419 931 permittemus.
452 852 621 922 Postremo,
652 850 723 922 quia
756 848 913 921 propositi
943 846 1040 905 nostri
1070 851 1117 905 est
1149 847 1251 905 eciam
1277 847 1356 906 alios
1377 850 1455 906 vicos

196 970 225 1020 et
250 963 370 1034 plateas
392 961 423 1017 in
448 956 568 1030 prefata
599 972 669 1014 area
699 960 805 1012 nostra
836 970 875 1011 ex
906 954 1005 1011 causis
1026 959 1057 1012 et
1087 954 1270 1011 racionibus
1303 955 1454 1028 prelibatis

194 1082 252 1142 pro
288 1067 427 1140 plurium
462 1063 622 1135 hospitum
652 1068 682 1118 et
712 1061 957 1118 inhabitatorum
980 1075 1037 1117 usu
1069 1060 1244 1117 successive
1269 1065 1454 1133 sequestrare

192 1183 221 1232 et
246 1174 403 1248 deputare,
427 1185 532 1243 quare,
548 1174 581 1225 ut
597 1168 673 1225 dum
687 1172 716 1224 et
733 1173 899 1240 postquam
916 1165 947 1224 id
972 1165 1086 1224 tociens
1110 1167 1259 1240 quociens
1283 1171 1453 1240 temporum

191 1282 223 1338 in
247 1294 393 1354 processu
417 1276 589 1348 fecerimus,
621 1283 756 1333 extunc
790 1275 875 1331 vicos
899 1278 929 1330 et
959 1272 1077 1347 plateas
1098 1271 1282 1330 huiusmodi
1305 1288 1376 1330 cum
1397 1272 1453 1329 suis

191 1386 367 1460 hospitibus
390 1390 419 1440 et
444 1382 704 1441 inhabitatoribus
727 1379 858 1453 singulis
881 1385 911 1436 et
935 1379 1087 1436 universis
1121 1379 1287 1452 premissis
1318 1379 1453 1436 omnibus

192 1491 397 1566 prerogativis
421 1496 451 1547 et
484 1489 681 1547 libertatibus
705 1488 766 1547 frui
789 1495 820 1545 et
843 1485 979 1559 gaudere
1000 1485 1147 1543 volumus
1171 1499 1236 1557 quo
1259 1484 1301 1542 ad
1325 1485 1451 1558 plenum,

191 1597 392 1668 adiungentes
415 1610 468 1654 eos
491 1611 529 1652 ex
552 1611 633 1652 nunc
656 1601 745 1652 etex
769 1600 840 1651 tunc
863 1592 1040 1665 hospitibus
1063 1596 1093 1648 et
1117 1588 1381 1648 inhabitatoribus
1408 1604 1451 1645 su·

192 1703 340 1776 pradictis
364 1709 393 1759 et
418 1702 602 1759 subicientes
624 1700 749 1757 eosdem
773 1698 867 1774 judici
890 1695 1114 1772 sert'judicatui
1130 1702 1314 1755 memorato.
1331 1696 1364 1754 In
1385 1710 1451 1769 quo·

193 1825 263 1867 rum
293 1809 433 1865 omnium
466 1806 571 1869 fidem.
607 1808 703 1864 robur
726 1813 756 1863 et
780 1805 990 1863 testimonium
1014 1804 1242 1877 premissorum
1265 1801 1450 1877 presentibus

190 1915 331 1986 sigillum
362 1920 502 1971 nostrum
535 1913 682 1970 duximus
713 1911 962 1987 appendendum.
994 1911 1111 1968 Datum
1142 1908 1281 1967 secundo
1317 1907 1366 1966 die
1388 1906 1450 1964 festi

190 2020 430 2078 circumcisionis
454 2020 587 2076 Domini.
611 2020 701 2077 Anno
717 2018 856 2076 eiusdem
876 2018 1043 2075 millesimo
1066 2014 1375 2088 quadringentesimo
1389 2028 1449 2085 sep·

190 2126 362 2199 tuagesimo
386 2117 534 2182 octavo*

262 2298 275 2346 s
296 2226 430 2345 Origgnale
449 2226 476 2274 in
495 2225 649 2282 membrana,
670 2224 785 2288 sigillum
803 2226 875 2273 deest
903 2225 935 2272 In
954 2223 1022 2275 archi
1041 2238 1099 2274 ven.
1118 2223 1188 2287 capit
1215 2222 1448 2286 tignuarium

191 2306 242 2350 ant.
273 2312 322 2347 asc.
347 2309 355 2344 1
379 2312 441 2348 .nr.
463 2308 504 2360 73.

296 2422 407 2470 *Anno
444 2431 517 2484 1573,
547 2420 611 2468 seria
637 2427 709 2467 sexta
737 2419 853 2483 proxima
878 2427 936 2484 post
955 2427 1057 2469 octavas
1077 2419 1139 2468 sesti
1159 2418 1328 2468 sacratissimi
1346 2416 1450 2482 corporis

192 2511 290 2561 Christi
310 2510 350 2559 his
370 2509 533 2558 libertatibus
552 2515 689 2570 sequentes
708 2509 869 2558 conditiones
888 2525 902 2558 a
921 2508 1034 2573 capitulo
1053 2508 1156 2557 additae
1177 2514 1256 2556 sunt:
1274 2508 1370 2566 Primo,
1387 2503 1449 2569 quod

191 2617 237 2666 pro
257 2600 374 2649 custodia
401 2597 507 2646 firmiori
534 2597 560 2646 in
580 2597 695 2646 inferiori
721 2603 794 2660 porta
813 2597 963 2646 munitionis
982 2604 1084 2646 nostrae
1105 2612 1180 2644 ureae
1199 2595 1351 2660 capitularis
1368 2607 1450 2642 versus

192 2688 296 2738 fluvium
316 2687 502 2736 hlecluednicza
521 2686 677 2735 transeundo
696 2687 761 2735 duos
780 2687 915 2750 portarios,
934 2687 962 2735 in
986 2685 1112 2750 superiori
1137 2692 1223 2734 autem
1247 2700 1339 2734 versus
1356 2685 1450 2733 Novam

191 2776 278 2825 villam
298 2785 411 2825 nostram
430 2775 593 2823 ascendendo
612 2790 698 2831 unum,
718 2790 783 2837 quos
802 2775 918 2840 nosipsi
937 2774 1077 2838 eligemus:
1096 2781 1174 2839 prout
1192 2782 1281 2825 autern
1295 2775 1346 2840 ipsi
1357 2770 1451 2823 incolae

191 2881 248 2914 curn
268 2866 364 2913 eisdem
385 2865 604 2915 concordaverint.
624 2865 755 2912 annuatim
774 2864 935 2928 persolvent;
955 2873 1069 2930 tempore
1093 2870 1179 2913 autern
1206 2879 1323 2912 summae
1348 2861 1451 2912 necessi·

190 2955 249 3002 tatis
275 2970 353 3017 penes
381 2954 452 3017 ipsos
476 2953 602 3017 portarios
621 2951 665 3001 alii
685 2953 762 3001 etiarn
781 2953 967 3002 inhabitatores
986 2955 1069 3002 dictae
1087 2961 1190 3002 nostrae
1208 2969 1283 3002 areae
1303 2968 1349 3018 pro
1367 2950 1452 3016 vigilia

190 3049 215 3089 et
245 3043 390 3090 municione
415 3057 444 3089 ac
471 3042 553 3103 portis
578 3042 753 3091 custodiendis
779 3043 870 3090 armati
897 3050 948 3091 tam
972 3043 1004 3090 de
1029 3042 1072 3090 die
1096 3057 1172 3104 quam
1196 3041 1230 3089 de
1252 3048 1329 3090 nocte
1351 3040 1453 3097 tamdiu,

189 3131 270 3177 donec
289 3145 393 3177 necesse
413 3129 491 3177 suerit
504 3137 528 3176 et
546 3138 648 3178 nostrae
662 3129 785 3194 placuerit
804 3130 931 3180 voluntati
949 3132 1039 3179 adesse
1054 3129 1193 3182 debebunt.
1213 3131 1255 3179 De
1267 3129 1454 3179 contributione

189 3226 274 3265 autem
293 3218 429 3265 solutionis
456 3219 627 3281 portariorum
652 3220 778 3268 dictorum
802 3220 871 3269 hunc
889 3221 1005 3270 ordinem
1023 3220 1158 3269 observare
1176 3219 1310 3270 volumus:
1329 3220 1408 3283 idque
1425 3233 1454 3266 ex

188 3306 298 3366 coquin
318 3306 415 3354 subditi
435 3307 538 3368 quidam
559 3309 640 3356 nostri
660 3310 687 3356 in
704 3309 833 3358 territorio
851 3309 975 3359 ecclesiae
1001 3309 1165 3358 beatissimae
1183 3308 1293 3372 virginis
1313 3309 1412 3358 Mariae
1429 3307 1455 3356 in

188 3409 248 3440 area
266 3401 353 3440 nostra
372 3403 396 3442 et
416 3396 559 3443 munitione
579 3397 713 3460 capitulari
731 3399 852 3447 fundatae
871 3400 1002 3462 degentes,
1018 3398 1165 3463 praeposito
1179 3398 1233 3446 sive
1247 3397 1361 3463 plebano
1373 3398 1455 3446 dictae

191 3479 314 3527 ccclesiae
334 3498 379 3544 pro
399 3488 514 3546 tempore
534 3486 682 3542 constituto,
696 3495 779 3535 eertos
799 3496 939 3551 proventus
959 3487 1081 3537 annuales
1100 3487 1209 3551 majores
1222 3493 1248 3535 et
1262 3485 1322 3551 plus
1335 3488 1363 3536 in
1375 3486 1455 3552 duplo

193 3568 234 3614 vel
253 3568 330 3615 etiarn
351 3568 428 3632 triplo
448 3572 577 3620 iaciendas
598 3575 658 3622 ciant
679 3591 756 3638 quarn
774 3576 818 3625 alii
838 3578 934 3627 subditi
954 3585 980 3626 et
997 3576 1098 3626 incolae
1122 3576 1173 3625 vici
1198 3576 1280 3625 nostri
1306 3576 1455 3641 Opatouina

187 3654 297 3711 solvunt,
316 3658 479 3716 quodamodo
498 3662 561 3708 etin
577 3673 707 3725 posterum
727 3666 843 3729 singulus
862 3683 893 3714 ex
912 3666 1004 3715 incolis
1022 3664 1145 3713 ecclesiae
1164 3664 1331 3714 beatissimae
1349 3665 1456 3729 virginis

186 3744 285 3791 blaciae
310 3743 428 3792 similiter
447 3754 471 3793 et
492 3749 709 3801 inhabitatoribus
728 3755 849 3804 domuum
867 3755 1091 3819 prebendariarurn
1109 3762 1136 3803 et
1154 3753 1311 3814 altariorum,
1331 3770 1408 3813 nunc,
1428 3760 1456 3804 ut

186 3832 338 3896 premissum
357 3840 404 3887 est,
424 3833 522 3883 clericis
543 3841 686 3889 vacantium
706 3852 822 3908 respectu
842 3844 1038 3893 inhabitationis
1057 3844 1120 3892 dicti
1138 3844 1189 3892 vici
1201 3844 1283 3893 nostri
1296 3844 1455 3909 Oputouina,

184 3921 349 3968 medietatem
368 3922 565 3973 contributiouis
586 3943 632 3990 pro
651 3931 829 3993 persolvendis
845 3934 921 3982 dictis
940 3933 1060 3998 portariis
1079 3933 1217 3996 quotannis
1230 3934 1406 3993 contribuunt,
1419 3935 1457 3984 ita

185 4009 314 4066 videlicet,
340 4017 366 4057 ut
395 4011 415 4058 si
445 4010 539 4074 aliquis
567 4032 597 4061 ex
626 4018 681 4080 ipsa
707 4022 854 4085 Opatouina
872 4023 972 4071 dicatus
991 4023 1068 4071 tuerit
1086 4023 1118 4071 ad
1137 4021 1256 4071 denarios
1274 4023 1456 4086 quadraginta,

185 4108 303 4164 respectu
322 4099 377 4147 eius
396 4098 481 4147 incola
499 4101 622 4151 ecclesiae
643 4107 732 4156 heatae
751 4111 858 4174 virginis
872 4112 971 4162 Mariae
989 4119 1015 4160 et
1027 4111 1185 4160 inhabitator
1202 4110 1294 4160 domus
1308 4112 1456 4178 prebendae

184 4187 225 4236 vel
253 4187 358 4236 altariae
386 4188 558 4243 medietatem.
587 4190 635 4239 hoc
663 4204 701 4243 est
729 4198 849 4247 denarios
873 4199 965 4263 viginti
994 4199 1083 4257 solvat,
1111 4207 1137 4248 et
1162 4199 1200 4248 sic
1218 4215 1265 4265 per
1282 4215 1453 4264 consequeus

184 4277 312 4341 Quodque
332 4277 388 4340 ipsa
406 4277 562 4325 contributio
581 4283 698 4331 annualis
714 4287 796 4348 judici
816 4288 886 4338 illius
906 4290 966 4338 anni
986 4290 1018 4338 ad
1037 4305 1127 4339 manus
1145 4290 1267 4347 tradatur,
1283 4291 1330 4353 qui
1343 4290 1454 4353 singulis

183 4366 256 4416 aunis
275 4374 300 4414 et
320 4374 433 4429 tempore
453 4371 478 4413 et
497 4366 547 4421 die,
568 4382 619 4429 quo
638 4369 702 4420 alter
722 4375 826 4439 eligitur
846 4377 885 4425 vel
906 4386 992 4427 autem
1011 4379 1080 4428 idem
1099 4378 1264 4428 confirmatur
1282 4394 1370 4430 corani
1388 4381 1455 4445 ipsis

184 4455 295 4505 subditis
314 4456 409 4506 nostris
429 4455 460 4502 de
481 4457 589 4519 pecunia
606 4459 663 4522 ipsa
681 4464 806 4513 rationem
826 4466 886 4514 dare
905 4474 1029 4519 teneatur.
1050 4470 1085 4517 Et
1105 4468 1127 4517 si
1146 4469 1210 4532 quid
1229 4469 1262 4517 de
1281 4468 1339 4533 ipsa
1357 4469 1455 4520 contri·

181 4545 289 4594 batione
308 4545 470 4608 superfuerit,
489 4544 516 4592 id
535 4546 600 4594 alter
615 4548 693 4612 judex
714 4567 758 4616 pro
778 4556 863 4604 sutura
881 4557 1036 4605 necessitate
1054 4557 1166 4607 fideliter
1183 4564 1304 4623 exponat.
1323 4559 1455 4625 Tempore

181 4642 276 4693 autem,
305 4650 357 4698 qno
386 4633 543 4683 contributio
571 4637 628 4700 ipsa
653 4641 800 4705 imponetur
817 4660 895 4692 unum
915 4644 955 4693 vel
976 4646 1041 4695 dnos
1059 4662 1091 4694 en
1108 4646 1231 4696 iratribus
1247 4647 1344 4697 nostris
1362 4662 1455 4699 conca-

181 4724 281 4773 uouicis
300 4724 328 4773 in
347 4725 424 4772 domo
443 4723 487 4772 ubi
507 4724 661 4788 imponetur,
681 4745 712 4778 ne
731 4732 843 4795 cuipiam
862 4749 893 4781 ex
912 4733 1130 4784 inhabitatoribus
1148 4735 1233 4785 dictae
1257 4752 1334 4786 areae
1353 4744 1380 4787 et
1399 4754 1454 4788 mu·

180 4813 287 4861 nitionis
297 4821 399 4861 nostrae
410 4813 503 4875 injuria
513 4813 644 4874 inferatur,
656 4820 745 4867 adesse
759 4821 884 4873 volumus.
899 4823 1031 4872 Portarios
1043 4830 1129 4872 autem
1140 4825 1213 4889 ipsos
1226 4831 1324 4875 statuto
1337 4834 1456 4893 “uapore

181 4909 206 4950 et
222 4900 306 4951 solitis
321 4902 435 4950 terminis
447 4902 527 4965 judex
541 4919 599 4953 cum
611 4906 703 4970 juratis
713 4908 859 4972 persolvere
873 4909 1011 4962 tenebitur.
1025 4911 1087 4962 Act.
1098 4927 1153 4977 cap.
1167 4920 1221 4962 ant.
1235 4912 1299 4968 fasc.
1315 4926 1358 4980 17.
1370 4932 1409 4968 nr.
1419 4929 1455 4983 74
