3278 5348
628 115 701 176 Doc.
723 111 795 191 256.
819 149 862 159 -
887 115 942 173 An.
965 111 1056 193 1467·

198 332 389 391 formacione
413 334 510 391 tocius
533 337 631 390 status
652 331 805 390 clericalis
829 347 884 389 sue
899 329 1039 403 dyocesis
1055 330 1243 389 destinasset.
1266 330 1383 388 Tamen
1399 331 1466 404 ipse

195 439 386 497 reverendus
418 446 523 513 pater,
559 438 704 496 dominus
733 444 763 496 ct
794 438 933 510 prelatus
962 445 1067 495 noster
1097 436 1272 512 predictus,
1306 442 1466 510 assumpta

196 545 335 628 quadarn
358 546 519 604 occasione
550 561 583 603 se
613 561 632 603 a
654 543 775 620 prefata
798 553 903 601 sancta
925 543 1045 616 syuodo
1068 543 1260 613 absentandi,
1283 559 1339 617 per
1361 544 1466 617 ipsum

195 651 292 710 modo
316 652 456 726 predicto
480 652 626 722 instituta,
650 666 712 708 non
736 650 878 708 doctores
902 649 955 707 sed
979 649 1165 717 seductores,
1188 665 1249 707 non
1273 650 1388 707 tirones
1411 649 1465 706 sed

195 763 324 832 tyranos
340 760 372 816 in
391 758 612 832 villipendium
629 774 664 815 ac
680 758 914 831 oppressionem
932 757 1030 814 tocius
1050 756 1126 814 cleri
1149 757 1180 813 in
1205 755 1344 813 medium
1368 757 1464 813 nostri

195 864 372 937 destinavit,
396 866 536 938 egregios
559 864 706 922 videlicet
722 868 752 922 et
767 864 889 921 nobiles
906 866 998 933 viros,
1015 864 1041 920 si
1058 862 1118 921 dici
1135 869 1308 920 merentur:
1335 862 1459 919 Petrum

196 971 235 1029 de
258 970 435 1042 Gwdowcz,
451 971 603 1029 vicarium
619 971 835 1044 temporalem,
851 969 1033 1027 Ladislaum
1049 969 1087 1026 de
1112 968 1245 1039 Greben‚
1271 970 1464 1040 vicebanum,

195 1076 384 1150 Gregorium
409 1076 447 1134 de
470 1076 667 1146 Fodorowcz‚
692 1077 883 1134 Anthonium
907 1076 1063 1148 Kopyncz,
1094 1075 1220 1132 Petrum
1248 1074 1287 1133 de
1311 1075 1464 1147 Bykzhad,

193 1183 296 1267 Jauiro
320 1182 358 1240 de
382 1181 561 1255 Miketyncz,
595 1181 765 1254 Georgium
790 1182 889 1253 Briga,
914 1183 1127 1239 Hermannum
1151 1182 1190 1239 de
1213 1181 1328 1239 Chawa
1352 1189 1381 1239 et
1405 1181 1464 1240 Ge·

195 1291 320 1362 orgium
346 1288 468 1347 Susicza
492 1305 563 1346 cum
588 1289 728 1362 ipsorum
754 1288 969 1361 complicibus.
994 1287 1202 1345 familiaribus
1225 1288 1370 1347 videlicet
1393 1290 1464 1346 suis.

195 1395 341 1468 Cumque
364 1411 420 1452 nos
443 1395 578 1452 universi
603 1401 633 1452 et
655 1395 769 1466 singuli
794 1395 919 1468 plebani
945 1401 974 1451 et
998 1394 1051 1451 alii
1068 1394 1241 1453 beneficiati
1258 1394 1388 1467 predicti
1407 1410 1463 1467 pro

194 1501 358 1579 audiendis
390 1501 585 1558 sermonibus
615 1507 645 1558 et
676 1501 745 1558 aliis
767 1499 997 1558 erudicionibus
1021 1501 1200 1558 salubribus
1222 1473 1409 1573 accipiendis
1433 1501 1463 1557 in

195 1608 327 1665 ecclesia
351 1606 525 1666 kathedrali
550 1608 646 1665 sancti
671 1607 753 1678 regis
776 1606 926 1680 Stephani
949 1607 1063 1664 reclusi
1086 1606 1261 1677 fuissemus,
1280 1623 1318 1664 ne
1335 1607 1463 1679 laycalis

194 1714 344 1772 severitas
375 1715 406 1771 in
438 1719 650 1786 contemptum
677 1713 752 1770 cleri
775 1729 831 1770 nos
856 1713 950 1769 modo
974 1714 1126 1785 premisso
1150 1719 1354 1785 congregatos
1378 1715 1462 1770 inva-

194 1821 303 1889 sisset;
327 1825 357 1876 et
380 1818 509 1893 quidam
533 1819 683 1876 satellites
706 1819 856 1892 nepharii,
880 1818 1049 1877 familiares
1080 1819 1225 1877 videlicet
1251 1818 1462 1892 predictorum

192 1927 358 1995 nobilium,
394 1927 597 2000 ipsorumque
632 1926 781 1994 conservi,
816 1927 901 1983 iussu
937 1932 1029 1998 atque
1066 1926 1221 1996 mandam,
1250 1925 1289 1983 ad
1323 1926 1462 1998 hospicia

193 2039 299 2089 nostra
324 2033 460 2106 propria,
485 2032 658 2089 temeritate
676 2033 843 2103 irruissent,
860 2041 890 2090 et
906 2032 1023 2089 ibidem
1041 2033 1072 2089 in
1089 2032 1234 2090 domibus
1251 2033 1461 2105 hospiciorum

192 2144 371 2195 nostrorum
395 2139 471 2195 seris
495 2137 668 2209 confractis,
691 2154 740 2195 res
763 2147 793 2196 ct
818 2139 898 2195 hona
914 2145 1017 2196 nostra
1035 2141 1219 2211 recepissent
1236 2145 1265 2196 et
1282 2144 1463 2211 receperunt

193 2251 223 2302 et
247 2260 311 2317 quo
333 2246 477 2317 ipsorum
503 2246 674 2318 perniciose
700 2246 853 2304 voluntati
878 2246 1053 2318 placuisset,
1079 2247 1301 2303 convertissent
1331 2251 1360 2302 et
1390 2258 1462 2302 con·

194 2356 354 2408 verterunt
370 2350 400 2407 in
418 2350 624 2424 preiudicium
641 2357 670 2408 et
687 2351 858 2425 dampnum
881 2360 1020 2409 nostrum
1038 2357 1068 2408 et
1084 2351 1217 2408 dedecus
1229 2336 1459 2424 gravissimum.

192 2454 375 2513 Sacerdotes
399 2462 572 2531 propterea,
596 2458 650 2530 qui
674 2474 706 2514 se
728 2459 768 2515 ab
793 2458 971 2515 huiusmodi
994 2457 1126 2515 sinodali
1151 2459 1391 2530 congregacione
1407 2459 1461 2515 ab·

191 2567 372 2629 sentassent,
396 2569 567 2635 querentes,
592 2570 715 2621 etcum
739 2581 800 2622 non
824 2565 1021 2631 invenissent,
1046 2564 1123 2620 duos
1148 2565 1268 2634 saltem,
1293 2581 1388 2621 unum
1414 2581 1460 2620 ec·
1486 2546 1491 2553 ⁵

190 2668 286 2726 clesie
310 2668 498 2741 parochialis
521 2670 729 2741 zagrabiensis
751 2670 981 2744 cappellanum,
1005 2672 1057 2743 qui
1080 2685 1137 2743 pro
1161 2669 1321 2727 audiendis
1345 2669 1461 2727 confes·

189 2774 330 2832 sionibus
347 2773 385 2830 ad
403 2774 563 2832 infirmum
579 2776 873 2833 communicandum
890 2792 961 2833 cum
985 2781 1178 2833 sacramento
1191 2777 1344 2846 exivisset,
1362 2775 1459 2833 divini

190 2880 378 2937 sacramenti
401 2880 562 2949 irreveriti‚
587 2880 849 2955 sacerdotalisque
873 2882 1029 2954 dignitatis
1061 2883 1268 2952 immemores,
1292 2883 1397 2955 ipsum
1420 2882 1459 2939 ad

190 2986 392 3044 villissimam
419 2986 562 3056 tunicam,
588 2988 671 3044 libro
687 2989 844 3058 breviarii,
862 2989 999 3062 pecuniis
1016 2995 1046 3045 et
1063 2989 1133 3045 aliis
1150 2990 1242 3045 rebus
1259 2989 1338 3046 circa
1356 2989 1459 3062 ipsum

189 3093 331 3165 repertis,
362 3092 552 3166 spoliarunt;
583 3094 752 3151 secundum
786 3110 859 3152 vero
893 3095 1093 3165 sacerdotem,
1126 3096 1178 3167 qui
1211 3101 1282 3153 tunc
1313 3109 1460 3167 magnam

189 3198 319 3255 missam
350 3198 528 3269 celebravit,
562 3199 637 3256 dum
671 3215 727 3274 pro
757 3202 936 3259 necessitate
968 3203 1102 3259 naturali
1133 3207 1257 3275 peracta
1281 3203 1374 3259 missa
1398 3203 1461 3260 cxi·

189 3304 295 3374 visset,
327 3304 472 3362 similiter
504 3306 740 3379 captivaverunt
769 3315 799 3365 et
829 3309 1020 3380 spoliarunt;
1052 3325 1163 3382 resque
1194 3310 1234 3365 ah
1265 3310 1308 3366 eis
1338 3310 1460 3366 ablatas

189 3410 323 3467 retinent
345 3408 447 3468 adhuc
470 3409 509 3468 de
532 3414 675 3485 presenti.
707 3414 838 3471 Etcum
871 3415 955 3473 iuxta
989 3416 1243 3473 consvetudinem
1276 3416 1395 3472 diucius
1426 3417 1457 3473 in

187 3515 372 3575 huiusmodi
397 3517 611 3576 celebracione
641 3520 776 3578 sinodali
798 3522 997 3579 observatam
1020 3521 1059 3578 ad
1082 3522 1311 3578 accusacionem
1336 3522 1459 3578 testium

186 3623 382 3682 sinodalium
405 3623 580 3682 sacerdotes
603 3631 633 3683 et
656 3627 709 3684 alii
734 3627 838 3685 clerici
861 3629 946 3685 iuxta
970 3642 1077 3684 eorum
1103 3627 1212 3683 merita
1235 3635 1267 3683 ut
1291 3628 1459 3699 repremia·

187 3736 296 3788 rentur
328 3737 357 3788 et
388 3730 548 3801 demerita,
580 3740 614 3788 ut
645 3735 881 3805 corrigerentur,
913 3733 1198 3807 pronunciarentur,
1230 3732 1349 3790 iamfati
1388 3734 1459 3791 laici

187 3852 261 3894 cum
285 3837 349 3894 suis
372 3838 590 3910 complicibus,
614 3839 668 3911 qui
691 3839 729 3896 de
752 3841 973 3898 consvetudine
997 3840 1093 3897 eciam
1119 3838 1156 3895 de
1180 3839 1246 3896 iure
1269 3855 1307 3895 ne
1329 3839 1459 3896 crimina

187 3942 347 4000 clericalia
364 3943 439 4017 ipsis
463 3942 653 4016 patelierent,
678 3961 738 4003 non
763 3945 940 4004 debuissent
964 3948 1117 4015 interesse,
1141 3945 1239 4002 eciam
1264 3950 1370 4003 contra
1388 3961 1458 4020 pro·

187 4048 379 4106 hibicionem
412 4049 575 4107 reverendi
606 4050 636 4108 in
668 4051 792 4109 Christo
824 4053 922 4126 patris
953 4059 982 4110 et
1013 4051 1131 4108 domini
1162 4050 1318 4125 Stephani,
1349 4051 1399 4109 dei
1429 4058 1460 4109 et

187 4154 362 4228 apostolice
384 4155 466 4213 sedis
491 4157 595 4229 gracia
627 4159 766 4231 episcopi
798 4159 957 4230 geurensis
980 4166 1010 4216 et
1034 4159 1251 4231 gubernatoris
1273 4159 1404 4216 abbacie
1428 4159 1459 4216 in

184 4260 366 4336 Kapornak,
398 4261 512 4334 prefati
544 4262 662 4321 domini
694 4264 823 4323 Osualdi
855 4265 993 4338 episcopi
1024 4265 1055 4322 in
1088 4265 1320 4338 pontificalibus
1352 4266 1460 4324 vicarii

183 4368 343 4441 generalis
365 4383 401 4426 ac
425 4369 456 4426 in
479 4384 613 4441 persona
636 4370 733 4444 ipsius
757 4371 875 4429 domini
898 4370 1028 4428 Osualdi
1051 4372 1200 4445 episcopi,
1218 4371 1356 4430 eiusdem
1372 4388 1459 4431 sacre

185 4473 349 4547 synodalis
373 4476 624 4548 congregacionis
648 4476 841 4550 presidentis,
866 4479 1025 4550 tociusque
1048 4479 1237 4536 venerabilis
1260 4479 1389 4553 capituli
1411 4497 1459 4539 za·

181 4580 358 4656 grabiensis
388 4582 603 4656 prohibicione
634 4583 673 4641 de
705 4583 851 4644 mandato
880 4584 1052 4656 doctorum,
1077 4586 1264 4644 clericorum
1295 4594 1324 4645 et
1347 4587 1458 4664 pleba-
