3278 5348
521 435 589 494 Doc.
606 445 685 511 395.
709 468 750 478 -
775 436 948 512 An.1499.
1289 450 1348 504 5³1

88 653 139 710 vel
161 653 266 726 aliqua
290 669 329 711 ex
356 653 400 711 eis
435 667 471 710 eo
496 651 590 710 modo
614 667 676 725 quo
700 652 829 725 signavi,
853 651 959 724 aliqua
983 664 1074 708 causa
1097 650 1282 708 racionabili
1307 650 1352 707 in·

87 760 283 831 terveniente,
306 759 499 818 ordinariseu
535 757 657 831 disponi
695 773 757 815 non
780 763 914 831 possent,
951 763 1063 815 extunc
1100 758 1185 813 iuxta
1210 755 1353 815 discreci-

87 878 188 934 onem,
207 866 395 939 sapienciam
418 871 449 924 et
480 865 665 925 industriam
699 864 882 923 eorumdem
911 870 1112 923 executorum
1148 863 1351 937 disponantur

87 975 118 1028 et
139 970 322 1030 ordinentur
352 971 522 1030 secundum
550 971 634 1045 quod
665 971 778 1030 melius
802 970 960 1030 videbitur
984 985 1042 1045 pro
1073 969 1252 1028 condicione
1274 975 1353 1027 tem·

87 1077 173 1150 poris
205 1077 377 1137 dummodo
412 1077 451 1137 ad
486 1077 517 1136 id
551 1078 750 1153 propositum
785 1082 815 1135 et
839 1092 908 1136 earn
929 1077 1135 1135 intencionem
1158 1075 1351 1133 deducantur

88 1188 181 1256 prout
204 1182 361 1242 declarata
395 1191 479 1255 sunt;
513 1186 539 1243 si
571 1199 645 1243 vero
667 1184 874 1258 disposicione
898 1184 1003 1241 divina
1034 1184 1172 1255 aliquem
1197 1182 1351 1240 dictorum

92 1294 292 1347 executurum
315 1290 419 1349 medio
442 1297 583 1365 tempore
606 1306 645 1348 ex
663 1291 722 1348 hoc
736 1291 842 1348 seculo
865 1291 1000 1363 migrare
1017 1291 1215 1362 contingeret,
1240 1293 1353 1346 extunc

91 1394 145 1452 alii
180 1396 360 1470 superstites
399 1396 528 1455 illorum
563 1398 646 1455 vices
680 1403 879 1470 exequantur,
910 1397 1024 1469 quibus
1047 1395 1178 1468 singulis
1201 1395 1273 1468 lego
1296 1408 1354 1467 per

91 1498 156 1557 llor.
188 1502 423 1574 quinquaginta.
458 1502 588 1561 Tutores
611 1516 686 1559 vero
710 1507 740 1559 et
763 1501 939 1560 defensores
962 1502 1054 1559 huius
1086 1500 1149 1558 mei
1174 1499 1352 1558 testamenti

90 1605 173 1678 eligo
196 1611 227 1663 et
262 1606 372 1666 ordino
410 1607 686 1667 reverendissimos
720 1608 862 1665 dominos
886 1609 1048 1679 Thomam,
1080 1607 1352 1679 archiepiscopum

87 1712 323 1785 strigoniensem
347 1721 376 1772 et
411 1715 619 1786 Dominicum,
654 1715 834 1788 episcopum
869 1714 996 1772 ecclesie
1018 1711 1247 1783 waradinensis,
1277 1712 1352 1768 item

89 1817 274 1890 magnificos
297 1818 441 1878 dominos
475 1819 640 1878 Nicolaum
665 1819 762 1891 Banly
785 1828 979 1893 compatrem
1003 1834 1107 1877 meum
1131 1825 1161 1876 et
1184 1818 1289 1901 Josam
1313 1815 1352 1874 de

89 1922 163 1982 Som
189 1925 335 1983 comitem
367 1927 611 1997 themesiensem,
643 1941 722 2000 quos
745 1932 775 1983 et
799 1926 971 1998 quemlibet
995 1940 1103 1984 eorum
1128 1924 1260 1982 summis
1283 1937 1352 1996 pre·

87 2030 175 2087 cibus
198 2045 294 2089 exoro
317 2031 526 2104 devotissime,
551 2039 584 2090 ut
607 2034 685 2090 hanc
710 2047 811 2090 meam
832 2031 1061 2090 ordinacionem
1087 2031 1175 2101 tueri,
1187 2027 1352 2087 defendere

87 2142 118 2193 et
141 2142 340 2216 manutenere
363 2137 536 2210 dignentur.
553 2140 630 2196 Acta
647 2144 717 2195 sunt
741 2138 798 2195 hec
821 2139 852 2196 in
876 2139 1011 2212 pallacio
1035 2137 1208 2195 chasmensi
1242 2134 1351 2208 quinta

87 2240 207 2299 decima
230 2242 280 2299 die
303 2245 418 2301 mensis
451 2244 570 2319 aprilis,
601 2259 682 2302 anno
707 2242 825 2302 domini
852 2245 1020 2302 millesimo
1044 2241 1351 2317 quadringentesimo

85 2348 285 2421 nonagesimo
305 2362 395 2408 nono.
407 2349 471 2422 Ego
490 2349 648 2408 Osualdus
663 2351 827 2424 episcopus
839 2351 1046 2423 zagrabiensis
1057 2357 1111 2406 etc.
1129 2349 1188 2405 hoc
1204 2347 1352 2404 ultimum

86 2462 117 2512 et
147 2469 274 2527 presens
310 2460 528 2514 testamentum
563 2455 706 2514 ordinavi
737 2464 767 2514 et
798 2455 916 2514 conieci
954 2455 1049 2513 modo
1073 2454 1234 2529 premisso
1259 2451 1351 2511 Unde

85 2560 230 2634 supplico
264 2562 416 2619 maiestati
451 2563 535 2634 regie
567 2568 596 2621 et
627 2562 761 2621 dominis
785 2563 908 2634 devote,
933 2568 967 2620 ut
991 2564 1047 2620 hec
1070 2561 1176 2619 omnia
1200 2559 1351 2634 premissa

86 2681 145 2739 pro
175 2665 235 2723 deo
270 2674 300 2724 et
334 2668 473 2727 serviciis
504 2669 581 2728 meis
616 2668 781 2742 dignentur
805 2669 972 2726 observare
995 2676 1025 2725 et
1056 2673 1262 2725 manutenere.
1286 2666 1351 2722 Hec

85 2772 213 2846 propria
231 2787 323 2831 manu
338 2773 456 2848 scripsi.
473 2805 508 2815 —
536 2768 644 2854 (Scede
668 2792 743 2834 vero
766 2776 831 2833 sive
854 2781 937 2833 carte
960 2783 1048 2832 tenor
1064 2774 1202 2847 sequitur
1216 2773 1247 2831 in
1269 2773 1352 2830 hunc

84 2872 255 2956 modumz)
278 2880 355 2938 Item
369 2880 497 2939 domurn
512 2896 617 2940 meam
631 2882 804 2940 Budensem
828 2882 1008 2955 empticium
1031 2882 1062 2939 in
1086 2881 1189 2954 platea
1203 2879 1350 2937 Omnium

82 2991 261 3043 sanctorum
291 2986 440 3058 habitam,
471 2988 502 3046 in
533 2987 694 3062 quadum
720 2987 803 3045 Bude
827 2986 880 3058 lui,
904 2988 1054 3057 habitavi,
1079 2988 1150 3059 lego
1184 2985 1347 3059 Alphonso

85 3089 150 3148 Tuz
173 3096 204 3148 et
238 3089 355 3165 Sophie
378 3094 478 3152 sorori
512 3094 660 3165 eiusdem,
694 3094 774 3152 natis
797 3092 929 3151 condam
963 3092 1082 3150 domini
1104 3093 1255 3175 Johanuis
1278 3091 1352 3158 Tuz,

85 3194 192 3255 fratris
215 3199 284 3255 mei.
318 3199 473 3257 Osualdus
505 3202 669 3275 episcopus
698 3200 827 3258 ecclesie
856 3200 1071 3272 zagrabiensis,
1097 3213 1191 3256 manu
1214 3199 1351 3272 propria.

191 3334 215 3381 E
235 3340 394 3400 transumpto
413 3335 542 3386 vladislai
556 3338 623 3401 regis
642 3337 674 3385 de
693 3352 759 3386 anuo
782 3350 856 3400 1499·
878 3338 939 3387 Act.
960 3336 1024 3401 Cap.
1043 3343 1096 3389 aut.
1115 3338 1177 3388 fasc.
1196 3335 1237 3399 76.
1257 3350 1294 3386 ur.
1310 3347 1351 3399 33.

86 3451 117 3457 -
139 3420 245 3471 Farlali:
262 3421 327 3476 lllir.
346 3425 415 3476 Sacr.
434 3427 508 3474 Tom.
528 3427 562 3479 V.
581 3442 639 3490 pag.
659 3438 741 3491 509—
748 3438 806 3491 511.

666 3603 749 3669 395.

190 3717 270 3765 Auno
292 3729 366 3779 1499.
391 3728 429 3769 12.
449 3718 518 3766 maii.
538 3718 639 3768 Budae.

83 3818 112 3875 Α
144 3817 293 3876 Vladt'slao
322 3819 477 3892 Hrmgaric
499 3826 547 3879 etc.
569 3837 644 3891 rege,
671 3818 796 3877 Osuulttt'
827 3822 953 3893 epe'scupi
973 3821 1178 3893 aagrabtcnsis,
1196 3826 1343 3875 testamen-

464 3932 523 3981 tum
546 3926 628 3998 regio
648 3933 789 3999 potestate
813 3928 945 3983 sancitur

786 4047 940 4095 Commissio
960 4047 1063 4111 propria
1081 4046 1179 4095 domiui
1199 4045 1274 4109 regis.

190 4173 253 4233 Nos
287 4175 479 4234 wladislaus
514 4175 563 4234 dei
595 4177 698 4249 gracia
722 4192 776 4234 rex
799 4177 958 4249 Hungarie
981 4182 1010 4234 et
1034 4176 1180 4235 Bohemie
1203 4184 1258 4233 etc.
1283 4175 1345 4231 Me·

82 4280 181 4338 morie
214 4281 469 4340 commendamus
503 4289 608 4340 tenore
641 4283 834 4355 presencium
858 4282 1065 4355 significantes
1088 4283 1202 4355 quibus
1224 4280 1350 4354 expedit

79 4386 247 4445 universis:
282 4386 365 4461 quod
399 4386 509 4446 fideles
542 4388 640 4446 nostri
671 4388 864 4446 venerabiles
904 4389 1059 4471 Johannes
1099 4388 1284 4462 goriczensis
1318 4393 1348 4444 et

81 4491 227 4551 Nicolaus
263 4492 302 4551 de
340 4494 465 4566 Waska,
500 4494 707 4553 archidiaconi
750 4500 780 4552 et
803 4495 941 4552 canonici
975 4495 1197 4568 zagrabienses,
1230 4507 1349 4551 necnon

79 4597 217 4656 Thomas
238 4606 345 4659 cantor
369 4606 400 4659 et
422 4603 586 4661 canonicus
618 4601 808 4660 chasmensis
839 4602 1041 4659 ecclesiarum
1064 4608 1093 4660 et
1115 4600 1258 4674 egregius
1293 4599 1348 4682 Jo-

78 4704 198 4763 hannes
230 4706 422 4780 Keglewych
453 4709 545 4766 castri
575 4707 730 4768 interioris
763 4708 1014 4780 Hrazthowycza,
1046 4707 1214 4767 maiestatis
1245 4710 1349 4764 nostre

78 4809 236 4869 venientes
252 4812 284 4869 in
306 4814 509 4886 presenciam,
533 4814 711 4872 nominibus
735 4819 764 4871 et
790 4814 821 4870 in
845 4813 984 4887 personis
1001 4813 1143 4898 fidelium
1166 4819 1345 4872 nostrorum

79 4915 309 4977 venerabilium
339 4918 462 4978 Andree
486 4919 683 4979 decretorum
707 4918 844 4978 doctoris
867 4917 1066 4991 kathedralis,
1086 4918 1237 5004 Johanuis
1260 4916 1343 4993 gori-
