3278 5348
613 402 687 460 Dec.
710 416 765 481 49.
789 437 830 448 -
856 402 913 464 Aa
936 416 1024 484 1427.
1412 413 1449 472 61

182 617 349 690 magistros
366 616 548 675 Ladtslaum
572 616 610 675 de
632 617 766 690 Dauoth,
800 620 950 679 Mathiam
972 621 1011 680 de
1034 619 1176 695 Charma,
1207 625 1306 684 socios
1330 632 1360 684 et
1382 641 1453 684 con·

182 723 346 781 canonicos
369 728 491 781 nostros
514 724 607 781 statui
639 722 776 784 fecimus.
811 726 928 785 Datum
962 729 993 788 in
1030 730 1138 802 vigilia
1173 731 1256 790 beati
1291 732 1453 792 Laurencii

181 829 327 886 martiris.
352 829 442 886 Anno
466 828 585 887 domini
607 830 778 889 millesimo
802 832 1108 906 quadringentesimo
1131 837 1284 909 vigesimo
1307 839 1451 912 septimo.

283 964 309 1013 E
328 964 406 1013 visita
424 965 547 1014 canonica
564 965 786 1017 archidiaconatus
814 967 969 1018 cathedralis
997 969 1029 1018 de
1054 985 1122 1020 anno
1152 982 1226 1034 1741.
1252 972 1284 1020 In
1304 971 1373 1024 arch.
1393 989 1451 1025 ven.

181 1053 352 1103 cancellariae
369 1053 537 1103 dioecesanae
556 1069 616 1119 pag.
635 1056 816 1117 1008-1009.

788 1250 851 1317 49.

287 1392 370 1442 Anno
391 1404 466 1456 1427,
485 1403 527 1455 24.
546 1391 663 1456 Augusti
690 1390 838 1454 Zagrabiae.

182 1520 332 1595 lohannes
365 1521 508 1594 episcopus
542 1519 744 1593 zagrabiensr's,
775 1518 809 1576 de
837 1516 1010 1576 Eberhardo
1040 1519 1180 1579 decessore
1204 1524 1256 1600 pio
1291 1526 1449 1599 exemplum

181 1629 302 1702 capiens,
326 1628 444 1705 collegio
458 1625 738 1700 praebendariorum
753 1642 867 1682 mensae
888 1626 1055 1699 episcopalis
1076 1626 1214 1687 decimam
1237 1630 1302 1686 viai
1314 1631 1450 1705 frumen-

694 1733 771 1805 tique
792 1730 865 1788 dono
887 1730 946 1788 dat.

290 1877 355 1935 Nos
377 1877 534 1961 Johannes
568 1875 619 1933 <lei
653 1882 683 1932 et
717 1875 888 1950 apostolice
918 1876 1000 1935 sedis
1029 1878 1134 1949 gracia
1156 1879 1322 1953 episcopus
1345 1895 1451 1955 ragra-

185 1984 310 2055 biensis,
333 1985 413 2042 sacri
435 1983 558 2042 romani
581 1982 706 2056 imperii
729 1986 761 2039 et
783 1982 867 2056 regie
895 1984 1065 2042 maiestatis
1095 1985 1255 2058 Hungarie
1286 2002 1451 2061 sumpmus

185 2091 397 2150 cancellarius.
420 2088 572 2146 Memorie
595 2085 851 2145 commendamus
875 2102 932 2161 per
948 2094 1114 2162 presentes,
1132 2093 1237 2147 tenore
1255 2093 1452 2164 presencium

184 2197 401 2272 significantes,
431 2196 546 2269 quibus
577 2194 704 2269 expedit
734 2194 896 2267 universis,
921 2195 1006 2268 quod
1029 2195 1154 2254 discreti
1178 2202 1208 2254 et
1229 2196 1361 2255 ‘honesti
1390 2199 1452 2256 viri

183 2304 301 2364 domini
326 2303 464 2361 universi
486 2300 686 2377 prebendarii
709 2300 837 2359 ecclesie
860 2307 964 2358 nostre
997 2303 1205 2375 zagrabiensis
1229 2302 1375 2376 predicte,
1398 2318 1452 2361 no·

182 2416 278 2470 stram
302 2409 483 2469 accedentes
505 2409 537 2467 in
559 2407 762 2482 presenciam,
785 2406 876 2464 nobis
899 2407 1011 2465 humili
1035 2423 1105 2464 cum
1137 2408 1285 2466 instancia
1309 2408 1452 2482 detegere

183 2522 328 2576 curarunt
351 2532 388 2575 eo
411 2516 522 2576 modo:
546 2514 706 2590 quomodo
729 2514 866 2572 universi
888 2513 1123 2588 predecessores
1154 2516 1292 2589 episcopi
1324 2523 1354 2573 et
1377 2532 1450 2590 pre-

182 2624 288 2683 sertim
311 2628 453 2697 tempore
477 2623 596 2681 domini
618 2619 801 2691 Eberhardi‚
826 2620 930 2679 fratris
954 2621 1050 2678 nostri
1073 2621 1255 2692 charissimi,
1280 2620 1379 2679 felicis
1402 2639 1450 2680 re·

183 2730 382 2801 cordacionis,
406 2728 542 2788 decimas
566 2727 604 2785 de
627 2727 758 2800 singulis
781 2727 879 2785 vineis
902 2727 1045 2800 ipsorum
1068 2742 1103 2784 ac
1124 2727 1215 2784 terris
1247 2728 1385 2801 propriis
1409 2728 1448 2787 ad

182 2837 322 2912 ipsorum
347 2835 491 2894 videlicet
514 2832 688 2908 prebendas
712 2833 750 2891 de
775 2831 842 2909 jure
865 2838 895 2890 et
917 2833 959 2889 ab
989 2834 1117 2906 antiquo
1152 2834 1380 2906 pertinentibus
1416 2841 1446 2893 et

182 2943 393 3018 spectantibus
416 2940 644 3015 proveniendas
660 2954 788 3014 prorsus
812 2944 843 2996 et
858 2955 915 3013 per
936 2939 1040 2997 omnia
1062 2939 1139 3013 ipsis
1163 2938 1322 2998 duxissent
1344 2942 1449 2999 remit·

183 3049 289 3108 tendas
312 3056 344 3106 et
366 3047 551 3106 relaxandas
574 3047 616 3104 ob
640 3047 699 3104 hoc
723 3045 876 3117 videlicet,
897 3045 982 3118 quod
998 3046 1163 3103 memorati
1180 3045 1299 3104 domini
1315 3047 1447 3119 preben-

183 3155 260 3213 darii
282 3154 323 3212 ad
347 3154 474 3213 laudem
498 3157 529 3211 et
551 3154 701 3211 honorem
727 3152 826 3210 divini
849 3153 992 3220 numinis,
1015 3152 1145 3224 virginis
1175 3151 1399 3224 gloriosissime
1416 3158 1446 3211 et

182 3264 278 3320 tocius
303 3261 425 3318 celestis
448 3260 531 3318 curie
555 3260 685 3333 singulis
707 3274 861 3317 annorum
884 3259 1047 3317 curriculis
1075 3259 1204 3316 missam
1219 3258 1352 3316 solemni
1376 3274 1448 3316 cum

183 3366 351 3426 devocione
372 3367 503 3440 singulis
526 3364 612 3424 feriis
635 3366 752 3439 quartis
776 3366 807 3424 in
831 3365 972 3438 qualibet
1006 3364 1186 3423 ebdomada
1222 3364 1261 3422 ad
1298 3365 1450 3422 honorem

183 3475 277 3533 sancti
301 3472 422 3531 Nicoiai
445 3473 584 3547 episcopi
607 3478 637 3530 et
653 3470 838 3530 confessoris
854 3470 1060 3542 decantarent,
1080 3487 1175 3545 super
1192 3471 1313 3544 hiisque
1329 3471 1448 3529 litteras

183 3582 337 3654 graciosas
359 3579 457 3652 ipsius
479 3577 612 3636 condam
636 3577 754 3636 domini
776 3576 951 3635 Eberhardi
974 3577 1122 3651 episcopi,
1140 3576 1246 3634 fratris
1264 3578 1362 3636 nostri
1378 3577 1448 3634 cha·

183 3687 305 3757 rissimi,
330 3685 420 3743 nobis
444 3685 474 3742 in
498 3686 602 3759 specie
625 3683 839 3758 produxerunt
874 3689 904 3740 et
939 3689 1204 3757 presentaverunt,
1235 3684 1448 3757 supplicantes

182 3793 271 3851 nobis
296 3806 388 3866 prece
410 3791 591 3861 subiectiva,
615 3796 649 3848 ut
671 3804 727 3847 nos
751 3791 903 3864 premissa
926 3789 1128 3863 dignaremur
1151 3806 1207 3863 per
1230 3790 1315 3864 ipsos
1339 3790 1448 3863 prede·

184 3914 320 3957 cessores
344 3903 465 3956 nostros
488 3898 652 3971 episcopos
675 3897 753 3970 ipsis
777 3896 992 3970 prebendariis
1016 3911 1160 3954 concessa
1184 3901 1214 3953 et
1236 3894 1352 3953 donata
1383 3901 1449 3954 rata

183 4005 297 4065 habere
321 4010 415 4077 atque
437 4009 533 4077 grata.
559 4004 620 4061 Nos
643 4003 739 4076 igitur
761 4009 918 4062 cernentes
942 4009 971 4060 et
995 4004 1025 4060 in
1049 4004 1186 4061 archano
1209 4004 1321 4061 mentis
1346 4007 1449 4061 nostre

183 4110 290 4171 sedula
321 4110 525 4169 meditacione
558 4115 722 4185 pensantes
757 4111 899 4183 ipsorum
934 4109 1133 4168 dominorum
1165 4108 1446 4183 prebendariorum

183 4217 428 4291 postulacionem
450 4221 479 4274 et
502 4217 687 4290 peticionem
710 4215 823 4273 iustam
849 4220 942 4290 atque
965 4217 1081 4274 racioni
1103 4232 1274 4290 congruam
1306 4215 1373 4274 fore
1395 4229 1448 4285 ag·

183 4328 341 4383 noscentes
362 4329 392 4381 et
415 4322 546 4381 eandem
571 4322 711 4381 nolentes
734 4321 903 4395 infringere
933 4323 1074 4396 ipsorum
1107 4323 1363 4398 predecessorum
1394 4333 1447 4375 no·

182 4435 317 4489 strorum
340 4429 535 4487 sanccionem
558 4427 597 4488 ad
620 4428 747 4487 laudem
771 4429 918 4487 creatoris
933 4429 1074 4487 omniurn
1091 4428 1215 4498 iactam,
1233 4427 1328 4484 talem
1345 4424 1447 4497 gracie

183 4536 414 4610 prerogativam
437 4533 556 4595 eisdem
580 4534 726 4593 duximus
751 4533 933 4607 faciendam,
957 4535 1055 4593 immo
1087 4534 1218 4593 facimus
1249 4530 1447 4607 presencium

182 4656 237 4715 per
259 4642 412 4716 vigorem,
436 4638 520 4716 quod
544 4640 584 4699 de
606 4641 737 4714 singulis
759 4641 859 4699 vineis
881 4641 1022 4715 ipsorum
1054 4656 1089 4699 ac
1120 4640 1210 4699 terris
1241 4637 1377 4712 propriis
1407 4635 1447 4693 ad

181 4748 322 4823 ipsorum
345 4746 522 4822 prebendas
544 4746 755 4822 spectantibus
778 4752 808 4806 et
832 4748 1058 4822 pertinentibus
1088 4762 1106 4804 a
1138 4747 1283 4821 primevo
1307 4749 1448 4816 tempore

183 4868 283 4930 usque
298 4853 425 4913 felicem
441 4853 565 4913 obitum
580 4854 679 4928 ipsius
695 4853 827 4912 condam
841 4853 961 4913 domini
975 4852 1150 4912 Eberhardi
1172 4850 1320 4926 episcopi,
1344 4848 1448 4908 fratris
