3278 5348
188 427 247 481 272
612 410 684 467 Doc.
709 423 776 466 212.
799 442 842 451 -
866 409 921 466 An.
948 421 1030 485 1459

1052 515 1137 520 .-—--
1156 514 1241 520 .---—-
1258 514 1445 521 ——-—.—-

185 626 266 683 bona
290 627 387 699 ipsius
407 625 535 683 ecclesie
559 626 735 684 conservari
760 626 851 682 solita
868 630 964 695 erant,
979 625 1010 681 in
1035 623 1115 681 dicta
1139 624 1266 681 civitate
1289 624 1447 681 constituta

183 738 213 790 et
237 732 351 800 habita,
382 746 418 788 ac
452 733 483 788 in
507 732 620 804 quibus
645 746 703 805 pro
727 747 806 788 nunc
830 731 1003 800 castellum,
1025 730 1069 787 uti
1093 729 1215 801 dieitur,
1240 728 1280 787 de
1305 728 1448 787 mandato

184 842 214 895 et
243 838 372 911 speciali
399 838 617 895 commissione
647 836 786 895 eiusdem
811 837 984 894 serenitatis
1007 841 1109 894 vestre
1132 836 1384 906 construuntur,
1413 834 1447 892 de

183 944 371 1017 benignitate
386 943 470 1015 regia
486 944 605 1000 restitui
623 942 722 1000 facere
738 949 830 1015 atque
853 943 1047 1001 committere
1070 941 1230 1014 dignetur;
1254 955 1314 1014 pro
1340 941 1448 1014 quibus

184 1051 281 1108 eciam
294 1050 425 1108 illustris
437 1048 581 1107 dominus
593 1049 739 1107 Nicolaus
755 1067 808 1106 rex
827 1049 933 1119 Boane,
947 1055 1107 1122 totumque
1123 1047 1263 1106 eiusdem
1279 1048 1448 1106 serenitatis

183 1163 284 1214 vestre
308 1153 469 1213 Selauonie
494 1171 622 1228 regnum
648 1157 714 1214 sive
737 1156 802 1214 eius
822 1155 964 1228 indigene
986 1156 1116 1226 nobiles,
1130 1156 1291 1213 communi
1307 1154 1449 1212 svadente

182 1261 311 1338 J'usticia,
327 1261 437 1320 diebus
460 1270 529 1321 ante
547 1263 700 1336 preteritis
716 1264 887 1321 clarissime
903 1262 1140 1337 descripserunt.
1164 1260 1196 1319 Si
1215 1267 1322 1319 autem
1344 1275 1449 1336 prend

183 1369 238 1426 tati
253 1369 336 1426 cives
360 1367 480 1441 aliquid
501 1366 578 1442 juris
601 1376 631 1426 et
655 1370 853 1443 proprietatis
884 1370 914 1427 in
945 1368 1034 1426 dictis
1066 1367 1315 1443 possessionibus
1337 1368 1448 1425 babere

183 1474 376 1548 pretendunt,
401 1474 431 1531 id
456 1476 522 1532 iure
538 1481 568 1532 et
589 1474 808 1533 consvetudine
830 1474 916 1547 regni
934 1482 1039 1533 contra
1055 1474 1139 1532 idem
1155 1474 1332 1548 capitulum
1349 1488 1449 1548 prose·

183 1587 325 1653 quantur.

289 1717 422 1780 Originale
440 1715 466 1767 in
486 1717 583 1768 charta.
611 1719 643 1766 In
661 1717 757 1768 archiv.
777 1733 834 1768 ven.
854 1718 938 1783 Capit.
958 1717 1138 1782 zagrubiensis.
1159 1716 1222 1765 Act.
1242 1730 1298 1780 cap.
1319 1721 1370 1764 ant.
1389 1714 1447 1764 saue.

187 1816 226 1855 ro.
246 1820 283 1855 nr.
304 1818 328 1866 4.

780 1983 858 2049 212.

291 2126 371 2172 Anno
394 2136 467 2190 1459,
488 2137 511 2176 2,
531 2125 629 2190 aprilis.
651 2127 799 2190 Zagrabiae.

186 2252 214 2306 A
239 2252 363 2324 capetulo
394 2253 511 2324 zagrab.
532 2256 728 2310 canonum'tari
748 2256 872 2312 civitatis
896 2254 1024 2310 traditur
1052 2251 1201 2324 emptor
1220 2251 1357 2323 epistolae
1377 2249 1448 2321 regis

187 2356 322 2413 Mathe'ac
344 2358 374 2412 in
397 2377 455 2430 qua
479 2361 592 2415 civitati
613 2361 743 2427 strandat,
768 2369 803 2417 rit
824 2362 969 2430 ‹rdzttsseilct
995 2378 1029 2415 ne
1050 2359 1176 2414 hanzines
1198 2356 1327 2430 tnalcficr'
1340 2353 1447 2413 clamic-

687 2468 761 2523 stine
783 2468 950 2538 t'ntntigrent.

292 2607 354 2664 Nos
389 2609 562 2681 capitulum
593 2611 720 2668 ecclesie
753 2612 969 2682 zagrabiensis.
1006 2609 1154 2667 ,liemorie
1190 2605 1445 2665 commendamus

186 2729 241 2785 per
265 2724 429 2785 presentes,
454 2716 537 2787 quod
560 2717 724 2797 Johannes,
743 2718 825 2774 filius
850 2718 939 2785 Petri,
963 2716 1057 2792 judex
1083 2716 1218 2773 civitatis
1243 2714 1359 2771 montis
1374 2711 1446 2767 Gre-

185 2821 282 2875 censis
307 2822 335 2876 in
360 2837 413 2877 sua
438 2837 473 2876 ac
498 2825 713 2880 universorum
732 2825 856 2894 civium,
882 2825 1041 2896 tociusque
1064 2821 1296 2880 communitatis
1313 2817 1447 2877 eiusdem

185 2926 317 2982 civitatis
350 2928 461 2983 montis
493 2928 654 2985 Greeensis
685 2932 825 3003 personis
858 2930 896 2986 ad
929 2938 1066 2987 nostram
1100 2929 1225 2985 veniens
1258 2925 1448 3000 presenciam

185 3032 323 3088 exhibuit
348 3041 377 3088 et
402 3036 590 3104 presentavit
613 3037 703 3092 nobis
722 3036 873 3108 quasdam
892 3037 1010 3093 litteras
1035 3033 1223 3091 serenissimi
1248 3031 1399 3105 principis
1421 3032 1448 3083 et

185 3136 311 3205 domini,
345 3137 461 3194 domini
496 3141 618 3210 ilathie,
642 3142 690 3198 dei
712 3145 816 3213 gracia
840 3144 920 3215 regis
945 3143 1111 3214 ilungarie,
1136 3140 1307 3209 Dalmacie,
1324 3137 1448 3195 Croacie

185 3250 240 3298 ete.
264 3243 381 3300 domini
405 3246 500 3301 nostri
526 3249 675 3303 naturalis
700 3249 759 3304 sub
776 3250 916 3306 annulari
933 3250 1037 3321 sigillo
1054 3265 1107 3306 sue
1125 3247 1294 3305 maiestatis
1311 3250 1448 3318 patenter

185 3348 346 3418 confectas
378 3352 490 3407 tenoris
524 3351 719 3426 infrascripti,
752 3362 858 3426 petens
890 3370 945 3412 nos
967 3371 1022 3411 suo
1054 3362 1084 3410 et
1115 3351 1303 3421 nominibus,
1337 3349 1448 3423 quibus

184 3469 295 3525 supra,
320 3464 353 3512 ut
385 3456 508 3512 easdem
542 3457 661 3514 litteras
692 3459 730 3515 de
760 3461 857 3518 verbo
880 3460 919 3517 ad
944 3462 1076 3518 verbum
1100 3459 1287 3518 transummi
1318 3464 1349 3514 et
1370 3463 1449 3513 tran·

184 3561 286 3628 scribi,
311 3576 346 3616 ac
371 3563 480 3618 litteris
504 3565 616 3620 nostris
639 3566 783 3622 similiter
807 3567 984 3639 patentibus
1008 3568 1100 3624 inseri
1125 3566 1281 3633 facientes,
1312 3571 1448 3621 tenorem

184 3673 213 3721 et
238 3675 467 3740 transumptum
493 3670 672 3727 earumdem
697 3673 757 3728 sibi
781 3679 810 3729 et
834 3673 911 3741 aliis,
944 3673 1057 3745 quibus
1080 3688 1185 3745 supra,
1209 3670 1448 3728 concederemus

183 3770 221 3826 ad
247 3773 408 3829 cautelam.
433 3774 572 3844 Quarum
590 3784 675 3832 tenor
699 3778 769 3834 talis
786 3786 847 3835 est:
873 3773 957 3856 (vide
982 3779 1056 3835 Doc.
1085 3794 1153 3836 aoa.
1177 3792 1258 3834 anno
1286 3775 1378 3850 1458.
1403 3772 1446 3832 16.

184 3878 308 3952 martii).
343 3880 405 3936 Nos
437 3882 540 3952 itaque
565 3883 723 3953 premissis
747 3882 835 3958 justis
859 3893 889 3941 et
912 3883 1133 3959 jurisconsonis
1155 3883 1365 3958 peticionibus
1381 3895 1446 3955 pre

184 3981 239 4039 fati
270 3984 417 4063 Johannis
449 3984 560 4058 judicis
593 3990 680 4044 nobis
714 4005 769 4046 suo
802 3998 831 4047 et
865 3992 1052 4062 nominibus,
1089 3990 1203 4064 quibus
1225 4003 1333 4063 supra,
1356 3984 1446 4045 modo

185 4090 348 4161 prehabito
373 4093 531 4161 porrectis,
566 4100 739 4166 annuentes,
772 4098 926 4169 predictas
948 4099 1066 4155 litteras
1092 4098 1190 4171 ipsius
1214 4095 1335 4153 domini
1352 4091 1446 4152 nostri

183 4196 264 4266 regis
289 4194 326 4251 de
351 4197 447 4252 verbo
472 4197 659 4254 adverbum
685 4201 802 4274 absque
826 4204 1035 4261 diminucione
1058 4212 1110 4260 aut
1133 4208 1301 4275 augmento
1318 4197 1446 4273 aliquali

182 4303 365 4357 transummi
397 4310 425 4358 et
458 4304 619 4360 transcribi
644 4320 678 4360 ac
704 4311 897 4378 presentibus
921 4311 1031 4368 litteris
1055 4310 1152 4367 nostri
1175 4309 1268 4366 inseri
1292 4305 1444 4372 facientes

183 4412 318 4462 tenorem
344 4416 373 4464 et
396 4416 623 4482 transumptum
650 4414 828 4471 earumdem
854 4418 1047 4488 presentibus
1071 4417 1259 4474 verbotenus
1287 4416 1446 4483 insertum,

182 4510 282 4567 eidem
304 4513 437 4593 Johanni
459 4513 555 4587 judici
579 4521 609 4572 et
639 4517 716 4585 aliis,
741 4521 854 4592 quibus
885 4539 988 4595 supra,
1003 4523 1148 4580 duximus
1174 4519 1386 4579 concedendas
1408 4515 1443 4574 ad

182 4618 343 4677 cautelam.
374 4622 489 4678 Datum
523 4621 599 4679 feria
630 4625 762 4682 secunda
798 4630 942 4700 proxima
972 4638 1043 4704 post
1074 4636 1199 4688 octavas
1231 4627 1334 4686 Pasce.
1358 4629 1446 4684 Anno

181 4720 297 4781 domini
323 4727 490 4784 millesimo
515 4728 823 4801 quadringentesimo
848 4737 1109 4809 quinquagesimo
1133 4751 1221 4795 nono.

287 4863 419 4924 Originale
439 4867 464 4914 in
484 4867 580 4917 charta.
601 4869 627 4915 A
648 4877 720 4930 tergo
740 4870 876 4933 vestigium
895 4873 982 4936 sigilli.
1002 4875 1034 4920 In
1053 4875 1121 4927 arch.
1141 4875 1187 4928 lib.
1207 4893 1260 4943 reg.
1279 4881 1329 4932 civ.
1347 4878 1445 4943 angnia
