3278 5348
192 412 230 470 82
620 410 692 469 Dec.
717 404 769 467 68.
793 443 835 453 -
859 410 914 467 An.
939 424 1028 487 1433.

189 625 319 685 dicendo
343 626 387 684 eis
410 626 545 699 publice,
569 625 651 699 quod
676 626 701 683 si
724 641 811 684 secus
834 624 978 695 facerent,
1002 632 1115 685 extunc
1137 628 1197 702 ipsi
1219 626 1339 684 vellent
1370 626 1449 700 ipsas

191 733 295 806 fruges
317 748 409 790 manu
434 738 552 790 armata
582 733 622 789 ab
655 733 731 807 ipsis
760 733 897 806 recipere
928 739 958 788 et
990 732 1093 806 ipsum
1125 733 1319 791 territorium
1350 739 1451 790 contra

189 838 365 914 predictum
388 838 561 912 capitulum
585 838 753 908 defensare,
776 838 884 914 plures
907 838 1008 896 minas
1032 838 1148 897 eisdem
1165 838 1300 896 dominis
1317 837 1357 896 de
1372 837 1453 896 dicto

188 945 325 1019 capitulo
340 944 457 1003 ibidem
474 946 664 1018 inponentes.
680 944 818 1002 Tandem
835 947 976 1019 sequenti
988 944 1047 1017 die,
1064 945 1209 1004 videlicet
1227 946 1258 1003 iu
1271 944 1352 1003 testo
1363 945 1451 1003 beate

189 1051 384 1123 Margarethe
400 1051 529 1123 virginis
546 1059 575 1108 et
592 1051 737 1121 martiris,
754 1051 898 1109 similiter
914 1051 1024 1109 eodem
1042 1066 1131 1123 aune,
1155 1067 1216 1125 qua
1240 1051 1291 1109 die
1309 1050 1455 1110 videlicet

188 1158 218 1215 in
235 1158 302 1230 ipsa
315 1158 440 1214 civitate
456 1155 559 1215 forum
575 1157 708 1214 annuale
724 1173 778 1214 seu
796 1158 931 1215 nundine
948 1173 1019 1215 cum
1037 1158 1128 1216 certis
1144 1157 1328 1215 libertatum
1349 1172 1455 1232 prero-

188 1264 330 1335 gativisa
347 1262 400 1320 diu
417 1263 570 1321 celebrari
593 1264 832 1333 consuevissent,
848 1264 925 1320 hora
941 1278 1153 1337 vesperarum,
1167 1262 1243 1320 dum
1258 1263 1320 1337 ipsi
1336 1262 1456 1323 domini

188 1368 226 1425 de
242 1368 324 1426 dicto
348 1368 486 1442 capitulo
509 1385 579 1425 cum
604 1370 687 1427 clero
703 1370 801 1443 ipsius
815 1370 943 1428 ecclesie
958 1371 1171 1445 vespertinum
1187 1369 1330 1428 officium
1346 1370 1455 1429 decan·

188 1481 310 1546 tassent,
335 1475 465 1548 predicti
487 1476 571 1533 cives
595 1482 624 1532 et
647 1476 786 1549 hospites
810 1482 840 1533 et
863 1477 1019 1549 signanter
1039 1478 1081 1534 'in
1113 1476 1218 1550 platea
1249 1482 1393 1535 sutorum
1425 1479 1456 1535 in

187 1582 338 1640 suburbio
362 1581 442 1639 dicte
464 1583 597 1641 civitatis
622 1588 858 1654 commorantes,
883 1582 1063 1641 coadunatis
1086 1584 1147 1641 sibi
1170 1583 1331 1641 nonnullis
1355 1584 1456 1642 homi·

187 1689 278 1746 nibus
301 1689 516 1759 servientibus,
540 1690 594 1761 qui
616 1688 655 1745 ad
680 1687 859 1746 huiusmodi
871 1688 1024 1746 nundinas
1040 1706 1094 1747 seu
1111 1689 1212 1746 forum
1231 1689 1365 1747 annuale
1386 1692 1455 1763 ipso

187 1793 237 1851 die
260 1794 330 1852 festi
353 1795 441 1853 beate
465 1796 658 1867 Margarethe
682 1795 811 1867 virginis
835 1795 865 1852 in
890 1794 971 1852 dicta
994 1797 1120 1853 civitate
1152 1795 1307 1853 celebrari
1338 1795 1455 1877 solitas,

187 1900 315 1958 fuissent
345 1902 537 1973 congregati,
570 1917 607 1957 ex
647 1906 850 1974 preconcepta
881 1916 899 1958 a
931 1901 984 1959 diu
1015 1910 1121 1959 contra
1153 1902 1316 1959 ecclesiam
1350 1918 1456 1975 zagra·

188 2008 326 2064 biensem
349 2021 384 2063 ac
407 2007 579 2080 capitulum
611 2013 640 2064 et
672 2006 791 2064 clerum
823 2007 961 2064 eiusdem
994 2008 1121 2066 ecclesie
1151 2008 1289 2065 rancoris
1321 2008 1456 2080 malicia,

187 2114 330 2170 manibus
353 2114 481 2171 armatis
503 2118 534 2170 et
558 2114 742 2186 potenciaris
765 2113 804 2170 ad
822 2112 997 2186 predictum
1020 2115 1195 2187 capitulum
1218 2122 1327 2172 contra
1360 2116 1455 2173 liber·

187 2226 263 2275 tates
286 2234 402 2296 eorum,
419 2224 450 2276 et
472 2225 572 2277 cetera
594 2225 686 2293 pacta
709 2221 793 2292 pacis
817 2228 846 2275 et
869 2219 1032 2277 concordie
1056 2220 1254 2293 interipsum
1279 2221 1455 2294 capitulum

188 2332 216 2382 et
240 2326 331 2396 cives,
357 2325 551 2398 temporibus
575 2324 627 2381 diu
652 2325 812 2381 retroactis
835 2325 931 2382 innita
955 2331 985 2383 et
1001 2325 1090 2395 facta,
1108 2326 1323 2399 vigorosisque
1342 2327 1454 2385 litteris

186 2432 244 2489 sub
268 2431 359 2488 certis
384 2432 470 2504 penis
494 2432 524 2488 in
549 2431 666 2488 eisdem
690 2432 844 2505 expressis
869 2431 1000 2502 firmata,
1025 2448 1081 2505 per
1104 2433 1188 2505 ipsos
1210 2434 1294 2490 cives
1317 2431 1382 2508 jam
1410 2451 1455 2492 se·

188 2539 257 2610 pius
282 2545 312 2594 et
343 2539 500 2609 signanter
531 2545 671 2611 tempore
702 2538 925 2595 combustionis
958 2537 1123 2595 domorum
1155 2539 1385 2596 canonicalium
1417 2540 1455 2598 de

186 2644 269 2700 dicto
293 2644 430 2716 capitulo
455 2660 510 2717 per
534 2645 658 2701 eosdem
683 2645 766 2701 cives
791 2644 914 2717 pridem
939 2643 1026 2714 lacte,
1043 2659 1119 2701 ausu
1133 2645 1309 2715 temerario,
1335 2646 1455 2704 violen-

186 2757 277 2823 taque
301 2765 394 2807 manu
417 2751 572 2808 hostiliter
588 2749 810 2821 descendendo,
836 2751 998 2822 curiasque
1024 2757 1053 2806 et
1069 2749 1179 2807 domos
1196 2751 1382 2809 eorumdem
1406 2768 1455 2810 ca·

185 2857 366 2913 nonicorum
391 2863 420 2912 et
443 2857 599 2928 signanter
622 2856 821 2914 dominorum
844 2855 981 2914 Ladislai
1004 2856 1042 2913 de
1066 2857 1208 2928 Dawoth,
1236 2857 1379 2931 predicti,
1402 2859 1454 2941 Jo-

185 2962 292 3019 hannis
309 2960 445 3019 Farkasii
469 2961 678 3019 archidiaconi
702 2960 740 3018 de
757 2961 867 3032 Bexen,
890 2964 1030 3034 magistri
1048 2963 1208 3021 Michaelis
1223 2963 1360 3022 doctoris
1377 2967 1453 3023 artis

185 3069 335 3125 medicine
357 3076 387 3126 et
409 3069 557 3150 Johannis
581 3070 715 3125 cantoris
750 3068 888 3125 eiusdem
920 3070 1047 3127 ecclesie
1080 3070 1245 3127 inmaniter
1274 3071 1454 3130 invadendo

184 3182 213 3229 et
237 3174 440 3231 subintrando
464 3190 609 3247 serasque
633 3182 662 3232 et
687 3176 854 3245 clausuras,
878 3191 1017 3233 necnon
1042 3176 1141 3233 hostia
1165 3175 1334 3234 domorum
1357 3185 1387 3235 et
1405 3195 1453 3236 ce·

184 3280 335 3338 lariorum
359 3281 596 3354 confrangendo,
621 3283 815 3353 lectisternia,
841 3282 1016 3354 pulvinaria
1040 3296 1076 3338 ao
1100 3281 1217 3339 laridos
1239 3288 1271 3340 et
1303 3298 1398 3357 panes
1424 3291 1453 3342 et

184 3386 266 3442 bona
290 3387 320 3444 in
344 3388 461 3444 eisdem
497 3388 643 3445 domibus
679 3404 787 3445 eorum
823 3394 960 3461 repertas
987 3394 1015 3445 et
1047 3388 1172 3445 inventa
1203 3387 1391 3447 auferrendo
1423 3397 1453 3448 et

184 3492 387 3566 asportando;
411 3493 489 3550 duos
513 3494 680 3551 familiares
705 3496 844 3566 magistri
860 3495 968 3576 Jacobi
986 3493 1023 3550 de
1040 3493 1191 3552 Zerdahel
1209 3494 1372 3554 uidelicet:
1389 3498 1453 3554 hia·

184 3596 290 3670 thyam
315 3604 344 3655 et
364 3598 559 3670 Gregorium‚
576 3602 649 3656 item
675 3609 808 3672 quatuor
825 3600 993 3657 familiares
1020 3601 1159 3672 magistri
1176 3600 1297 3659 Nicolai
1315 3603 1451 3673 Almani,

184 3705 316 3761 scilieet:
341 3704 465 3775 Lucam,
488 3704 691 3779 Stephanum,
714 3707 843 3763 Paulum
869 3714 898 3762 et
923 3707 1056 3777 Petrum,
1077 3707 1151 3763 item
1167 3707 1243 3788 Jaxe
1259 3707 1452 3767 familiarem

183 3810 301 3867 domini
325 3811 445 3867 Thome
469 3812 618 3883 prepositi
642 3812 772 3870 ecclesie
796 3814 987 3884 hachyensis,
1012 3814 1230 3869 canonicorum
1259 3814 1390 3872 ecclesie
1405 3831 1453 3873 za·

183 3916 362 3987 grabiensis,
376 3917 525 3988 gravibus
538 3919 719 3987 sagittarum
733 3912 871 3995 (ictibus)
885 3920 1019 3976 letaliter
1032 3919 1263 3988 vulnerassent;
1279 3927 1309 3977 et
1324 3920 1453 3992 Gyuralr

184 4022 326 4079 villicum
350 4022 468 4080 domini
501 4024 583 4079 Petri
607 4024 782 4081 dubicensis
806 4034 835 4081 et
866 4026 1060 4082 Demetrium
1083 4023 1283 4099 jobagionem
1307 4029 1453 4100 magistri

185 4128 310 4200 Georgii
334 4128 372 4185 de
398 4130 550 4199 hlaroeha‚
567 4130 711 4186 similiter
734 4132 951 4188 canonicorum
976 4130 1114 4188 eiusdem
1131 4131 1259 4188 ecclesie
1276 4133 1452 4192 miserabili

184 4250 257 4290 nece
271 4235 512 4304 interemissent;
527 4236 780 4308 Anthoniumque
793 4236 910 4294 dietum
924 4236 1062 4307 Chunek,
1075 4236 1273 4314 jobagionem
1287 4241 1454 4299 memorati

183 4340 299 4397 domini
318 4342 441 4413 Mathye
463 4344 611 4414 prepositi
636 4358 735 4415 prope
758 4344 854 4401 Ebres
878 4352 1132 4416 commorantem,
1150 4345 1227 4402 diris
1251 4351 1281 4402 et
1303 4346 1453 4404 letalibus

183 4448 295 4504 ictibus
317 4448 500 4519 sagittarum
524 4448 697 4505 affecissent
714 4460 743 4505 et
761 4466 816 4522 per
833 4450 1008 4522 predictum
1033 4452 1206 4523 capitulum
1230 4449 1391 4510 discursus
1410 4452 1453 4511 fa·

184 4552 302 4623 ciendo,
319 4554 477 4627 replicatis
494 4555 685 4612 clamoribus
701 4556 919 4614 vociferando:
943 4558 1125 4629 sacerdotes,
1142 4559 1317 4616 sacerdotes
1334 4560 1452 4618 interfi-

182 4660 249 4729 cite,
259 4659 365 4732 plures
378 4676 416 4717 ex
429 4661 504 4733 ipsis
516 4662 637 4718 civibus
649 4678 747 4734 usque
760 4663 799 4719 ad
813 4665 913 4735 ipsam
924 4666 1085 4722 ecclesiam
1099 4665 1313 4724 kathedralem
1325 4682 1452 4725 cuccur-

182 4766 292 4822 rissent
305 4771 333 4821 et
347 4767 497 4822 nonnulas
510 4767 636 4838 sagittas
653 4784 705 4824 seu
719 4769 797 4825 ictus
809 4771 991 4842 sagittarum
1004 4771 1035 4828 in
1048 4773 1149 4843 ipsam
1162 4772 1327 4830 ecclesiam
1342 4778 1373 4831 et
1387 4773 1453 4831 eius

181 4877 281 4929 turres
304 4887 339 4928 ac
363 4873 525 4945 quosdam·
540 4874 683 4932 dominos
706 4875 744 4932 de
768 4877 905 4949 capitulo
928 4877 1074 4951 predicto,
1091 4877 1145 4951 qui
1162 4878 1206 4936 ibi
1219 4877 1292 4950 iuge
1312 4879 1458 4953 presidio¹
