3278 5348
628 474 701 533 Dor.
724 470 797 532 282.
824 507 862 519 -
888 475 944 537 An.
968 489 1055 553 1473.
1403 495 1461 555 35¹

195 689 431 747 communitatis
460 695 571 764 aptum
600 695 631 748 et
660 695 864 763 preparatum
895 690 1081 762 tendentem,
1104 707 1177 749 cum
1200 691 1337 766 quodam
1359 695 1465 768 spacio

194 799 280 852 terre
302 794 422 853 ibidem
455 812 548 869 penes
573 798 673 871 ipsam
696 796 782 853 viam
805 811 1003 856 communem
1027 812 1046 855 a
1068 805 1163 890 parte
1180 798 1378 858 meridionali
1405 801 1465 859 sito

192 914 254 975 pro
285 901 376 958 horto
400 907 430 959 et
454 902 552 960 eciam
574 903 644 960 aliis
665 903 846 961 necessariis
869 904 967 977 ipsius
990 904 1114 963 Martini
1131 905 1259 965 litterati
1282 913 1365 981 apto,
1386 907 1466 965 inter

194 1006 331 1064 eandem
354 1008 440 1065 viam
463 1023 662 1066 communem
686 1007 724 1065 ad
750 1007 906 1081 prefatum
930 1009 1064 1082 gradum
1087 1012 1263 1070 tendentem
1286 1028 1304 1069 a
1327 1019 1465 1086 septem-

193 1112 296 1171 trione
319 1119 350 1171 et
373 1115 454 1172 inter
478 1114 654 1189 predictum
679 1113 810 1172 fundum
834 1115 974 1189 ipsarum
996 1116 1159 1175 Elisabeth
1182 1124 1211 1175 et
1228 1119 1355 1190 Agnetis
1372 1119 1465 1177 muli·

193 1233 285 1276 erum
308 1220 350 1276 ab
373 1220 490 1278 oriente
514 1228 544 1278 et
567 1236 584 1278 a
609 1219 737 1278 meridie
760 1221 903 1278 habitum
920 1237 955 1278 ac
981 1223 1060 1280 inter
1084 1223 1259 1297 predictum
1276 1240 1401 1283 murum
1417 1224 1464 1298 ip·

191 1325 258 1382 sius
288 1333 392 1383 nostre
415 1327 645 1385 communitatis
669 1327 710 1383 ab
733 1325 892 1385 occidente
923 1329 1026 1399 situm,
1050 1330 1218 1402 habitoque
1248 1335 1278 1388 et
1300 1330 1462 1404 existente,

192 1431 361 1489 duodecim
385 1449 457 1490 cum
482 1433 585 1492 medio
609 1433 736 1492 brachia
767 1432 866 1491 ferrea
889 1439 920 1492 et
943 1451 1039 1492 unum
1063 1437 1205 1509 quartale
1227 1437 1317 1495 unius
1340 1437 1460 1496 brachii

193 1536 288 1595 ferrei
311 1539 344 1596 in
366 1539 568 1612 longitudine,
592 1546 622 1596 et
645 1541 677 1598 in
700 1538 863 1598 latitudine
879 1555 992 1598 novem
1017 1541 1144 1600 brachia
1167 1541 1266 1601 ferrea
1289 1559 1361 1601 cum
1378 1559 1456 1602 men·

193 1659 269 1701 sura
292 1644 323 1702 in
347 1660 380 1702 se
402 1646 584 1719 continente,
607 1645 759 1716 habitum,
782 1660 876 1702 unam
900 1646 1117 1705 tantummodo
1141 1654 1287 1720 quartam
1311 1649 1400 1707 curie
1423 1649 1462 1706 ad

192 1766 287 1807 usum
319 1751 452 1809 civitatis
484 1749 602 1825 prefate
630 1755 661 1809 in
692 1757 757 1808 toto
786 1751 819 1808 in
849 1767 882 1809 se
912 1753 1118 1810 continentem
1141 1758 1172 1812 et
1195 1755 1274 1812 inter
1304 1754 1462 1828 quendam
1526 1746 1530 1756 ”

191 1856 292 1912 alium
317 1855 458 1928 fundum,
490 1856 683 1930 domumque
711 1863 741 1913 et
764 1856 908 1915 hedificia
930 1873 1070 1916 necnon
1093 1860 1221 1918 hortum
1244 1860 1358 1933 prefati
1381 1862 1463 1919 Mar·

192 1961 251 2019 tini
273 1962 400 2021 litterati
431 1969 562 2035 aparte
596 1962 741 2021 videlicet
770 1964 1017 2036 septemtrionali
1040 1965 1184 2023 habitum
1215 1972 1245 2024 et
1272 1967 1462 2037 existentem,

192 2074 224 2125 et
248 2069 326 2126 inter
343 2068 481 2140 domum,
506 2067 701 2142 fundumque
724 2084 759 2127 ac
781 2068 926 2126 hedificia
948 2085 1079 2129 necnon
1103 2071 1229 2129 hortum
1253 2071 1379 2145 providi
1400 2073 1462 2132 viri

191 2174 343 2255 Johannis
374 2175 539 2245 sellatoris,
569 2174 714 2233 similiter
743 2175 919 2233 concivium
948 2181 1138 2251 nostrorum,
1163 2177 1306 2236 habitum
1329 2182 1360 2236 et
1382 2179 1461 2238 exis·

191 2284 319 2353 tentem,
343 2280 479 2338 mediam
511 2281 542 2337 in
574 2285 640 2338 toto
663 2282 783 2338 curiam
814 2280 853 2337 ad
883 2297 975 2339 usum
999 2281 1079 2340 dicte
1102 2283 1235 2340 civitatis
1258 2284 1290 2341 in
1312 2300 1344 2342 se
1366 2286 1462 2345 eonti-

191 2392 325 2450 nentem.
351 2402 444 2459 quem
475 2392 639 2444 annotatus
664 2387 813 2444 Martinus
837 2387 992 2445 litteratus
1015 2403 1073 2461 pro
1097 2404 1129 2446 se
1152 2394 1181 2446 et
1205 2389 1270 2446 suis
1293 2390 1460 2450 heredibus

189 2492 361 2549 literatorie
384 2491 520 2550 duxisset
537 2491 768 2562 reservandum,
786 2492 1015 2566 tenendumque
1041 2501 1071 2551 et
1088 2494 1328 2567 possidendum;
1355 2497 1460 2571 ipsum

191 2598 310 2656 scilicet
340 2599 508 2655 Martinum
539 2599 699 2656 literatum
729 2615 747 2656 a
771 2599 838 2657 viro
873 2598 1006 2656 condam
1029 2598 1162 2673 provido
1187 2604 1218 2658 et
1242 2601 1370 2660 honesto
1395 2619 1460 2661 ma·

191 2705 289 2776 gistro
313 2703 449 2777 Georgio
473 2705 602 2774 medico,
619 2705 696 2763 olim
720 2706 863 2763 similiter
880 2707 1006 2764 concive
1022 2712 1136 2772 nostrO,
1163 2705 1230 2764 filio
1249 2706 1460 2768 Bartholomei

192 2810 231 2868 de
251 2811 357 2883 Regi0,
374 2811 543 2885 empcionis
560 2811 651 2869 titulo
669 2812 838 2870 literatorie
861 2820 1038 2885 tangentem
1053 2820 1083 2870 et
1107 2820 1350 2887 concernentem,
1367 2823 1460 2889 prout

192 2916 305 2975 hocin
336 2916 471 2990 quadam
502 2917 604 2975 littera
633 2925 739 2974 nostra
773 2933 827 2976 seu
862 2919 995 2976 civitatis
1018 2918 1136 2991 pretate
1159 2920 1357 2993 privilegiali,
1382 2927 1459 2980 tem·

192 3039 269 3097 pore
291 3023 406 3097 prioris
422 3022 568 3081 videlicet
583 3022 737 3098 judicatus
755 3024 868 3097 prefati
884 3025 1040 3082 Valentini
1062 3022 1171 3099 judicis
1194 3027 1292 3083 nostri
1316 3027 1458 3087 moderni

191 3128 371 3202 supradicti,
395 3128 453 3186 filii
477 3129 655 3201 Mychaelis,
672 3128 711 3186 de
727 3145 806 3187 anno
823 3130 941 3187 domini
959 3131 1127 3188 millesimo
1151 3131 1456 3206 quadringentesimo

191 3236 383 3307 sexagesimo
413 3235 556 3306 secundo,
578 3235 709 3293 sabbato
739 3237 885 3309 proximo
910 3243 979 3309 post
1003 3235 1114 3293 festum
1140 3238 1348 3310 apparicionis
1376 3241 1458 3299 beati

191 3343 351 3399 Michaelis
373 3343 560 3414 archangeli,
584 3343 777 3415 aliquamdiu
802 3343 993 3416 preteritum,
1012 3358 1070 3416 pro
1094 3351 1182 3417 parte
1206 3345 1303 3418 ipsius
1330 3346 1456 3404 Martini

191 3448 307 3505 literati
327 3448 494 3521 superinde
517 3447 656 3505 confecta
680 3456 709 3508 et
733 3457 875 3506 emanata
898 3465 933 3506 ac
957 3465 1062 3506 coram
1088 3450 1177 3506 nobis
1200 3451 1232 3507 in
1254 3451 1357 3524 specie
1384 3468 1456 3526 pro-

190 3553 283 3611 ducta
306 3569 450 3627 expresse
480 3554 617 3612 vidimus
641 3556 799 3625 contineri,
822 3555 916 3612 simul
941 3570 1012 3612 cum
1035 3556 1183 3612 omnibus
1207 3557 1345 3614 eiusdem
1363 3560 1457 3616 turris

191 3675 247 3716 sue
270 3675 387 3716 necnon
412 3659 581 3717 fundorum
605 3675 641 3717 ac
657 3660 851 3719 edificiorum
875 3660 1088 3733 predictorum
1105 3662 1135 3718 in
1160 3662 1370 3720 vicinitatibus
1388 3678 1456 3736 pre·

189 3765 280 3823 dictis
303 3766 513 3835 existentibus,
537 3767 654 3824 cunctis
679 3767 875 3836 utilitatibus,
910 3763 1039 3840 juribus,
1075 3767 1191 3837 usibus,
1228 3767 1457 3840 integritatibus

188 3887 225 3928 ac
256 3871 523 3929 fructuositatibus
555 3879 586 3929 et
616 3872 813 3945 pertinenciis
844 3873 995 3929 universis
1027 3874 1163 3930 claustro
1192 3889 1244 3930 seu
1270 3876 1456 3933 monasterio

188 3978 317 4036 ecclesie
350 3979 439 4035 beate
469 3978 566 4035 hiarie
590 3994 714 4052 semper
747 3979 876 4050 virginis
899 3979 1035 4051 gloriose
1059 3978 1192 4036 fratrum
1226 3980 1457 4037 Heremitarum

187 4083 306 4142 ordinis
329 4085 411 4142 beati
436 4084 524 4142 Pauli
556 4085 651 4157 primi
683 4085 841 4142 Heremite
871 4085 902 4141 in
934 4085 1149 4156 promontorio
1172 4085 1364 4155 zagrabiensi
1385 4101 1456 4144 con·

188 4196 306 4247 structo
341 4196 370 4247 et
407 4189 535 4247 fundato
564 4197 594 4248 et
626 4205 683 4263 per
713 4205 903 4263 consequens
935 4190 1085 4248 fratribus
1118 4190 1285 4248 Heremitis
1316 4191 1456 4249 eiusdem

186 4295 305 4354 ordinis
329 4297 359 4353 in
382 4296 492 4354 eodem
525 4297 661 4354 claustro
685 4313 738 4354 seu
762 4297 948 4354 monasterio
973 4311 1030 4368 pro
1056 4305 1196 4369 tempore
1220 4296 1403 4370 degentibus
1425 4303 1456 4355 et

186 4401 368 4471 constitutis,
392 4409 425 4460 ut
449 4401 512 4477 jam
535 4403 624 4460 novis
648 4404 828 4460 concivibus
851 4403 973 4471 nostris,
990 4418 1025 4459 ac
1043 4408 1106 4459 toto
1129 4403 1293 4460 conventui
1316 4403 1454 4462 eiusdem

185 4507 313 4566 claustri
336 4524 389 4566 seu
421 4509 600 4566 monasterii
632 4508 759 4565 ecclesie
784 4509 872 4566 beate
896 4510 992 4566 Marie
1015 4509 1143 4580 virginis
1167 4508 1205 4566 de
1228 4510 1367 4583 predicto
1383 4526 1454 4583 pro·

186 4615 342 4672 montorio
373 4615 565 4688 zagrabiensi
597 4629 654 4688 pro
689 4615 801 4687 viginti
829 4622 899 4673 octo
930 4614 1053 4673 florenis
1084 4616 1152 4672 auri
1184 4631 1240 4688 per
1270 4616 1452 4687 religiosum

186 4720 292 4778 virum
316 4719 445 4779 fratrem
466 4719 660 4794 Stephanum
683 4721 880 4791 heremitam,
904 4721 1056 4779 vicarium
1080 4720 1219 4778 eiusdem
1242 4721 1371 4779 claustri
1397 4736 1451 4779 seu

183 4826 363 4885 monasterii
386 4827 515 4886 ecclesie
532 4828 620 4884 beate
644 4828 741 4886 Marie
758 4828 887 4900 virginis
911 4826 1043 4886 fratrum
1068 4828 1300 4886 Heremitarum
1316 4828 1355 4885 de
1376 4843 1445 4901 pre·

183 4930 267 4993 dicto
290 4934 506 5007 promontorio
529 4934 731 5007 zagrabiensi,
751 4933 853 4993 eidem
877 4935 1009 4994 Martino
1033 4936 1178 5008 litterat0,
1205 4942 1298 5011 prout
1322 4935 1453 5011 ipsemet
