3278 5348
183 392 243 450 216
599 388 671 446 Doc.
697 381 765 460 158.
789 418 831 427 —
854 383 910 442 An.
934 395 1021 460 1451.

181 607 278 680 ipsius
302 605 411 663 tributi
434 604 474 661 ab
498 604 615 661 eisdem
647 601 890 676 protestantibus
913 615 966 657 seu
1002 599 1125 658 civibus
1158 599 1295 658 civitatis
1328 598 1435 675 pretate

181 719 212 770 et
236 713 330 770 rebus
352 727 388 769 ac
408 712 498 769 bonis
520 711 661 784 ipsorum
684 707 907 782 quoquomodo
929 705 1019 765 iactis
1053 706 1105 765 vel
1140 705 1254 765 fiendis
1286 705 1437 781 prohibuit

180 824 210 876 et
234 817 391 876 interdixit
421 815 659 875 contradicendo
680 829 788 873 coram
811 814 911 885 nobis,
935 813 1112 871 testimonio
1139 818 1170 871 et
1192 813 1303 886 vigore
1323 828 1437 888 presen-

182 927 264 983 cium
288 924 453 982 mediante.
479 923 563 996 Quas
587 921 691 994 sigillo
715 921 830 994 egregii
854 919 989 993 Georgii,
1014 919 1073 978 filii
1104 917 1249 977 Farlrasii
1272 918 1312 977 de
1341 921 1438 989 Ebres,

181 1031 302 1088 comitis
325 1031 422 1087 nostri
445 1030 660 1102 zagrabiensis‚
677 1027 806 1085 fecimus
822 1027 1002 1099 consignari.
1025 1026 1141 1083 Datum
1157 1025 1310 1099 Zagrabie
1327 1025 1437 1083 decimo

180 1145 291 1195 octavo
314 1137 364 1194 die
387 1137 510 1194 termini
534 1134 696 1209 prenotati.
722 1135 812 1191 Anno
848 1132 967 1191 domini
1002 1131 1173 1189 millesimo
1209 1131 1437 1205 quadringente

181 1245 260 1301 simo
284 1243 541 1316 quinquagesimo
565 1241 675 1315 primo.

286 1359 418 1421 originale
436 1360 464 1407 in
482 1359 577 1409 charta.
597 1359 682 1420 Tergo
700 1357 852 1422 impressum
871 1364 909 1406 est
929 1357 1052 1421 sigillum.
1089 1360 1121 1407 In
1140 1357 1258 1408 archivio
1278 1374 1337 1409 ven.
1362 1356 1436 1422 Capit.

181 1431 359 1493 zagrabiensis.

776 1550 851 1617 158.

287 1678 367 1725 Anno
390 1689 463 1741 1451,
485 1677 525 1726 28.
546 1676 614 1726 maii.
635 1674 782 1738 Zagrabiae.

181 1786 332 1843 Mortibus
372 1786 476 1859 opsar
507 1786 733 1842 communitatem
767 1785 892 1844 ciuitatis
922 1788 1025 1845 montis
1061 1785 1216 1846 Grecensis
1238 1796 1299 1861 pro
1322 1788 1401 1845 domo
1419 1792 1444 1844 et

183 1876 273 1947 agris,
297 1894 366 1948 quos
388 1882 538 1947 empserat,
558 1871 613 1949 96.
636 1893 750 1932 ttrorccs
771 1874 958 1933 <terrariorum
981 1875 1038 1933 siti
1057 1877 1173 1934 solvisse
1196 1894 1294 1934 coram
1324 1876 1441 1951 capituto

609 1963 796 2036 zagrabiensi
808 1972 886 2037 prae
907 1983 937 2022 se
952 1965 1024 2040 sert.

288 2089 351 2146 Nos
374 2090 547 2163 capitulum
571 2092 699 2148 ecclesie
715 2091 930 2164 zagrabiensis.
953 2093 1102 2150 Memoris
1118 2092 1377 2151 commendamus
1392 2108 1444 2166 per

182 2204 347 2271 presentes,
365 2197 449 2269 quod
465 2199 615 2256 Martinus
632 2197 770 2272 Czypsar
786 2197 894 2267 dictus,
912 2213 970 2271 pro
985 2214 1066 2257 nunc
1082 2199 1339 2258 vicecastellanus
1358 2199 1445 2258 castri

181 2304 278 2361 sancti
302 2302 436 2375 Georgii,
459 2310 597 2360 nostram
621 2303 826 2376 personaliter
848 2304 975 2361 veniens
1006 2305 1037 2361 in
1068 2305 1260 2379 presenciam
1291 2304 1445 2364 confessus

182 2416 227 2468 est
250 2411 281 2467 in
304 2411 386 2467 hunc
408 2409 554 2466 modum:
578 2410 662 2482 quod
686 2411 760 2482 quia
782 2408 866 2467 idem
882 2409 1039 2483 quandam
1054 2409 1183 2469 domum
1200 2418 1358 2470 muratam
1377 2427 1445 2471 curu

182 2518 259 2574 turri
282 2517 382 2574 eidem
406 2515 571 2586 adiacente,
605 2515 638 2572 in
668 2515 792 2572 civitate
815 2517 929 2573 montis
951 2514 1113 2574 Grecensis
1136 2517 1289 2587 habitam,
1313 2533 1446 2576 unacum

182 2624 318 2695 quinque
351 2622 538 2680 sessionibus
579 2618 830 2696 jobagionalibus
865 2622 896 2678 in
930 2620 1110 2680 Grathchan
1153 2624 1382 2699 existentibus,
1412 2641 1446 2684 ac

182 2728 303 2785 duobus
328 2728 522 2798 molendinis,
543 2727 648 2798 vineis,
672 2727 825 2799 certisque
841 2728 932 2785 terris
949 2729 1123 2787 arabilibus
1147 2731 1239 2788 cultis
1262 2736 1292 2789 et
1315 2732 1446 2804 incultis

182 2834 287 2906 pratis,
312 2834 458 2892 fenilibus
480 2840 509 2892 et
533 2833 727 2907 quibuslibet
748 2833 818 2891 aliis
842 2834 1013 2892 utilitatum
1035 2835 1264 2909 integritatibus
1295 2842 1325 2896 et
1356 2839 1448 2913 perti·
1473 2821 1476 2825 ⁵

180 2942 295 2998 nenciis
317 2942 468 2998 universis
492 2940 531 2997 ad
554 2939 685 2997 domum
708 2945 738 2998 et
760 2940 873 2997 turrim
897 2940 1071 3014 predictam
1098 2941 1136 3000 de
1161 2941 1244 3002 iacto
1268 2950 1299 3003 et
1321 2944 1361 3003 de
1382 2945 1448 3021 jure

181 3048 390 3119 spectantibus
414 3057 443 3104 et
467 3048 620 3120 pertinere
643 3046 837 3118 debentibus,
854 3048 894 3104 ab
919 3047 1133 3106 illustrissimo
1157 3051 1299 3125 principe
1322 3050 1448 3110 domino

184 3153 301 3226 Vlrico,
325 3153 402 3211 Cilie
427 3161 481 3211 otc.
505 3154 617 3210 comite
640 3168 676 3209 ac
709 3153 795 3226 regni
819 3152 982 3211 Sclauonie
1006 3155 1097 3227 bano,
1128 3154 1256 3215 domino
1279 3172 1336 3215 suo
1359 3172 1448 3230 gene

183 3274 253 3317 roso
278 3274 335 3332 pro
359 3259 500 3317 fidelium
526 3260 731 3316 serviciorum
754 3274 882 3317 suorum
918 3261 1036 3318 meritis
1069 3261 1235 3321 habuisset
1266 3263 1449 3338 Domusque

182 3373 211 3424 et
234 3366 328 3423 turris
363 3365 502 3439 predicta
538 3381 609 3422 cum
645 3366 790 3423 omnibus
826 3367 889 3424 suis
924 3368 1149 3441 prenominatis
1172 3369 1370 3443 pertinenciis
1393 3386 1449 3445 per

180 3472 328 3547 providos
352 3480 381 3529 et
404 3473 644 3546 circumspectos
668 3472 760 3542 viros,
777 3473 860 3530 cives
883 3480 913 3531 et
935 3480 1033 3531 totam
1056 3475 1311 3535 communitatem
1327 3477 1444 3537 civium

182 3579 330 3653 prelibati
353 3579 467 3635 montis
487 3577 649 3636 Grecensis
673 3578 713 3634 ab
737 3578 847 3636 eodem
872 3580 1005 3639 Martino
1028 3579 1167 3655 Czypsar
1189 3597 1247 3656 pro
1281 3584 1449 3657 nonaginta

181 3702 235 3743 sex
259 3685 371 3742 marcis
396 3684 594 3742 denariorum
619 3685 850 3758 wiennensium,
874 3703 1013 3745 marcam
1047 3704 1103 3761 per
1132 3687 1280 3746 ducentos
1307 3689 1448 3750 denarios

183 3791 404 3866 computando,
428 3790 589 3865 redempta
625 3791 732 3849 fuisset
766 3799 795 3851 et
830 3799 990 3865 remutata,
1016 3795 1146 3868 ipsaque
1181 3796 1313 3869 pecunia
1348 3797 1449 3856 eidem

182 3900 314 3957 Martino
339 3898 475 3972 Czypsar
499 3899 645 3972 plenarie,
669 3901 713 3957 uti
737 3899 820 3957 idem
843 3901 933 3958 nobis
949 3900 1064 3972 retulit,
1082 3900 1240 3974 persoluta
1248 3920 1255 3972 ;
1278 3901 1350 3961 ideo
1365 3903 1448 3962 idem

181 4005 307 4065 eosdem
330 4005 413 4063 cives
448 4011 477 4062 et
511 4011 609 4063 totam
644 4006 895 4064 communitatem
932 4008 1047 4064 civium
1081 4006 1295 4081 predictorum
1326 4011 1449 4069 racione

181 4111 360 4171 huiusmodi
382 4112 520 4185 plenarie
544 4113 710 4170 solucionis
734 4119 763 4170 et
787 4113 1007 4171 satisfaccionis
1032 4115 1260 4187 promissarum
1281 4117 1448 4191 nonaginta

181 4235 234 4276 sex
259 4234 443 4288 marcarum,
467 4219 586 4291 quietos
609 4218 793 4277 reddidisset
816 4223 845 4276 et
867 4219 1037 4292 absolutos,
1057 4221 1324 4295 commisissetque
1347 4222 1448 4280 modis

181 4326 326 4383 omnibus
350 4324 519 4398 expeditos,
543 4326 641 4382 immo
661 4324 805 4397 reddidit,
829 4326 956 4399 reliquit
978 4333 1008 4384 et
1032 4328 1189 4386 commisit
1211 4330 1309 4386 nostri
1332 4329 1364 4387 in
1380 4344 1448 4403 pre·

181 4433 290 4504 sencia,
315 4432 508 4505 presencium
536 4432 710 4489 testimonio
735 4431 897 4491 mediante.
934 4433 1052 4491 Datum
1076 4433 1153 4492 feria
1184 4440 1271 4492 sexta
1302 4436 1447 4510 proxima

182 4543 252 4613 post
276 4537 390 4596 testum
414 4538 497 4596 beati
520 4537 639 4596 Vrbani
661 4552 751 4611 pape.
776 4539 866 4596 Anno
890 4539 1007 4597 domini
1039 4539 1211 4598 millesimo
1241 4539 1447 4614 quadringen-

183 4644 292 4702 tesimo
319 4646 576 4719 quinquagesimo
601 4644 710 4719 primo.

197 4853 202 4863 Ι
289 4780 423 4901 Origbinale
442 4783 468 4830 in
488 4782 582 4832 charta.
605 4783 630 4830 Α
651 4788 722 4843 tergo
742 4783 879 4845 vestigium
898 4785 1017 4849 impressi
1035 4783 1123 4848 sigilli.
1143 4784 1175 4832 In
1195 4783 1311 4834 archivio
1329 4783 1375 4835 lib.
1395 4799 1446 4848 reg.

181 4853 250 4903 civit.
271 4869 344 4915 tagra
365 4893 369 4901 .
