3278 5348
193 425 256 489 374
607 401 681 460 Doc.
698 412 774 476 302.
802 430 839 442 -
865 397 921 455 An.
945 390 1035 475 1476.

186 639 270 701 pore
294 635 486 698 possessores
509 619 592 676 male
614 617 793 690 gubernate,
817 616 992 689 quinimmo
1013 613 1153 672 desolate
1176 620 1205 671 et
1229 613 1264 671 in
1287 611 1459 671 necessariis

193 729 324 789 edificiis
358 727 493 801 turpiter
526 724 664 798 neglecte
688 723 862 795 extiterunt,
896 728 927 781 et
950 723 1047 780 eciam
1072 721 1208 779 existunt
1245 719 1285 778 de
1321 717 1459 795 presenti,

193 837 314 909 aliquas
343 831 583 892 reformaciones
605 830 671 887 sive
695 827 816 887 edificia
839 843 923 887 nova
946 829 978 886 in
1001 832 1065 886 toto
1089 826 1141 885 vel
1165 827 1196 884 in
1220 832 1313 901 parte
1336 825 1459 884 fecerint

192 948 222 1000 et
245 941 407 1010 erexerint,
429 938 568 996 valorem
592 937 806 1009 impensarum
829 936 861 994 in
891 934 1115 994 reformacione
1139 938 1169 991 et
1201 932 1338 992 edificiis
1361 933 1460 991 huius·

191 1046 279 1106 modi
311 1045 472 1115 factarum,
504 1045 590 1102 iuxta
614 1042 741 1100 fidelem
773 1048 804 1099 et
833 1042 1018 1114 condignam
1054 1041 1295 1099 extimacionem
1332 1045 1459 1114 quatuor

191 1152 390 1211 dominorum
421 1151 592 1224 pociorum,
624 1163 702 1222 quos
724 1147 764 1205 ad
795 1149 854 1206 hoc
885 1163 940 1206 nos
969 1153 1023 1204 aut
1053 1161 1247 1205 successores
1279 1143 1459 1215 nostriset

190 1259 282 1318 nobis
311 1263 365 1314 aut
392 1256 622 1314 successoribus
655 1254 768 1312 nostris
798 1254 987 1325 absentibus,
1009 1254 1183 1327 capitulum
1207 1252 1401 1327 predictum,
1424 1250 1458 1307 de

192 1368 297 1423 nostra
322 1369 375 1420 aut
398 1376 610 1419 successorum
639 1367 817 1418 nostrorum
849 1360 1010 1417 voluntate
1034 1358 1213 1417 duxerimus
1237 1373 1293 1416 seu
1319 1357 1459 1415 duxerint

195 1468 362 1543 eligendos,
385 1469 439 1541 qui
470 1472 603 1540 quatuor
637 1466 755 1523 domini
785 1467 873 1541 prius
905 1467 1034 1539 prestito
1057 1463 1232 1540 juramento
1255 1463 1458 1531 strictissimo,

193 1574 278 1649 quod
301 1590 401 1647 neque
424 1572 507 1647 odio,
523 1588 624 1645 neque
639 1587 746 1629 amore
763 1578 814 1629 aut
831 1571 938 1629 favore
955 1571 1006 1628 vel
1022 1571 1162 1628 amicicia
1184 1586 1240 1628 seu
1265 1583 1458 1643 quacumque

192 1681 315 1738 racione
331 1680 559 1750 interveniente,
577 1677 678 1736 dicent
694 1684 747 1735 aut
764 1678 875 1736 facient
891 1677 977 1736 aliud
992 1679 1024 1735 in
1047 1676 1253 1735 extimacione
1272 1674 1457 1745 huiusmodi,

192 1801 288 1860 quam
311 1785 395 1860 quod
420 1786 463 1843 eis
483 1786 569 1843 iuxta
592 1800 700 1842 eorum
729 1785 933 1842 consciencias
965 1783 1168 1841 iustissimum
1191 1781 1364 1853 videbitur,
1392 1782 1456 1839 sive

191 1891 303 1950 domos
325 1898 355 1949 et
386 1892 487 1949 curias
518 1889 673 1965 predictas
704 1905 760 1964 per
790 1897 933 1959 mortem,
958 1890 1196 1947 translacionem
1220 1892 1276 1945 aut
1298 1886 1456 1945 renuncia·

192 1998 320 2066 cionem,
342 1999 408 2055 sive
431 2012 628 2070 quocumque
652 1996 715 2055 alio
738 1996 833 2055 modo
856 1996 895 2054 de
916 1994 984 2071 jure
1008 2002 1037 2053 et
1060 1995 1098 2054 de
1121 1995 1203 2053 facto
1228 2009 1342 2053 vacare
1365 1993 1457 2051 conti·

192 2106 280 2177 gerit,
303 2102 445 2172 donandi,
478 2103 617 2175 testandi,
650 2103 775 2176 legandi
811 2117 866 2160 seu
901 2100 1085 2177 disponendi
1106 2103 1138 2160 in
1161 2102 1227 2160 vita
1250 2108 1281 2160 et
1304 2102 1338 2159 in
1362 2107 1457 2159 morte

192 2225 252 2286 pro
273 2209 436 2282 refrigerio
460 2209 561 2267 anime
592 2226 646 2267 sue
678 2208 717 2266 ad
740 2211 880 2283 aliquam
910 2209 1077 2267 utilitatem
1099 2208 1228 2267 ecclesie
1262 2213 1370 2266 nostre
1392 2221 1457 2281 pre·

193 2315 274 2379 dicte
298 2315 472 2390 dumtaxat,
493 2322 586 2388 prout
620 2316 681 2374 sibi
717 2316 875 2375 videbitur
912 2321 942 2373 et
977 2316 1137 2389 placuerit,
1173 2315 1310 2373 liberam
1335 2313 1457 2372 omnino

192 2423 328 2480 habeant
350 2430 381 2479 et
404 2421 537 2494 quilibet
565 2436 675 2478 eorum
704 2423 818 2479 habeat
848 2422 1009 2496 potestatis
1038 2421 1231 2481 facultatem.
1263 2421 1333 2479 Hoc
1357 2428 1456 2477 tamen

192 2542 347 2601 expresso,
378 2527 462 2601 quod
493 2528 518 2585 si
549 2529 715 2601 quisquam
747 2528 958 2601 predictorum
981 2534 1012 2585 et
1041 2528 1207 2602 presertim
1235 2528 1277 2586 ab
1312 2527 1455 2585 intestato

193 2634 412 2691 decedencium
443 2638 562 2691 tantum
593 2634 716 2707 penitus
738 2633 770 2692 in
803 2635 872 2692 aliis
908 2635 998 2692 bonis
1028 2635 1092 2692 suis
1113 2648 1175 2692 non
1207 2634 1356 2692 habuerit
1376 2631 1454 2690 unde

193 2739 369 2809 creditores,
393 2737 504 2796 famuli
526 2754 651 2812 quoque
673 2743 705 2797 et
726 2742 891 2799 servitores
915 2741 963 2799 sui
978 2741 1059 2799 solvi
1082 2747 1112 2799 et
1135 2739 1307 2799 contentari
1323 2742 1454 2815 possent

192 2852 304 2903 extunc
327 2844 365 2902 de
389 2844 496 2901 valore
531 2846 743 2920 impensarum
766 2847 986 2921 predictarum,
1017 2854 1086 2906 ante
1109 2848 1214 2906 omnia
1237 2846 1405 2906 creditores
1427 2850 1456 2902 et

192 2952 357 3009 servitores
379 2950 526 3009 antedicti
557 2959 779 3027 contententur,
809 2954 968 3012 residuum
997 2971 1072 3014 vero
1102 2955 1141 3013 ad
1164 2956 1353 3030 premissam
1376 2952 1454 3013 utili·

191 3063 287 3117 tatem
310 3056 438 3115 ecclesie
461 3063 565 3115 nostre
589 3060 674 3116 iuxta
698 3060 829 3133 legantis
845 3077 898 3118 seu
915 3061 1105 3135 disponentis
1129 3062 1325 3120 voluntatem
1350 3060 1453 3121 devol-

190 3170 289 3222 vatur.
314 3162 406 3235 Quod
430 3165 456 3221 si
479 3181 517 3221 ex
550 3165 620 3221 aliis
651 3167 741 3225 bonis
772 3167 990 3227 decedencium
1013 3169 1074 3243 ipsi
1096 3169 1268 3227 contentari
1290 3169 1452 3243 potuerint,

191 3275 303 3326 extunc
327 3270 417 3327 valor
440 3270 598 3328 huismodi
629 3288 667 3329 ex
701 3274 820 3347 integro
856 3274 896 3332 ad
926 3276 1034 3348 ipsius,
1065 3281 1100 3334 ut
1130 3275 1296 3349 prefertur,
1328 3274 1452 3334 ecclesie

192 3375 358 3432 utilitatem
381 3375 583 3449 relinquatur.
608 3378 763 3436 Volumus
787 3381 914 3455 insuper
936 3388 967 3439 et
983 3383 1121 3455 graciose
1138 3382 1349 3455 indulgemus,
1372 3379 1450 3456 quod

189 3484 215 3540 si
246 3483 409 3555 quippiam
433 3499 471 3540 ex
495 3483 631 3542 dominis
655 3492 684 3543 et
717 3489 870 3546 canonicis
902 3489 1050 3562 predictis
1081 3491 1242 3549 intestatus
1278 3487 1448 3555 decesserit,

189 3588 409 3647 nichilominus
434 3590 572 3661 impense
604 3609 661 3663 per
691 3609 762 3651 eum
786 3595 867 3653 circa
897 3595 1008 3653 domos
1043 3601 1073 3654 et
1096 3597 1213 3653 curiam
1245 3610 1336 3653 suam
1368 3594 1451 3664 facte,

189 3709 245 3768 per
269 3692 367 3748 dictos
383 3698 515 3762 quatuor
531 3692 674 3754 dominos
690 3701 884 3772 extimentur,
908 3706 946 3773 et,
969 3708 1004 3759 ut
1021 3702 1227 3775 premisimus,
1250 3708 1449 3776 exponantur.

188 3799 230 3857 Ut
253 3803 357 3852 autem
380 3810 507 3867 presens
538 3806 642 3857 nostra
665 3807 806 3875 graciosa
830 3807 987 3865 ordinacio
1010 3822 1070 3865 non
1095 3808 1258 3866 verbalem
1283 3806 1447 3876 dumtaxat

187 3901 241 3959 sed
265 3901 380 3957 realem
406 3905 435 3955 et
455 3900 649 3964 effectualern
673 3913 825 3970 sorciatur
848 3914 1067 3985 executionem,
1091 3914 1238 3972 volumus
1261 3921 1291 3973 et
1314 3915 1374 3972 sub
1401 3928 1447 3971 ex·

187 4005 478 4066 communicacionis
509 4013 538 4065 ct
561 4011 631 4069 aliis
654 4015 860 4093 infrascriptis
882 4021 978 4093 penis,
1002 4021 1134 4078 firmiter
1156 4019 1354 4096 mandamus,
1377 4034 1448 4094 qua·

186 4118 274 4170 tenus
298 4112 332 4184 is,
349 4112 397 4168 cui
421 4126 476 4169 nos
500 4117 618 4174 curiam
642 4126 671 4177 et
695 4123 804 4182 domos
827 4127 982 4200 predictas
1006 4128 1228 4185 contulerimus
1249 4133 1303 4186 aut
1334 4141 1448 4185 succes·

186 4233 271 4277 sores
295 4218 392 4276 nostri
417 4222 601 4281 contulerint
624 4228 674 4283 vel
708 4239 836 4290 vacante
860 4232 931 4290 sede
955 4233 1081 4292 aliunde
1112 4234 1202 4292 titulo
1224 4235 1378 4308 acquisito
1400 4248 1445 4291 ea·

185 4323 317 4382 rundem
338 4328 563 4399 possessionem
588 4333 727 4392 obtinere
752 4339 894 4407 valuerit,
928 4346 998 4398 ante
1031 4342 1205 4413 ingressum
1229 4344 1261 4398 et
1284 4339 1447 4415 acceptaci·

185 4446 275 4490 onem
301 4435 501 4506 possessionis
525 4439 715 4512 earumdem,
739 4442 897 4516 impensas
921 4446 1079 4519 predictas
1096 4447 1209 4518 taliter,
1233 4453 1268 4504 ut
1284 4446 1448 4522 prefertur,
1474 4482 1478 4490 -

185 4539 357 4612 extimatas,
381 4540 420 4599 ad
439 4557 547 4600 manus
563 4547 850 4607 commissariorum
874 4568 928 4609 seu
951 4559 1191 4626 procuratorum
1215 4552 1297 4632 dicte
1320 4553 1448 4613 ecclesie

181 4651 284 4706 nostre
307 4664 365 4722 pro
389 4655 529 4722 tempore
546 4653 791 4726 constitutorum,
809 4657 980 4730 dequibus
1004 4661 1035 4717 in
1058 4660 1128 4718 aliis
1143 4660 1256 4718 litteris
1270 4661 1386 4720 nostris
1401 4674 1447 4719 su·

181 4755 311 4829 perinde
326 4758 477 4816 concessis
493 4757 613 4816 mencio
629 4775 775 4835 expressa
788 4764 927 4837 habetur,
945 4768 1083 4841 plenarie
1100 4767 1223 4826 solvere
1237 4773 1268 4825 et
1282 4766 1321 4828 de
1335 4768 1449 4827 eisdem

181 4862 357 4923 satisfacere
381 4872 521 4923 teneatur
552 4873 582 4922 et
605 4867 644 4924 sit
668 4869 834 4941 obligatus,
858 4873 917 4929 nisi
942 4874 1007 4946 ipse
1023 4875 1194 4947 impetrans
1210 4875 1449 4935 notabilitteret
