3278 5348
196 394 256 464 15⁶
613 393 686 451 Dec.
711 388 779 452 118.
805 424 843 437 -
869 388 1041 471 An.1438.

193 612 308 667 vissent
331 616 361 668 et
384 611 618 669 commisissent.
646 609 724 666 Item
748 623 806 682 pro
829 608 1013 667 vulneribus
1036 608 1152 666 civium
1176 609 1401 684 predictorum,
1424 626 1453 669 er

192 717 306 790 quibus
328 733 407 775 unus
430 718 462 775 in
485 716 563 775 facie
585 722 615 775 et
638 721 770 791 quatuor
792 715 1020 774 vulneribusin
1043 729 1175 788 corpore
1187 717 1248 774 sub
1272 718 1453 777 vestimentis

191 822 326 881 letaliter
349 825 529 883 vulneratus
552 825 660 895 extitit,
683 822 786 882 taliter
814 822 1014 893 decrevisent,
1038 820 1125 896 quod
1148 836 1207 896 pro
1238 823 1310 898 ipso
1334 824 1453 882 vulnere

191 929 223 986 in
247 928 324 987 facie
346 930 453 989 habito
476 937 538 989 tres
560 946 665 989 marce
687 929 886 988 denariorum
914 929 1077 1001 regalium,
1107 943 1167 1003 pro
1196 929 1268 988 aliIs
1298 945 1376 989 vero
1404 931 1453 990 sul

191 1036 384 1094 vestimentis
408 1037 531 1107 habitis,
555 1051 614 1112 pro
635 1035 767 1109 singulis
783 1035 898 1108 singuli
922 1040 1046 1093 centum
1064 1035 1182 1094 denarii
1196 1036 1322 1107 regales
1346 1037 1453 1111 persol·

191 1149 348 1201 verentur.
373 1143 450 1200 Item
472 1143 553 1201 alter
575 1144 607 1201 in
631 1157 724 1200 manu
749 1141 911 1198 mutilatus
934 1141 1046 1211 existit,
1070 1156 1130 1216 pro
1148 1141 1235 1199 cuius
1259 1142 1453 1202 muritacionr

191 1254 254 1306 tres
276 1264 397 1307 marcas
421 1248 620 1307 denariorum
641 1248 796 1321 regalium
821 1246 1047 1322 persolvendas
1070 1247 1287 1307 decrevissent
1317 1250 1453 1309 Aliorun

190 1368 266 1413 vero
281 1356 422 1413 omnium
437 1357 673 1415 vulneratorum
695 1354 827 1412 vulnera
849 1369 907 1427 per
922 1359 1046 1411 centum
1070 1353 1213 1413 denarios
1235 1355 1453 1429 persolvendos

191 1462 428 1520 commisissent.
452 1462 538 1532 Item,
562 1461 657 1519 iidem
681 1461 779 1534 ipsius
802 1464 905 1517 vestre
928 1459 1101 1518 serenitatis
1123 1469 1151 1518 et
1175 1460 1394 1534 predictorum
1409 1463 1453 1521 ba

192 1583 304 1627 norum
320 1568 470 1639 homiues,
495 1569 675 1626 auctoritate
699 1565 838 1625 eiusdem
862 1571 965 1623 vestre
987 1566 1160 1625 serenitatis
1183 1566 1215 1624 in
1238 1569 1390 1641 pretactis
1412 1568 1453 1627 lit«

191 1674 264 1731 teris
288 1675 399 1732 vestris
424 1675 468 1732 eis
491 1674 649 1743 attributa,
665 1671 853 1749 judicialiter
873 1672 978 1730 taliter
1000 1672 1229 1730 commisissent
1252 1680 1282 1731 et
1307 1673 1453 1734 decrevis

190 1786 265 1850 sent,
290 1780 374 1853 quod
398 1796 435 1837 ex
459 1780 619 1854 premissis
642 1779 788 1837 omnibus
819 1782 849 1836 et
883 1778 1014 1851 siugulis
1050 1778 1198 1853 pecuniis,
1234 1785 1300 1838 tam
1336 1781 1453 1840 racione

190 1886 400 1960 dampnorum
425 1885 637 1961 predictorum
661 1886 778 1943 civium
801 1891 831 1943 et
853 1885 1017 1943 hominum
1048 1885 1200 1959 ipsorum,
1233 1901 1330 1960 quarn
1362 1888 1453 1946 eciam

189 1994 407 2066 homagiorum
433 1999 462 2051 et
478 1993 645 2050 vulnerum
669 1992 745 2067 ipsis
768 1991 889 2049 civibus
909 1996 943 2060 ,et
973 1991 1153 2050 hominibus
1175 2006 1284 2051 eorum
1316 1995 1453 2069 proveni·

190 2100 321 2169 entibus,
346 2100 449 2174 primo
472 2105 624 2158 trecentos
658 2097 790 2156 florenos
822 2098 893 2156 auri
928 2097 1160 2172 quintodecimo
1191 2098 1282 2158 dlea
1319 2101 1453 2175 predicte

190 2212 301 2263 octavo
324 2205 373 2264 die
397 2205 467 2264 festi
490 2206 584 2263 Pasce
608 2204 736 2275 domini,
766 2205 910 2280 proxime
931 2205 1081 2278 preteriti,
1116 2205 1297 2265 immediate
1331 2223 1453 2282 compu-

190 2312 283 2370 tando
307 2311 421 2370 eisdem
447 2312 585 2381 solvere;
608 2313 683 2369 item
709 2311 788 2369 alios
812 2317 965 2370 trecentos
999 2310 1134 2369 florenos
1165 2312 1233 2371 auri
1265 2318 1378 2373 octavo
1410 2314 1453 2374 dir

190 2419 259 2476 festi
281 2419 451 2476 nativitatis
474 2419 557 2476 beati
591 2418 740 2499 Johannis
764 2418 907 2490 baptiste,
943 2433 1024 2475 nunc
1058 2418 1194 2489 affuturi,
1218 2419 1293 2477 item
1317 2420 1453 2480 residutu

189 2523 337 2583 ducentos
359 2532 389 2582 et
413 2523 610 2597 quadriginta
631 2540 685 2582 sex
708 2523 839 2582 florenos
862 2524 930 2581 auri
953 2529 1065 2582 octavo
1081 2524 1131 2582 die
1147 2523 1218 2582 festi
1235 2526 1320 2584 beati
1348 2527 1453 2610 Jacobi

188 2632 332 2705 apostoli,
355 2631 499 2689 simIIIter
521 2647 602 2688 nunc
626 2631 756 2701 venturi,
780 2629 938 2703 Zagrabie,
962 2645 1088 2704 semper
1108 2645 1215 2689 coram
1239 2638 1349 2692 nostro
1374 2634 1453 2693 testi·

188 2739 293 2795 monto
316 2737 433 2795 eisdem
457 2738 577 2795 civibus
601 2754 636 2795 ac
659 2738 847 2808 hominibus,
870 2738 999 2811 populis
1022 2742 1052 2795 et
1074 2736 1284 2796 familiaribus
1315 2739 1453 2813 ipsorum

188 2846 246 2902 sub
271 2847 358 2920 penIs
382 2852 411 2903 et
434 2845 680 2917 obligaminibus
701 2845 732 2901 in
756 2844 873 2902 eisdem
897 2845 1010 2902 litteris
1032 2851 1136 2903 vestre
1158 2845 1333 2905 serenitatis
1359 2848 1453 2905 tran's·

187 2953 295 3025 criptis
318 2967 347 3010 et
370 2951 556 3026 specificatis
578 2950 700 3008 solvere
724 2950 856 3007 debeant
880 2957 910 3008 et
933 2957 1102 3019 teneantur,
1133 2950 1170 3009 Et
1206 2952 1280 3025 quia
1316 2952 1453 3027 prefatus

188 3073 291 3114 comes
315 3058 440 3116 Vlricus
463 3059 493 3115 in
517 3058 691 3132 prescripto
715 3058 847 3115 termino
867 3058 934 3114 sola
958 3073 1012 3115 sua
1036 3058 1067 3116 in
1091 3073 1223 3131 persona
1246 3064 1354 3117 contra
1389 3074 1453 3118 eos·

186 3161 256 3219 dem
281 3165 363 3221 cives
386 3180 477 3221 suum
500 3162 708 3239 juramentum
725 3161 880 3236 deponere
904 3163 1027 3231 debens,
1052 3179 1114 3222 non
1138 3163 1292 3239 deposuit,
1309 3170 1340 3225 et
1355 3182 1453 3241 neque

187 3269 375 3343 proscriptas
399 3271 584 3344 quantitates
609 3271 808 3344 pecuniarum
832 3271 955 3328 racione
971 3270 1123 3329 dictorum
1148 3272 1361 3347 dampnorum
1386 3288 1453 3346 per·

186 3375 308 3432 solvere
330 3384 359 3433 et
389 3377 544 3449 deponere
580 3376 745 3445 debendas,
776 3392 838 3434 non
871 3377 1079 3450 persolvisset,
1113 3378 1184 3436 ideo
1218 3378 1278 3453 ipsi
1314 3379 1453 3437 eiusdem

186 3490 287 3539 vestre
311 3484 480 3539 serenitatis
504 3488 533 3540 et
565 3482 721 3540 dictorum
753 3483 908 3560 banorum
941 3483 1083 3541 hommes
1117 3485 1203 3557 ipsus
1226 3484 1371 3543 Vlricum
1406 3499 1453 3545 co·

185 3590 293 3645 mitem
318 3590 348 3646 in
371 3589 523 3647 universis
547 3589 707 3662 premissis
732 3569 801 3646 aliis
824 3589 964 3647 articulis
988 3591 1020 3646 in
1044 3591 1190 3663 pretactis
1213 3591 1327 3650 litteris
1352 3600 1453 3651 vestre

185 3695 356 3752 serenitatis
379 3695 561 3768 conscriptis
585 3703 614 3752 et
642 3711 697 3769 per
729 3695 854 3753 eosdem
887 3696 971 3753 cives
1003 3696 1228 3756 sufficientibus
1259 3698 1453 3759 documentis

185 3814 290 3856 coram
315 3800 430 3858 eisdem
455 3803 667 3874 comprobatis
691 3804 889 3860 commissent
911 3800 1099 3876 judicialiter
1121 3803 1188 3862 fore
1211 3806 1392 3864 convictum
1423 3807 1453 3865 'et

183 3911 396 3978 aggravatum.
420 3907 691 3980 Quorumquidem
719 3909 858 3966 omnium
884 3909 1106 3983 premissorum
1133 3911 1245 3968 seriem
1261 3911 1347 3969 iuxta
1363 3927 1452 3971 man·

185 4012 291 4070 datum
325 4014 462 4071 eiusdem
495 4022 597 4072 vestre
632 4016 804 4072 serenitatis
835 4030 968 4073 unacum
999 4016 1146 4089 predictis
1175 4014 1333 4092 judicibus
1363 4020 1453 4078 nobi·

185 4120 263 4177 lium
298 4121 371 4179 dicti
406 4123 572 4178 comItatus
606 4122 812 4194 zagrabiensis
842 4121 943 4180 eidem
978 4133 1080 4181 vestre
1114 4124 1271 4182 serenitati
1303 4124 1452 4185 duximus

183 4227 425 4285 rescribendum.
450 4228 483 4285 ln
508 4229 595 4286 cuius
618 4229 662 4285 rei
695 4229 879 4286 memoriam
913 4235 942 4286 et
976 4230 1189 4288 testimonium
1224 4231 1453 4304 premissorum

183 4335 377 4406 presentibus
400 4335 540 4405 sigillum
555 4344 696 4392 nostrum
719 4335 865 4393 duximus
882 4335 1131 4410 appendendum.
1155 4337 1273 4395 Datum
1295 4344 1386 4397 sexto
1402 4339 1453 4399 uie

183 4440 244 4498 diei
267 4441 460 4498 exeeucionis
495 4441 727 4513 premissorum.
762 4443 852 4499 Anno
889 4443 1008 4501 domini
1042 4414 1212 4502 millesimo
1243 4444 1453 4520 quadringen-

183 4548 292 4605 tesimo
313 4546 468 4604 tricesImo
492 4551 610 4605 octavo.
636 4547 822 4620 supradicto.

288 4699 421 4763 Originale
439 4699 465 4748 in
484 4700 638 4752 membrana.
659 4703 728 4751 Zona
747 4702 843 4752 sericea
861 4702 953 4753 viridis
976 4702 1070 4753 coloris
1088 4704 1219 4771 appendet
1236 4704 1337 4772 absque
1355 4704 1453 4773 sigillo.

181 4791 214 4842 In
231 4789 345 4841 archivio
363 4789 408 4841 lib,
427 4805 479 4855 reg.
498 4789 567 4839 civit.
586 4790 758 4857 zagrabiensis
