3278 5348
186 429 227 486 oo
612 410 686 468 Dec.
706 422 753 486 71.
779 444 819 455 —
841 411 889 469 An
920 423 1011 487 1434.

184 627 260 685 mini
283 627 437 711 Johannes
461 632 567 685 cantor
591 635 620 685 et
642 629 823 698 canonicus,
855 627 1055 700 vicariusque
1085 626 1124 685 de
1154 625 1294 700 capitulo
1323 626 1457 685 ecclesie

183 734 392 806 zagrabiensis
417 732 489 791 sede
506 740 635 793 vacante
654 736 685 793 in
708 734 924 809 spiritualibus
947 734 1110 806 generalis,
1133 733 1289 807 ceterique
1312 732 1456 791 canonici

184 839 323 897 eiusdem
340 839 467 898 ecclesie
484 841 700 911 zagrabiensis
716 848 854 898 nostram
871 839 1018 897 adeuntes
1034 839 1238 914 presenciam,
1254 838 1456 911 presentibus

184 952 215 1003 et
244 945 440 1004 audientibus
461 945 618 1029 Johanne,
654 946 722 1004 filio
751 946 877 1004 Peronis
912 943 1015 1020 judice
1049 955 1079 1005 et
1113 945 1279 1018 Anthonya
1312 943 1454 1015 ithalico,

184 1051 274 1109 Petro
306 1053 472 1124 ilungaro,
488 1051 677 1135 ¹Stephano,
712 1054 789 1110 alias
812 1053 957 1110 similiter
979 1050 1152 1128 judicibus,
1176 1065 1293 1110 necnon
1315 1050 1450 1122 Thoma,

183 1158 251 1215 filio
267 1158 399 1231 Cholny,
416 1158 551 1232 Georgio
575 1166 692 1217 sartore
716 1174 751 1216 ac
774 1158 939 1216 Benedicto
962 1159 1106 1217 similiter
1122 1164 1240 1216 sartore
1256 1163 1286 1215 et
1302 1157 1452 1230 Fabyano

184 1265 327 1336 litterate,
343 1263 452 1339 juratis
469 1273 498 1323 et
514 1266 635 1323 civibus
650 1266 785 1323 civitatis
800 1265 914 1322 montis
930 1263 1095 1324 Grecensis
1112 1264 1150 1322 de
1166 1264 1328 1336 Zagrabia,
1343 1267 1453 1321 contra

184 1376 212 1427 et
236 1369 385 1428 adversus
401 1371 537 1444 eosdem,
554 1373 608 1445 qui
624 1385 682 1445 pro
696 1371 806 1445 seipsis
821 1371 1028 1444 personaliter
1042 1377 1073 1429 et
1089 1384 1146 1445 pro
1170 1369 1279 1428 ceteris
1302 1369 1451 1427 omnibus

184 1482 213 1533 et
229 1477 360 1549 singulis
383 1478 503 1534 civibus
527 1484 557 1534 et
580 1478 757 1550 hospitibus
779 1477 877 1550 ipsius
901 1476 1035 1533 civitatis
1058 1476 1173 1534 montis
1196 1473 1362 1534 Grecensis
1378 1489 1452 1532 cum

183 1582 346 1640 sufficienti
371 1585 601 1657 procuracionis
624 1583 771 1641 mandato
794 1583 892 1640 nostri
914 1583 946 1639 in
968 1583 1123 1656 presentia
1146 1581 1312 1652 adhebant‚
1330 1596 1450 1639 necnon

183 1690 345 1747 universos
367 1687 487 1764 juratos
511 1698 540 1746 et
564 1691 647 1747 cives
670 1690 804 1747 civitatis
828 1687 981 1746 antedicte
996 1694 1226 1762 proposuerunt
1241 1692 1271 1745 et
1287 1687 1450 1760 conquesti

183 1800 253 1852 sunt
276 1797 366 1867 gravi
389 1812 461 1853 cum
484 1796 624 1869 querella
647 1797 679 1854 in
702 1797 783 1853 hunc
807 1795 953 1852 modum:
978 1794 1062 1868 quod
1079 1795 1150 1852 licet
1166 1794 1243 1851 alias
1259 1792 1449 1851 reverendus

183 1901 214 1958 in
238 1902 361 1958 Christo
396 1910 485 1975 pater
519 1901 663 1959 dominus
696 1902 851 1983 Johannes
883 1901 1047 1974 episcopus
1079 1900 1287 1973 zagrabiensis
1309 1914 1346 1956 ac
1370 1900 1450 1957 sacri

183 2009 304 2064 romani
327 2009 451 2080 imperil
474 2014 503 2064 et
527 2009 613 2080 regni
635 2008 793 2080 ilungarie
816 2022 958 2065 summus
993 2007 1204 2077 cancellarius,
1228 2003 1329 2063 felicis
1352 2005 1449 2063 remi·

183 2113 341 2183 niscencie‚
377 2114 521 2171 dominus
554 2122 585 2171 et
620 2116 758 2188 prelatus
790 2113 973 2172 eorumdem
998 2113 1197 2171 dominorum
1217 2112 1449 2182 canonicorum,

182 2219 434 2293 gubernatorque
470 2221 567 2294 ipsius
602 2221 736 2279 civitatis
767 2222 798 2278 in
830 2235 921 2277 causa
951 2236 1004 2277 seu
1028 2220 1238 2278 controversia
1261 2220 1342 2276 inter
1364 2220 1449 2292 ipsos

183 2323 325 2381 dominos
349 2324 490 2383 dedicio
512 2328 649 2400 capituto
673 2328 866 2399 zagrabiensi
886 2341 921 2382 ac
945 2331 1106 2384 annotatos
1136 2326 1219 2382 cives
1248 2330 1278 2381 et
1310 2325 1448 2398 hospites

182 2431 304 2487 racione
328 2436 358 2488 et
382 2438 522 2505 pretextu
547 2432 707 2490 cuiusdam
731 2448 842 2506 magne
877 2433 1058 2506 quantitatis
1093 2440 1182 2502 terre,
1217 2446 1337 2490 necnon
1372 2433 1448 2491 certi

183 2538 285 2594 rubeti
320 2544 350 2594 et
384 2538 606 2596 nonnullorum
641 2538 782 2596 senilium
816 2554 851 2595 ac
884 2545 1045 2612 pratorum
1069 2538 1224 2596 dictorum
1246 2537 1447 2596 dominorum

183 2644 399 2701 canonicorum
434 2650 464 2701 et
498 2645 625 2702 ecclesie
654 2646 860 2717 zagrabiensis
884 2645 1021 2719 predicte
1045 2650 1152 2702 exorta
1175 2650 1205 2702 et
1227 2645 1384 2717 suscitata,
1410 2643 1447 2702 de

183 2750 399 2807 commissione
422 2756 453 2808 et
475 2750 621 2808 mandato
645 2752 832 2810 serenissimi
863 2751 981 2809 domini
1011 2751 1108 2808 nostri
1131 2750 1330 2823 imperatoris
1352 2748 1448 2823 Sigis-

182 2855 291 2913 mundi
315 2862 344 2913 et
370 2858 457 2929 regni
483 2857 640 2929 Hungarie
664 2858 756 2931 regis,
791 2873 924 2915 unacum
947 2855 1117 2914 reverendo
1140 2857 1172 2914 in
1196 2855 1321 2913 Christo
1347 2862 1447 2930 patre,

183 2962 309 3019 domino
346 2964 484 3045 Johanne
520 2965 688 3037 episcopo,
724 2969 797 3022 tunc
825 2965 922 3021 electo
957 2963 1100 3021 thiniensi
1131 2977 1167 3019 ac
1189 2963 1389 3037 prepositure
1411 2962 1449 3021 de

183 3068 327 3141 Byenyko
350 3070 557 3142 gubernatore
581 3078 610 3126 et
633 3071 732 3139 Petro,
757 3069 823 3128 filio
840 3069 907 3126 Ade
931 3069 969 3126 de
993 3067 1212 3142 Zenthlewlelr,
1236 3068 1314 3126 alias
1331 3068 1449 3127 vicario

181 3177 211 3232 in
248 3176 474 3249 temporalibus
509 3176 647 3232 eiusdem
682 3177 879 3249 episcopatus
913 3174 1131 3248 zagrabiensis,
1153 3189 1272 3232 necnon
1296 3174 1450 3247 magistro

183 3282 331 3338 llichaele
356 3282 588 3354 prothonotario
613 3282 695 3339 sedis
726 3283 880 3339 crisiensis
904 3288 934 3338 et
958 3281 1107 3353 magistro
1142 3281 1282 3364 Johanne
1314 3279 1450 3338 condam

182 3387 219 3443 de
250 3386 399 3445 Ralronolr
429 3387 511 3444 dicto
543 3403 578 3444 ac
611 3388 680 3445 aliis
710 3388 954 3462 quampluribus
987 3388 1095 3461 probis
1127 3393 1157 3445 et
1187 3387 1348 3445 nobilibus
1372 3387 1450 3445 viris

182 3493 265 3549 iuxta
290 3494 511 3550 continenciam
536 3494 710 3551 litterarum
735 3494 873 3551 eiusdem
899 3495 1029 3552 condam
1054 3494 1173 3552 domini
1203 3493 1353 3577 Johannis
1384 3493 1450 3568 epi·

181 3600 266 3672 scopi
302 3600 561 3671 obligatoriarum
597 3600 635 3656 ad
672 3600 820 3657 iussiones
855 3601 1035 3658 earumdem
1070 3608 1273 3673 utrarumque
1305 3600 1449 3673 parcium

181 3705 392 3762 confectarum
423 3714 451 3761 et
488 3712 709 3775 emanaturum,
735 3722 791 3779 pro
815 3723 922 3764 earum
946 3707 1071 3765 arbitris
1095 3706 1202 3764 electis
1224 3706 1304 3764 inter
1328 3705 1449 3765 dictum

184 3812 357 3884 capitulum
382 3819 411 3867 et
434 3820 594 3868 annotatos
618 3813 701 3869 cives
732 3814 865 3871 civitatis
889 3814 1026 3887 predicte
1049 3819 1148 3869 metas
1171 3810 1353 3870 earumdem
1377 3827 1449 3885 par·

182 3918 264 3972 cium
291 3919 374 3973 iuxta
399 3919 605 3974 continencias
630 3919 868 3991 privilegiorum
893 3926 921 3975 et
944 3917 1060 3993 jurium
1093 3924 1157 3975 tarn
1189 3917 1286 3991 ipsius
1320 3918 1450 3991 capituli

181 4039 274 4095 quam
300 4025 396 4079 eciam
421 4032 563 4080 annotate
586 4024 719 4081 civitatis
741 4026 987 4082 reambulassent
1011 4032 1040 4080 et
1064 4024 1250 4095 revisissent,
1274 4024 1449 4098 revisisque

180 4130 296 4186 eisdem
321 4131 410 4186 metis
435 4146 491 4203 pro
515 4146 559 4199 eo,
585 4130 668 4202 quod
692 4132 757 4202 ipse
781 4137 891 4188 eotunc
915 4131 1031 4187 realem
1056 4129 1237 4187 earumdem
1268 4131 1448 4189 metharum

181 4236 411 4293 distinceionem
447 4238 525 4293 inter
562 4244 665 4308 partes
700 4236 853 4310 predictas
890 4237 989 4294 facere
1021 4252 1082 4294 non
1115 4236 1296 4307 voluissent,
1327 4236 1448 4295 eisdem

182 4343 322 4416 partibus
353 4344 534 4400 auctoritate
565 4343 781 4414 superarbitrii
811 4344 842 4399 in
874 4344 991 4400 eisdem
1025 4343 1137 4400 litteris
1160 4341 1224 4399 suis
1247 4341 1448 4415 obligatoriis

181 4450 337 4517 contentis,
371 4449 402 4504 id
440 4450 644 4505 commisisset
679 4448 737 4503 sub
772 4450 863 4505 certis
900 4449 985 4521 penis
1021 4456 1050 4505 et
1082 4447 1336 4520 obligaminibns‚
1360 4448 1448 4522 quod

181 4560 288 4611 neutra
312 4557 452 4626 parcium
476 4555 695 4628 predictarum,
721 4555 802 4611 ultra
826 4571 869 4623 ea,
894 4557 922 4612 in
947 4571 1080 4628 quarum
1103 4563 1265 4625 terrarum,
1281 4569 1449 4614 nemorum

180 4669 209 4717 et
232 4669 393 4733 pratorum
418 4662 484 4733 ipse
511 4666 615 4733 parles
650 4666 789 4733 tempore
824 4663 987 4719 revisionis
1022 4662 1231 4735 predictarum
1267 4662 1448 4721 metharum

180 4766 317 4823 dominio
340 4768 518 4835 extitissent,
543 4766 620 4822 nihil
645 4767 764 4838 penitus
787 4769 845 4824 sub
862 4767 978 4825 eisdem
997 4769 1242 4838 obligaminibus
1261 4765 1300 4824 de
1326 4767 1448 4827 eisdem

181 4873 269 4929 terris
293 4888 444 4946 occupare
466 4883 495 4929 et
519 4874 666 4930 innovare
689 4873 740 4929 rel
763 4876 919 4948 extirpare
943 4874 1137 4945 debuissent;
1160 4880 1265 4931 tamen
1283 4872 1345 4948 ipsi
1360 4875 1447 4932 cives
