3256 5346
702 422 774 482 Dec.
792 433 865 498 353.
892 454 930 464 -
951 421 1008 479 An.
1033 415 1126 497 1489.

704 527 719 532 ..
729 527 815 532 .-.--
837 527 843 530 κ
851 525 1002 532 ..-.-..——
1009 524 1086 530 -..-.
1217 524 1233 529 --
1246 524 1554 533 -—---——-—

282 445 413 539 Ἦ.-

276 644 405 716 negocio
428 642 677 700 differenciarum
702 638 923 713 promissarum
950 652 1020 694 cum
1045 635 1135 694 dictis
1167 635 1302 695 dominis
1333 637 1478 711 capitulo
1508 652 1554 694 za·

280 750 447 823 grabiensi,
470 763 589 806 necnon
613 745 819 820 disposicione
841 742 952 802 exinde
983 743 1147 800 subsecuta
1170 741 1334 815 confectas,
1367 743 1503 817 scriptas
1525 748 1554 800 et

279 862 422 913 emanata
454 851 500 912 in¹
521 855 649 925 scriniis,
680 850 927 920 conservatoriis,
959 851 1052 920 cistis,
1083 849 1277 924 prothocolis
1299 865 1336 908 ac
1360 850 1457 908 libris
1479 851 1552 908 civi·

285 963 356 1020 tatis
380 967 484 1019 nostre
508 960 661 1018 antedicte
677 959 850 1031 ‘diligenter
873 957 1125 1031 perquisivimus,
1149 956 1352 1030 inventasque
1376 963 1407 1015 et
1429 962 1553 1030 reperta

284 1068 419 1142 presenti
443 1067 575 1139 registro
600 1065 638 1122 de
663 1065 759 1123 verbo
783 1063 976 1121 adverbum
1002 1063 1066 1121 sine
1089 1061 1298 1121 diminucione
1321 1068 1352 1121 et
1383 1068 1551 1135 augmento

285 1172 415 1246 aliquali
448 1172 649 1244 transcriptas
679 1176 709 1228 et
740 1175 934 1243 transumpta
965 1184 1000 1226 ac
1031 1185 1088 1243 per
1111 1168 1275 1242 publicum
1298 1167 1456 1227 notarium
1481 1170 1551 1227 sub

278 1279 437 1352 scriptum,
461 1294 566 1336 coram
590 1278 720 1336 testibus
745 1275 950 1350 infrascriptis
973 1276 1091 1334 revisas
1111 1281 1142 1333 et
1165 1276 1276 1347 revisa,
1299 1291 1417 1334 necnon
1443 1277 1547 1348 lectas,

278 1385 505 1451 collacionatas,
529 1384 717 1441 auscultatas
742 1398 777 1440 ac
801 1397 896 1440 manu
918 1382 1056 1440 eiusdem
1075 1381 1186 1440 notarii
1209 1382 1404 1456 subscriptas
1427 1388 1459 1440 et
1475 1383 1545 1440 sub·

278 1491 402 1565 scripta,
426 1491 592 1564 sigilloque
615 1495 719 1549 nostre
742 1489 972 1547 communitatis
996 1503 1054 1546 una
1071 1503 1142 1545 cum
1159 1480 1392 1562 subscripcione
1406 1487 1546 1546 eiusdem

279 1597 391 1654 notarii
413 1597 577 1655 roboratas
601 1602 631 1655 et
654 1596 809 1667 roborata,
832 1600 1005 1653 memorato
1029 1595 1178 1667 magistro
1201 1593 1360 1668 Stephano
1383 1592 1543 1669 preposito

278 1708 308 1760 et
331 1705 477 1760 canonico
500 1702 643 1760 dedimus
667 1709 697 1760 et
719 1703 911 1776 assignamus
935 1701 1023 1759 nulla
1047 1700 1155 1759 fraude
1178 1716 1232 1758 seu
1248 1699 1323 1759 dolo
1339 1702 1370 1759 in
1385 1703 1445 1759 hac
1457 1707 1544 1775 parte

277 1808 506 1867 interveniente.
532 1810 607 1866 Acta
631 1816 701 1866 sunt
725 1809 781 1866 hec
805 1813 835 1866 et
857 1807 937 1865 facta
961 1808 993 1864 in
1017 1808 1085 1865 loco
1115 1806 1255 1880 predicto
1285 1807 1422 1865 civitatis
1443 1813 1544 1865 nostre

277 1913 429 1972 antedicte
461 1915 510 1972 die
541 1922 570 1972 et
604 1929 716 1984 mense,
746 1915 861 1987 quibus
892 1929 996 1986 supra,
1027 1914 1086 1971 sub
1115 1928 1194 1971 anno
1226 1913 1343 1971 domini
1377 1906 1544 1971 millesimo

278 2019 582 2092 quadringentesimo
607 2021 817 2093 octuagesimo
847 2035 937 2088 nono,
968 2020 1138 2079 indiccione
1167 2019 1310 2093 septima.
1344 2019 1543 2077 Pontificatus

277 2140 352 2182 vero
376 2127 560 2184 sanctissimi
584 2129 615 2185 in
638 2126 763 2185 Christo
788 2127 884 2199 patris
908 2132 938 2183 et
961 2126 1080 2184 domini
1104 2119 1210 2197 nostri,
1226 2116 1542 2195 domiui‘lnnocencii,

277 2231 382 2289 divina
403 2233 606 2308 providencia
629 2248 710 2308 pape
733 2234 846 2305 octavi,
869 2247 949 2291 anno
972 2239 1067 2290 sexto.
1094 2261 1130 2272 -
1157 2232 1263 2290 Primo
1287 2224 1467 2306 igitur'pro
1482 2232 1542 2288 cla·

277 2338 354 2396 riori
377 2340 537 2398 intellectu
561 2341 661 2413 ipsius
683 2340 800 2412 negocii
825 2340 914 2398 sicuti
936 2339 1026 2396 uobis
1050 2339 1152 2396 visum
1187 2337 1247 2396 fuit
1276 2331 1465 2397 inseruimus
1495 2337 1542 2394 hic

277 2446 443 2518 registrum
468 2446 677 2520 dampnorum
702 2452 731 2505 et
752 2447 936 2506 iniuriarum
960 2463 1015 2520 per
1031 2445 1149 2504 dictum
1164 2446 1339 2519 capitulum
1358 2457 1389 2503 et
1404 2445 1541 2502 homines

277 2567 384 2609 eorum
407 2554 498 2610 nobis
529 2560 559 2611 et
589 2555 703 2612 nostris
734 2553 887 2612 factorum
919 2559 949 2612 et
970 2553 1138 2625 illatarum,
1163 2553 1250 2611 cuius
1274 2540 1364 2611 tenor
1388 2551 1461 2609 talis
1482 2556 1538 2607 est:

276 2672 458 2749 (Sequuntur
468 2677 596 2735 fraterrae
613 2685 641 2734 ct
661 2677 769 2733 dartana
793 2695 813 2733 a
836 2678 963 2750 capitulo
984 2675 1092 2734 ciue'bus
1114 2647 1218 2732 montis
1246 2673 1402 2734 Grecensis
1435 2647 1537 2747 illata.)

301 2956 403 3006 notarii.

381 3087 418 3145 Et
442 3102 499 3158 ego
522 3087 636 3145 Paulus
660 3087 816 3147 Valentini
839 3089 877 3147 de
907 3089 1050 3162 Chasma,
1074 3087 1203 3146 clericus
1226 3087 1435 3161 zagrabiensis
1458 3085 1537 3145 diue·v

275 3193 358 3261 cesis,
375 3194 555 3251 auctoritate
578 3194 748 3266 apostolica
770 3195 907 3254 notarius
932 3197 1083 3270 publicus,
1107 3209 1195 3266 anuo,
1216 3193 1390 3253 indiccione
1412 3198 1443 3253 et
1465 3208 1536 3269 pou·

276 3297 400 3368 tisrcatu,
425 3300 539 3371 quibus
559 3315 662 3372 supra,
693 3299 774 3357 infra
806 3303 973 3360 terminum
1005 3301 1202 3373 antedictum,
1233 3301 1264 3359 iu
1297 3301 1428 3359 ecclesia
1459 3299 1536 3358 beati

275 3404 373 3461 Marci
395 3407 593 3477 ewangeliste
617 3407 649 3464 iu
670 3407 810 3479 predicta
832 3409 957 3466 civitate
989 3409 1101 3467 montis
1134 3396 1296 3466 Grecensis
1332 3407 1470 3477 fundata,
1500 3405 1537 3463 ad

274 3511 511 3582 requisicionem
535 3513 752 3587 circumspecti
775 3514 930 3573 Dominici
954 3516 1123 3587 Perowych
1147 3514 1232 3585 dieti,
1256 3514 1398 3572 moderni
1429 3511 1538 3589 judicis

275 3615 412 3673 eiusdem
437 3618 570 3676 civitatis
594 3621 623 3676 in
647 3634 779 3692 persona
804 3621 902 3678 tocius
925 3622 1155 3679 communitatis
1178 3621 1274 3694 ipsius
1307 3620 1442 3679 civitatis
1465 3618 1538 3677 mihi

273 3721 396 3793 factam,
433 3738 539 3781 omnes
575 3733 604 3782 et
638 3726 776 3798 singulas
811 3726 929 3784 litteras
960 3733 989 3785 et
1013 3728 1162 3785 litteraria
1186 3728 1399 3799 iustrumenta,
1423 3740 1537 3785 necnon

274 3828 352 3885 alias
375 3831 543 3902 scripturas
568 3839 596 3888 et
620 3833 750 3903 registra
775 3833 804 3890 in
829 3832 963 3891 sedecim
986 3842 1016 3891 et
1032 3834 1136 3891 medio
1152 3833 1236 3891 soliis
1250 3832 1355 3906 papiri
1371 3849 1428 3907 per
1443 3818 1535 3891 alium

274 3932 408 3992 fideliter
431 3937 619 4009 conscriptas
651 3944 680 3995 et
711 3939 893 4012 conscripta,
919 3955 953 3997 ac
977 3941 1008 3998 in
1032 3940 1155 3997 duobus
1179 3939 1263 3997 foliis
1294 3941 1477 4012 pergameni
1499 3937 1535 3996 ad

273 4041 402 4098 modum
427 4043 520 4101 rotuli
544 4045 653 4115 ligatas
677 4051 706 4102 et
731 4046 833 4117 ligata,
858 4062 929 4102 cum
954 4062 1060 4104 earum
1091 4054 1121 4103 et
1151 4061 1260 4103 eorum
1293 4046 1376 4102 veris
1407 4046 1536 4119 origina-

274 4146 356 4203 libus
381 4149 508 4220 perlegi,
532 4151 712 4221 auscultavi,
738 4152 952 4222 collacionavi,
976 4168 1089 4225 easque
1119 4159 1149 4210 et
1179 4167 1215 4210 ea
1247 4158 1340 4224 prout
1370 4139 1479 4210 earum
1509 4158 1536 4209 et

273 4266 381 4308 eorum
406 4269 479 4309 vera
503 4257 739 4313 continebantur
762 4258 925 4330 originalia
948 4260 1026 4315 sicut
1050 4259 1080 4315 in
1103 4257 1220 4315 eisdem
1242 4257 1346 4330 prima
1377 4257 1457 4318 facie
1485 4274 1538 4332 ap·

272 4359 413 4432 parebat,
438 4359 475 4416 de
500 4363 595 4417 verbo
620 4362 657 4418 ad
683 4364 816 4420 verbum
839 4364 904 4420 sine
928 4363 1137 4421 diminucione
1164 4370 1195 4422 et
1217 4370 1386 4436 augmento
1409 4364 1536 4439 aliquali

271 4469 481 4536 transumptas
506 4473 535 4522 et
559 4477 752 4541 transumpta
776 4485 881 4526 coram
907 4471 1036 4527 testibus
1060 4469 1265 4543 infrascriptis
1289 4469 1400 4542 revidi,
1423 4473 1455 4530 in
1477 4471 1536 4529 sin·

271 4569 415 4642 gulisque
448 4570 531 4628 foliis
556 4574 657 4645 papiri
692 4580 721 4630 et
756 4575 787 4631 in
820 4575 924 4647 primo
948 4576 1130 4649 pargameni
1154 4577 1241 4649 signo
1265 4581 1295 4634 et
1317 4577 1445 4635 nomine
1469 4590 1536 4635 meo

271 4675 372 4732 solitis
396 4683 425 4733 et
449 4679 611 4748 consvetiS,
636 4694 695 4735 una
720 4697 790 4737 cum
808 4683 997 4753 appensione
1013 4683 1110 4754 sigilli
1128 4682 1246 4756 prefate
1260 4682 1396 4741 civitatis
1412 4682 1445 4740 in
1460 4684 1538 4741 hanc

271 4782 433 4854 publicam
458 4783 591 4841 formam
615 4784 753 4843 redactas
777 4794 806 4844 et
828 4787 952 4844 redacta
976 4789 1155 4861 consignavi
1170 4793 1200 4846 et
1215 4789 1374 4849 roboravi.
1396 4778 1538 4848 Infidern

271 4893 299 4944 et
323 4889 533 4947 testimonium
557 4891 696 4948 omnium
721 4900 750 4949 et
773 4893 969 4965 singulorum
991 4895 1216 4968 premissorum
1238 4900 1367 4968 rogatus
1389 4903 1420 4955 et
1436 4897 1537 4972 requi·
