3278 5348
199 460 260 515 310
504 443 575 498 Dec,
598 452 665 516 252.
689 453 758 518 253.
782 477 825 486 —
847 444 894 500 An
928 439 1148 521 1466-1467.

195 660 335 716 sentanti.
366 659 480 715 Datum
513 658 663 731 Zagrabie
693 661 725 718 in
749 660 857 732 vigilia
883 659 951 717 sesti
976 661 1058 718 beati
1082 660 1298 720 Bartholomei
1322 664 1457 737 apostoli.

197 765 286 822 Anno
320 765 438 822 domini
463 766 632 823 millesimo
667 765 973 839 quadringentesimo
1005 768 1201 840 sexagesimo
1236 777 1335 826 sexto.
1368 769 1457 841 Regni

194 873 291 928 nostri
314 886 396 928 anno
419 885 508 940 nono,
532 872 743 929 coronacionis
767 885 841 928 vero
865 871 969 929 tercio.

303 1026 325 1072 E
344 1031 505 1088 transumpto
531 1024 661 1088 Johannis
694 1025 808 1084 Corvini,
835 1025 896 1075 bani
922 1025 953 1074 de
979 1041 1037 1077 ann,
1061 1038 1136 1092 1504.
1157 1028 1188 1075 In
1208 1026 1328 1076 archivio
1346 1027 1391 1078 lib.
1409 1043 1456 1090 reg.

194 1111 264 1161 civil.
284 1112 465 1174 zagrabiensis,

785 1344 867 1408 252.

301 1505 380 1553 Anno
403 1505 476 1566 1466,
498 1517 538 1566 29.
559 1505 719 1568 septembris,
738 1506 884 1566 zssgrabiae.

196 1633 364 1689 Rectorotres
396 1633 501 1688 altaris
531 1650 552 1687 s.
585 1633 676 1688 crucis
699 1634 729 1687 in
753 1631 815 1688 cccl.
846 1631 1011 1688 cathedrali
1032 1632 1154 1690 Matheo
1176 1632 1292 1689 Kelked
1311 1637 1456 1708 confertur.

300 1778 388 1832 Anno
419 1775 537 1832 domini
570 1771 758 1832 llCCCCLX
789 1782 884 1845 sexto,
917 1777 985 1848 ipso
1018 1774 1068 1833 die
1091 1775 1161 1833 festi
1184 1777 1268 1834 beati
1301 1779 1453 1836 Michaelis

193 1883 379 1954 archangeli,
404 1881 521 1938 domini
545 1882 758 1954 capitulariter
780 1883 811 1938 in
836 1882 973 1939 interiori
997 1882 1136 1940 sacristia
1162 1885 1352 1956 congregali,
1377 1883 1456 1942 vide

193 1990 276 2045 licet:
308 1987 452 2045 domiuus
484 1996 599 2057 cantor,
631 1987 775 2044 dominus
809 1988 997 2045 chasmensis
1022 1989 1207 2062 prepositus
1232 1990 1378 2060 vicarius,
1401 1989 1451 2047 do·

193 2096 295 2151 minus
320 2092 460 2164 Kemlek,
477 2093 617 2163 Warasd,
643 2093 763 2163 Wasca,
789 2093 891 2165 Bexin,
908 2094 1134 2164 archidiaconi;
1158 2094 1324 2153 Ladislaus
1344 2104 1451 2167 custos,

193 2202 342 2271 magistri:
367 2200 528 2268 Fabianus,
554 2200 674 2269 Nemes,
697 2200 809 2271 Tyuer‚
832 2201 924 2270 Elias,
946 2199 1093 2274 Zapolya‚
1118 2202 1268 2274 magister
1295 2202 1456 2285 Johannes,

191 2308 268 2363 alias
291 2307 388 2363 sancti
410 2305 558 2387 Johannis
583 2304 770 2375 Belethnich‚
794 2306 932 2362 unanimi
955 2312 1030 2362 voto
1053 2306 1251 2364 contulerunt
1267 2314 1453 2367 rectoratum

190 2414 297 2469 altaris
320 2420 423 2468 sancte
446 2412 545 2467 crucis
574 2411 745 2467 venerabili
768 2411 897 2468 domiuo
922 2413 1043 2470 Matheo
1069 2412 1198 2482 Kelked,
1230 2415 1449 2473 archidiacono

192 2518 383 2575 kamarcensi
415 2524 445 2574 et
475 2517 681 2573 concanonico
711 2531 836 2587 eorum,
868 2518 926 2574 ista
957 2518 1136 2576 condicione
1167 2519 1338 2590 interiecta,
1374 2521 1455 2595 quod

191 2639 298 2681 omnes
330 2625 417 2696 porei
450 2623 487 2679 de
520 2623 601 2680 dicto
632 2628 796 2692 rectoratu,
827 2638 885 2696 pro
909 2629 1050 2697 tempore
1072 2628 1301 2699 provenientes,
1323 2643 1454 2686 unacum

191 2730 329 2799 pecuniis
348 2729 525 2802 porcalibus
541 2744 664 2801 semper
680 2728 814 2786 dominis
830 2729 868 2786 de
887 2731 1024 2802 capitulo
1049 2731 1149 2788 modis
1173 2734 1321 2791 omnibus
1344 2733 1454 2791 debent

191 2835 364 2903 provenire,
397 2842 426 2891 et
451 2835 533 2891 idem
557 2841 658 2892 rector
681 2851 713 2891 se
737 2834 775 2891 de
799 2835 912 2893 eisdem
936 2845 964 2893 et
989 2836 1027 2893 de
1052 2836 1180 2895 decimis
1204 2854 1239 2896 ac
1262 2840 1452 2914 inposicionc

190 2943 331 2994 taxarum
363 2941 680 2999 extraordinariarum
711 2950 740 2997 et
771 2942 992 2999 recolleccione
1016 2959 1123 3001 earum
1147 2945 1327 3003 nullatenus
1363 2947 1452 3004 intro·

191 3043 314 3100 mittere
337 3053 366 3100 et
391 3062 447 3119 pro
473 3063 563 3119 posse
586 3048 669 3119 apud
685 3048 828 3106 dominos
853 3090 1139 3109 ..........
1164 3068 1350 3124 procurare;
1372 3061 1454 3111 taxas

189 3156 219 3203 et
249 3149 396 3206 collectas
428 3160 530 3208 aulem
562 3155 709 3211 annuales
733 3161 762 3211 et
786 3161 946 3212 consuetas
971 3170 1027 3229 pro
1050 3172 1082 3214 se
1107 3158 1209 3230 exiget
1233 3159 1319 3218 idem
1343 3166 1450 3219 rector.

426 3273 484 3332 Ego
506 3273 627 3320 liutheus
646 3273 842 3322 archidiaconus
861 3275 1034 3323 kamarcensis
1053 3275 1194 3340 subscripsi
1213 3293 1290 3326 manu
1310 3280 1421 3343 propria.

305 3411 380 3457 Liber
408 3413 501 3460 rubeus
529 3430 584 3464 veu.
614 3415 720 3479 capituli
748 3416 809 3467 eccl.
848 3418 949 3481 zagrab,
967 3419 999 3464 ln
1028 3418 1123 3468 archiv.
1152 3418 1214 3468 incl.
1244 3420 1329 3471 Acad.
1361 3421 1451 3470 Scienl.

189 3497 256 3546 slav.
277 3500 365 3550 merid.

790 3736 874 3800 253.

291 3873 371 3921 Anno
394 3875 468 3938 1467,
492 3880 529 3924 18.
550 3879 643 3927 martii.
664 3880 760 3928 Budae.

186 4017 231 4073 Ab
260 4016 399 4087 Oroatia,
422 4020 548 4092 episcopo
578 4021 704 4092 coprem„
733 4019 859 4096 synodus
882 4022 1061 4080 sacerdotum
1086 4022 1253 4095 Zograbiae
1275 4036 1451 4085 convocatur.

291 4160 447 4217 Osvaldus
471 4161 519 4218 dei
543 4168 573 4218 et
589 4163 760 4234 apostolice
784 4165 865 4222 sedis
889 4168 993 4238 gracia
1016 4168 1181 4241 episcopus
1205 4169 1337 4228 ecclesie
1352 4185 1452 4244 ragra-

184 4266 306 4325 biensis.
339 4268 498 4326 Universis
528 4275 558 4326 et
588 4270 718 4341 singulis
752 4272 913 4344 religiosis,
944 4274 1187 4342 venerabilibus,
1211 4274 1449 4336 honorabilibus

184 4388 219 4431 ac
256 4374 396 4432 discretis
432 4381 462 4431 et
497 4376 730 4449 circumspectis
766 4379 862 4449 viris,
898 4379 1031 4437 dominis
1066 4380 1251 4453 abbatibus,
1287 4383 1452 4455 prioribus,

184 4481 350 4554 prepositis
382 4488 445 4538 tarn
475 4482 672 4553 regularibus
697 4499 790 4555 quam
814 4485 1018 4557 secularibus,
1051 4487 1229 4558 lectoribus,
1261 4491 1451 4561 cantoribus,

183 4586 383 4657 custodibus,
417 4603 535 4644 necnon
567 4587 791 4647 archidiaconis
835 4592 1009 4664 ceterisque
1056 4592 1230 4666 canonicis,
1271 4599 1337 4653 tam
1375 4595 1454 4654 dicte

182 4692 371 4751 kathedralis
394 4695 601 4766 zagrabiensis
636 4711 731 4767 quam
770 4697 937 4769 collegiate
961 4699 1150 4756 chasmensis
1175 4699 1380 4761 ecclesiarum
1401 4716 1454 4761 no·

181 4806 333 4872 strarum,
358 4801 667 4870 vicearchidiaconis‚
703 4803 844 4876 plebanis
879 4808 909 4861 et
944 4821 1052 4863 eorum
1087 4805 1156 4863 loca
1192 4807 1389 4884 tenentibus,
1420 4827 1456 4870 ac

180 4908 381 4968 ecclesiarum
412 4910 641 4986 capitularium,
665 4911 867 4986 hospitalium
891 4916 921 4970 et
943 4914 1089 4972 altarium
1112 4915 1296 4988 rectoribus,
1318 4917 1454 4993 aliisque
