<?xml version="1.0" encoding="UTF-8"?>
<!DOCTYPE html PUBLIC "-//W3C//DTD XHTML 1.0 Transitional//EN"
    "http://www.w3.org/TR/xhtml1/DTD/xhtml1-transitional.dtd">
<html xmlns="http://www.w3.org/1999/xhtml" xml:lang="en" lang="en">
 <head>
  <title>
</title>
<meta http-equiv="Content-Type" content="text/html;charset=utf-8" />
  <meta name='ocr-system' content='tesseract 3.04.00' />
  <meta name='ocr-capabilities' content='ocr_page ocr_carea ocr_par ocr_line ocrx_word'/>
</head>
<body>
  <div class='ocr_page' id='page_1' title='image "./monumentahistor01laszgoog_0700.png"; bbox 0 0 3278 5348; ppageno 0'>
   <div class='ocr_carea' id='block_1_1' title="bbox 195 432 1044 516">
    <p class='ocr_par' dir='ltr' id='par_1_1' title="bbox 195 432 1044 516">
     <span class='ocr_line' id='line_1_1' title="bbox 195 432 1044 516; baseline 0.001 -22"><span class='ocrx_word' id='word_1_1' title='bbox 195 457 256 516; x_wconf 76' lang='lat'><strong>432</strong></span> <span class='ocrx_word' id='word_1_2' title='bbox 615 437 687 495; x_wconf 88' lang='lat' dir='ltr'><strong>Dac.</strong></span> <span class='ocrx_word' id='word_1_3' title='bbox 711 448 783 514; x_wconf 62' lang='lat'><strong>344</strong></span> <span class='ocrx_word' id='word_1_4' title='bbox 807 471 850 479; x_wconf 97' lang='lat'>—</span> <span class='ocrx_word' id='word_1_5' title='bbox 873 432 1044 515; x_wconf 76' lang='lat' dir='ltr'><strong>An.1487.</strong></span> 
     </span>
    </p>
   </div>
   <div class='ocr_carea' id='block_1_2' title="bbox 191 650 1461 1876">
    <p class='ocr_par' dir='ltr' id='par_1_2' title="bbox 191 650 1461 1876">
     <span class='ocr_line' id='line_1_2' title="bbox 194 650 1461 725; baseline -0.002 -13"><span class='ocrx_word' id='word_1_6' title='bbox 194 655 338 712; x_wconf 87' lang='lat' dir='ltr'><strong>innovata</strong></span> <span class='ocrx_word' id='word_1_7' title='bbox 370 660 400 711; x_wconf 92' lang='lat' dir='ltr'><strong>et</strong></span> <span class='ocrx_word' id='word_1_8' title='bbox 431 651 599 710; x_wconf 84' lang='lat' dir='ltr'><strong>reformata</strong></span> <span class='ocrx_word' id='word_1_9' title='bbox 631 650 713 709; x_wconf 89' lang='lat' dir='ltr'><strong>dicta</strong></span> <span class='ocrx_word' id='word_1_10' title='bbox 744 653 927 710; x_wconf 87' lang='lat' dir='ltr'><strong>auctoritate</strong></span> <span class='ocrx_word' id='word_1_11' title='bbox 957 654 1119 711; x_wconf 87' lang='lat' dir='ltr'><strong>observari</strong></span> <span class='ocrx_word' id='word_1_12' title='bbox 1144 654 1343 725; x_wconf 76' lang='lat' dir='ltr'>mandamus,</span> <span class='ocrx_word' id='word_1_13' title='bbox 1367 655 1461 712; x_wconf 86' lang='lat' dir='ltr'><strong>absol·</strong></span> 
     </span>
     <span class='ocr_line' id='line_1_3' title="bbox 195 759 1457 834; baseline -0.001 -17"><span class='ocrx_word' id='word_1_14' title='bbox 195 766 300 817; x_wconf 88' lang='lat' dir='ltr'><strong>ventes</strong></span> <span class='ocrx_word' id='word_1_15' title='bbox 322 759 461 832; x_wconf 83' lang='lat' dir='ltr'><strong>singulos</strong></span> <span class='ocrx_word' id='word_1_16' title='bbox 483 764 604 816; x_wconf 78' lang='lat' dir='ltr'><strong>vestros</strong></span> <span class='ocrx_word' id='word_1_17' title='bbox 627 772 645 815; x_wconf 92' lang='lat' dir='ltr'><strong>a</strong></span> <span class='ocrx_word' id='word_1_18' title='bbox 669 759 799 833; x_wconf 89' lang='lat' dir='ltr'><strong>prestito</strong></span> <span class='ocrx_word' id='word_1_19' title='bbox 822 774 879 832; x_wconf 87' lang='lat' dir='ltr'><strong>per</strong></span> <span class='ocrx_word' id='word_1_20' title='bbox 904 773 960 816; x_wconf 90' lang='lat' dir='ltr'><strong>vos</strong></span> <span class='ocrx_word' id='word_1_21' title='bbox 983 760 1158 818; x_wconf 87' lang='lat' dir='ltr'><strong>iuramento</strong></span> <span class='ocrx_word' id='word_1_22' title='bbox 1174 759 1213 818; x_wconf 92' lang='lat' dir='ltr'><strong>de</strong></span> <span class='ocrx_word' id='word_1_23' title='bbox 1232 760 1299 818; x_wconf 90' lang='lat' dir='ltr'><strong>illis</strong></span> <span class='ocrx_word' id='word_1_24' title='bbox 1316 774 1374 834; x_wconf 93' lang='lat' dir='ltr'><strong>pro</strong></span> <span class='ocrx_word' id='word_1_25' title='bbox 1390 766 1457 817; x_wconf 91' lang='lat' dir='ltr'><strong>tem·</strong></span> 
     </span>
     <span class='ocr_line' id='line_1_4' title="bbox 194 863 1456 940; baseline -0.001 -17"><span class='ocrx_word' id='word_1_26' title='bbox 194 880 270 940; x_wconf 91' lang='lat' dir='ltr'><strong>pore</strong></span> <span class='ocrx_word' id='word_1_27' title='bbox 305 863 509 924; x_wconf 87' lang='lat' dir='ltr'><strong>observandis</strong></span> <span class='ocrx_word' id='word_1_28' title='bbox 544 863 583 921; x_wconf 89' lang='lat' dir='ltr'><strong>ad</strong></span> <span class='ocrx_word' id='word_1_29' title='bbox 619 864 706 921; x_wconf 92' lang='lat' dir='ltr'><strong>cuius</strong></span> <span class='ocrx_word' id='word_1_30' title='bbox 737 864 994 922; x_wconf 82' lang='lat' dir='ltr'><strong>observaciouem</strong></span> <span class='ocrx_word' id='word_1_31' title='bbox 1018 865 1167 923; x_wconf 83' lang='lat' dir='ltr'><strong>volumus</strong></span> <span class='ocrx_word' id='word_1_32' title='bbox 1190 880 1250 923; x_wconf 87' lang='lat' dir='ltr'><strong>vos</strong></span> <span class='ocrx_word' id='word_1_33' title='bbox 1274 881 1337 924; x_wconf 93' lang='lat' dir='ltr'><strong>non</strong></span> <span class='ocrx_word' id='word_1_34' title='bbox 1360 864 1456 933; x_wconf 85' lang='lat' dir='ltr'><strong>teneri,</strong></span> 
     </span>
     <span class='ocr_line' id='line_1_5' title="bbox 194 969 1460 1046; baseline -0.001 -17"><span class='ocrx_word' id='word_1_35' title='bbox 194 970 475 1029; x_wconf 84' lang='lat' dir='ltr'><strong>nonobstantibus</strong></span> <span class='ocrx_word' id='word_1_36' title='bbox 510 969 670 1043; x_wconf 87' lang='lat' dir='ltr'>permissis</span> <span class='ocrx_word' id='word_1_37' title='bbox 702 977 732 1027; x_wconf 94' lang='lat' dir='ltr'><strong>et</strong></span> <span class='ocrx_word' id='word_1_38' title='bbox 764 970 1035 1028; x_wconf 78' lang='lat' dir='ltr'><strong>constitutionibus</strong></span> <span class='ocrx_word' id='word_1_39' title='bbox 1065 978 1097 1028; x_wconf 91' lang='lat' dir='ltr'><strong>et</strong></span> <span class='ocrx_word' id='word_1_40' title='bbox 1119 970 1256 1029; x_wconf 88' lang='lat' dir='ltr'><strong>decretis</strong></span> <span class='ocrx_word' id='word_1_41' title='bbox 1278 971 1460 1046; x_wconf 85' lang='lat' dir='ltr'><strong>apostolicis,</strong></span> 
     </span>
     <span class='ocr_line' id='line_1_6' title="bbox 195 1072 1461 1149; baseline -0.002 -15"><span class='ocrx_word' id='word_1_42' title='bbox 195 1077 366 1149; x_wconf 89' lang='lat' dir='ltr'><strong>ceterisque</strong></span> <span class='ocrx_word' id='word_1_43' title='bbox 397 1076 560 1133; x_wconf 84' lang='lat' dir='ltr'><strong>contrariis</strong></span> <span class='ocrx_word' id='word_1_44' title='bbox 592 1075 848 1148; x_wconf 83' lang='lat' dir='ltr'><strong>quibuscumque</strong></span> <span class='ocrx_word' id='word_1_45' title='bbox 881 1072 970 1132; x_wconf 89' lang='lat' dir='ltr'><strong>Nulli</strong></span> <span class='ocrx_word' id='word_1_46' title='bbox 993 1090 1067 1148; x_wconf 79' lang='lat' dir='ltr'><strong>ergo</strong></span> <span class='ocrx_word' id='word_1_47' title='bbox 1090 1076 1219 1133; x_wconf 89' lang='lat' dir='ltr'><strong>omnino</strong></span> <span class='ocrx_word' id='word_1_48' title='bbox 1243 1076 1408 1134; x_wconf 90' lang='lat' dir='ltr'><strong>hominum</strong></span> <span class='ocrx_word' id='word_1_49' title='bbox 1428 1075 1461 1131; x_wconf 92' lang='lat' dir='ltr'><strong>li·</strong></span> 
     </span>
     <span class='ocr_line' id='line_1_7' title="bbox 194 1181 1458 1255; baseline -0.002 -15"><span class='ocrx_word' id='word_1_50' title='bbox 194 1189 261 1240; x_wconf 87' lang='lat' dir='ltr'><strong>ceat</strong></span> <span class='ocrx_word' id='word_1_51' title='bbox 296 1183 374 1240; x_wconf 88' lang='lat' dir='ltr'><strong>hanc</strong></span> <span class='ocrx_word' id='word_1_52' title='bbox 409 1182 555 1255; x_wconf 85' lang='lat' dir='ltr'><strong>paginam</strong></span> <span class='ocrx_word' id='word_1_53' title='bbox 579 1188 684 1239; x_wconf 84' lang='lat' dir='ltr'><strong>nostre</strong></span> <span class='ocrx_word' id='word_1_54' title='bbox 715 1181 927 1250; x_wconf 79' lang='lat' dir='ltr'><strong>concessionis,</strong></span> <span class='ocrx_word' id='word_1_55' title='bbox 959 1181 1106 1251; x_wconf 90' lang='lat' dir='ltr'><strong>mandati,</strong></span> <span class='ocrx_word' id='word_1_56' title='bbox 1130 1181 1347 1240; x_wconf 88' lang='lat' dir='ltr'><strong>absolucionis</strong></span> <span class='ocrx_word' id='word_1_57' title='bbox 1369 1189 1398 1239; x_wconf 91' lang='lat' dir='ltr'><strong>et</strong></span> <span class='ocrx_word' id='word_1_58' title='bbox 1418 1182 1458 1238; x_wconf 90' lang='lat' dir='ltr'><strong>in·</strong></span> 
     </span>
     <span class='ocr_line' id='line_1_8' title="bbox 192 1286 1457 1361; baseline -0.002 -15"><span class='ocrx_word' id='word_1_59' title='bbox 192 1289 372 1346; x_wconf 87' lang='lat' dir='ltr'><strong>novacionis</strong></span> <span class='ocrx_word' id='word_1_60' title='bbox 394 1286 571 1360; x_wconf 83' lang='lat' dir='ltr'><strong>infringere,</strong></span> <span class='ocrx_word' id='word_1_61' title='bbox 594 1304 650 1345; x_wconf 91' lang='lat' dir='ltr'><strong>nec</strong></span> <span class='ocrx_word' id='word_1_62' title='bbox 673 1289 701 1345; x_wconf 92' lang='lat' dir='ltr'><strong>ei</strong></span> <span class='ocrx_word' id='word_1_63' title='bbox 725 1302 802 1345; x_wconf 87' lang='lat' dir='ltr'><strong>ausu</strong></span> <span class='ocrx_word' id='word_1_64' title='bbox 825 1289 991 1345; x_wconf 89' lang='lat' dir='ltr'><strong>temerario</strong></span> <span class='ocrx_word' id='word_1_65' title='bbox 1014 1288 1175 1346; x_wconf 87' lang='lat' dir='ltr'><strong>contraire.</strong></span> <span class='ocrx_word' id='word_1_66' title='bbox 1206 1287 1242 1346; x_wconf 87' lang='lat' dir='ltr'><strong>Si</strong></span> <span class='ocrx_word' id='word_1_67' title='bbox 1265 1290 1337 1361; x_wconf 90' lang='lat' dir='ltr'><strong>quis</strong></span> <span class='ocrx_word' id='word_1_68' title='bbox 1359 1295 1457 1345; x_wconf 87' lang='lat' dir='ltr'><strong>autern</strong></span> 
     </span>
     <span class='ocr_line' id='line_1_9' title="bbox 192 1392 1459 1468; baseline -0.001 -16"><span class='ocrx_word' id='word_1_69' title='bbox 192 1395 251 1452; x_wconf 90' lang='lat' dir='ltr'><strong>hoc</strong></span> <span class='ocrx_word' id='word_1_70' title='bbox 273 1400 459 1468; x_wconf 83' lang='lat' dir='ltr'><strong>attemptare</strong></span> <span class='ocrx_word' id='word_1_71' title='bbox 483 1395 716 1468; x_wconf 87' lang='lat' dir='ltr'><strong>presumpserit,</strong></span> <span class='ocrx_word' id='word_1_72' title='bbox 740 1392 988 1465; x_wconf 86' lang='lat' dir='ltr'><strong>indignacionem</strong></span> <span class='ocrx_word' id='word_1_73' title='bbox 1011 1395 1235 1467; x_wconf 90' lang='lat' dir='ltr'><strong>omnipotentis</strong></span> <span class='ocrx_word' id='word_1_74' title='bbox 1259 1393 1310 1452; x_wconf 91' lang='lat' dir='ltr'><strong>dei</strong></span> <span class='ocrx_word' id='word_1_75' title='bbox 1342 1400 1371 1452; x_wconf 91' lang='lat' dir='ltr'><strong>et</strong></span> <span class='ocrx_word' id='word_1_76' title='bbox 1394 1395 1459 1451; x_wconf 90' lang='lat' dir='ltr'><strong>bea·</strong></span> 
     </span>
     <span class='ocr_line' id='line_1_10' title="bbox 192 1499 1460 1574; baseline -0.002 -16"><span class='ocrx_word' id='word_1_77' title='bbox 192 1507 298 1559; x_wconf 92' lang='lat' dir='ltr'><strong>torum</strong></span> <span class='ocrx_word' id='word_1_78' title='bbox 321 1500 403 1558; x_wconf 90' lang='lat' dir='ltr'><strong>Petri</strong></span> <span class='ocrx_word' id='word_1_79' title='bbox 426 1508 456 1557; x_wconf 92' lang='lat' dir='ltr'><strong>et</strong></span> <span class='ocrx_word' id='word_1_80' title='bbox 479 1499 568 1558; x_wconf 91' lang='lat' dir='ltr'><strong>Pauli</strong></span> <span class='ocrx_word' id='word_1_81' title='bbox 591 1500 810 1574; x_wconf 90' lang='lat' dir='ltr'><strong>apostolorum</strong></span> <span class='ocrx_word' id='word_1_82' title='bbox 833 1499 899 1556; x_wconf 89' lang='lat' dir='ltr'><strong>eius</strong></span> <span class='ocrx_word' id='word_1_83' title='bbox 922 1516 955 1557; x_wconf 90' lang='lat' dir='ltr'><strong>se</strong></span> <span class='ocrx_word' id='word_1_84' title='bbox 979 1501 1100 1558; x_wconf 86' lang='lat' dir='ltr'><strong>noverit</strong></span> <span class='ocrx_word' id='word_1_85' title='bbox 1116 1501 1327 1558; x_wconf 88' lang='lat' dir='ltr'><strong>incursurum.</strong></span> <span class='ocrx_word' id='word_1_86' title='bbox 1353 1500 1460 1558; x_wconf 88' lang='lat' dir='ltr'><strong>Datum</strong></span> 
     </span>
     <span class='ocr_line' id='line_1_11' title="bbox 191 1605 1459 1680; baseline 0.001 -17"><span class='ocrx_word' id='word_1_87' title='bbox 191 1606 290 1664; x_wconf 90' lang='lat' dir='ltr'><strong>Rome</strong></span> <span class='ocrx_word' id='word_1_88' title='bbox 315 1605 400 1680; x_wconf 87' lang='lat' dir='ltr'><strong>apud</strong></span> <span class='ocrx_word' id='word_1_89' title='bbox 424 1651 555 1664; x_wconf 93' lang='grc'>.....</span> <span class='ocrx_word' id='word_1_90' title='bbox 580 1608 671 1664; x_wconf 85' lang='lat' dir='ltr'><strong>Anno</strong></span> <span class='ocrx_word' id='word_1_91' title='bbox 694 1607 735 1663; x_wconf 93' lang='lat' dir='ltr'><strong>ab</strong></span> <span class='ocrx_word' id='word_1_92' title='bbox 753 1606 961 1663; x_wconf 85' lang='lat' dir='ltr'><strong>incarnatione</strong></span> <span class='ocrx_word' id='word_1_93' title='bbox 982 1605 1102 1665; x_wconf 90' lang='lat' dir='ltr'><strong>domini</strong></span> <span class='ocrx_word' id='word_1_94' title='bbox 1124 1605 1301 1665; x_wconf 86' lang='lat' dir='ltr'><strong>millesimo</strong></span> <span class='ocrx_word' id='word_1_95' title='bbox 1322 1605 1459 1680; x_wconf 89' lang='lat' dir='ltr'><strong>quadrin-</strong></span> 
     </span>
     <span class='ocr_line' id='line_1_12' title="bbox 193 1711 1458 1787; baseline -0.003 -16"><span class='ocrx_word' id='word_1_96' title='bbox 193 1712 365 1785; x_wconf 81' lang='lat' dir='ltr'><strong>gentesimo</strong></span> <span class='ocrx_word' id='word_1_97' title='bbox 401 1713 611 1785; x_wconf 88' lang='lat' dir='ltr'><strong>octuagesimo</strong></span> <span class='ocrx_word' id='word_1_98' title='bbox 645 1712 801 1787; x_wconf 87' lang='lat' dir='ltr'><strong>septimo,</strong></span> <span class='ocrx_word' id='word_1_99' title='bbox 836 1712 969 1785; x_wconf 90' lang='lat' dir='ltr'><strong>septimo</strong></span> <span class='ocrx_word' id='word_1_100' title='bbox 1001 1711 1071 1771; x_wconf 91' lang='lat' dir='ltr'><strong>idus</strong></span> <span class='ocrx_word' id='word_1_101' title='bbox 1105 1712 1224 1787; x_wconf 88' lang='lat' dir='ltr'><strong>aprilis.</strong></span> <span class='ocrx_word' id='word_1_102' title='bbox 1263 1711 1458 1770; x_wconf 87' lang='lat' dir='ltr'><strong>Pontificatus</strong></span> 
     </span>
     <span class='ocr_line' id='line_1_13' title="bbox 191 1818 522 1876; baseline 0.006 -2"><span class='ocrx_word' id='word_1_103' title='bbox 191 1818 293 1875; x_wconf 88' lang='lat' dir='ltr'><strong>nostri</strong></span> <span class='ocrx_word' id='word_1_104' title='bbox 315 1832 394 1875; x_wconf 93' lang='lat' dir='ltr'><strong>anno</strong></span> <span class='ocrx_word' id='word_1_105' title='bbox 419 1819 522 1876; x_wconf 88' lang='lat' dir='ltr'><strong>tercio.</strong></span> 
     </span>
    </p>
   </div>
   <div class='ocr_carea' id='block_1_3' title="bbox 193 1981 1457 2161">
    <p class='ocr_par' dir='ltr' id='par_1_3' title="bbox 193 1981 1457 2161">
     <span class='ocr_line' id='line_1_14' title="bbox 296 1981 1457 2072; baseline -0.001 -17"><span class='ocrx_word' id='word_1_106' title='bbox 296 2006 429 2070; x_wconf 79' lang='lat' dir='ltr'><strong>Originale</strong></span> <span class='ocrx_word' id='word_1_107' title='bbox 447 2008 475 2058; x_wconf 84' lang='lat' dir='ltr'><strong>in</strong></span> <span class='ocrx_word' id='word_1_108' title='bbox 493 1981 648 2060; x_wconf 76' lang='lat' dir='ltr'><strong>membrana.</strong></span> <span class='ocrx_word' id='word_1_109' title='bbox 667 2008 695 2057; x_wconf 83' lang='lat' dir='ltr'>A</span> <span class='ocrx_word' id='word_1_110' title='bbox 714 2023 778 2057; x_wconf 79' lang='lat' dir='ltr'><strong>zoua</strong></span> <span class='ocrx_word' id='word_1_111' title='bbox 797 2008 892 2057; x_wconf 79' lang='lat' dir='ltr'><strong>sericea</strong></span> <span class='ocrx_word' id='word_1_112' title='bbox 911 2007 982 2056; x_wconf 87' lang='lat' dir='ltr'><strong>rubri</strong></span> <span class='ocrx_word' id='word_1_113' title='bbox 1000 2013 1026 2055; x_wconf 88' lang='lat' dir='ltr'><strong>et</strong></span> <span class='ocrx_word' id='word_1_114' title='bbox 1044 2007 1128 2056; x_wconf 85' lang='lat' dir='ltr'><strong>crocei</strong></span> <span class='ocrx_word' id='word_1_115' title='bbox 1145 2005 1241 2057; x_wconf 88' lang='lat' dir='ltr'><strong>coloris</strong></span> <span class='ocrx_word' id='word_1_116' title='bbox 1251 2007 1382 2072; x_wconf 84' lang='lat' dir='ltr'><strong>appendet</strong></span> <span class='ocrx_word' id='word_1_117' title='bbox 1394 2004 1457 2055; x_wconf 76' lang='lat' dir='ltr'><strong>bulla</strong></span> 
     </span>
     <span class='ocr_line' id='line_1_15' title="bbox 193 2095 1305 2161; baseline 0 -16"><span class='ocrx_word' id='word_1_118' title='bbox 193 2095 332 2160; x_wconf 85' lang='lat' dir='ltr'><strong>pontificis.</strong></span> <span class='ocrx_word' id='word_1_119' title='bbox 353 2097 382 2143; x_wconf 91' lang='lat' dir='ltr'><strong>Iu</strong></span> <span class='ocrx_word' id='word_1_120' title='bbox 402 2096 471 2146; x_wconf 80' lang='lat' dir='ltr'><strong>arch.</strong></span> <span class='ocrx_word' id='word_1_121' title='bbox 491 2113 576 2144; x_wconf 78' lang='lat' dir='ltr'><strong>vener.</strong></span> <span class='ocrx_word' id='word_1_122' title='bbox 597 2096 680 2160; x_wconf 76' lang='lat' dir='ltr'><strong>Capit.</strong></span> <span class='ocrx_word' id='word_1_123' title='bbox 700 2097 801 2160; x_wconf 82' lang='lat' dir='ltr'><strong>zagrab.</strong></span> <span class='ocrx_word' id='word_1_124' title='bbox 820 2098 882 2147; x_wconf 81' lang='lat' dir='ltr'><strong>Act.</strong></span> <span class='ocrx_word' id='word_1_125' title='bbox 903 2096 966 2161; x_wconf 87' lang='lat' dir='ltr'><strong>Cap.</strong></span> <span class='ocrx_word' id='word_1_126' title='bbox 985 2102 1037 2144; x_wconf 85' lang='lat' dir='ltr'><strong>ant.</strong></span> <span class='ocrx_word' id='word_1_127' title='bbox 1057 2096 1119 2150; x_wconf 74' lang='lat' dir='ltr'><strong>fasc,</strong></span> <span class='ocrx_word' id='word_1_128' title='bbox 1140 2096 1181 2148; x_wconf 86' lang='grc'><strong>88.</strong></span> <span class='ocrx_word' id='word_1_129' title='bbox 1202 2110 1241 2147; x_wconf 86' lang='lat' dir='ltr'><strong>nr.</strong></span> <span class='ocrx_word' id='word_1_130' title='bbox 1264 2108 1305 2146; x_wconf 86' lang='lat'><strong>22.</strong></span> 
     </span>
    </p>
   </div>
   <div class='ocr_carea' id='block_1_4' title="bbox 779 2378 871 2444">
    <p class='ocr_par' dir='ltr' id='par_1_4' title="bbox 779 2378 871 2444">
     <span class='ocr_line' id='line_1_16' title="bbox 779 2378 871 2444; baseline -0.054 0"><span class='ocrx_word' id='word_1_131' title='bbox 779 2378 871 2444; x_wconf 79' lang='lat'>344.</span> 
     </span>
    </p>
   </div>
   <div class='ocr_carea' id='block_1_5' title="bbox 297 2573 778 2636">
    <p class='ocr_par' dir='ltr' id='par_1_5' title="bbox 297 2573 778 2636">
     <span class='ocr_line' id='line_1_17' title="bbox 297 2573 778 2636; baseline 0.006 -16"><span class='ocrx_word' id='word_1_132' title='bbox 297 2575 378 2621; x_wconf 85' lang='lat' dir='ltr'><strong>Auno</strong></span> <span class='ocrx_word' id='word_1_133' title='bbox 400 2573 475 2635; x_wconf 78' lang='lat'><strong>1487,</strong></span> <span class='ocrx_word' id='word_1_134' title='bbox 495 2586 519 2635; x_wconf 89' lang='lat'><strong>4.</strong></span> <span class='ocrx_word' id='word_1_135' title='bbox 540 2573 609 2621; x_wconf 87' lang='lat' dir='ltr'><strong>maii.</strong></span> <span class='ocrx_word' id='word_1_136' title='bbox 631 2573 778 2636; x_wconf 81' lang='lat' dir='ltr'><strong>Zagrablae.</strong></span> 
     </span>
    </p>
   </div>
   <div class='ocr_carea' id='block_1_6' title="bbox 195 2692 1455 2794">
    <p class='ocr_par' dir='ltr' id='par_1_6' title="bbox 195 2692 1455 2794">
     <span class='ocr_line' id='line_1_18' title="bbox 195 2692 1455 2794; baseline -0.002 -20"><span class='ocrx_word' id='word_1_137' title='bbox 195 2717 361 2790; x_wconf 80' lang='lat' dir='ltr'><strong>Capitulum</strong></span> <span class='ocrx_word' id='word_1_138' title='bbox 392 2717 509 2791; x_wconf 76' lang='lat' dir='ltr'><strong>zagrab.</strong></span> <span class='ocrx_word' id='word_1_139' title='bbox 534 2692 575 2774; x_wconf 51' lang='lat' dir='ltr'><strong>‘de</strong></span> <span class='ocrx_word' id='word_1_140' title='bbox 603 2719 767 2777; x_wconf 77' lang='lat' dir='ltr'><strong>colonorum</strong></span> <span class='ocrx_word' id='word_1_141' title='bbox 797 2719 876 2794; x_wconf 82' lang='lat' dir='ltr'><strong>equis</strong></span> <span class='ocrx_word' id='word_1_142' title='bbox 899 2725 927 2776; x_wconf 84' lang='lat' dir='ltr'><strong>et</strong></span> <span class='ocrx_word' id='word_1_143' title='bbox 941 2717 1105 2792; x_wconf 73' lang='lat' dir='ltr'><strong>peccoribus</strong></span> <span class='ocrx_word' id='word_1_144' title='bbox 1128 2718 1261 2777; x_wconf 83' lang='lat' dir='ltr'><strong>arcendis</strong></span> <span class='ocrx_word' id='word_1_145' title='bbox 1283 2737 1304 2775; x_wconf 86' lang='lat' dir='ltr'><strong>a</strong></span> <span class='ocrx_word' id='word_1_146' title='bbox 1326 2715 1410 2778; x_wconf 73' lang='lat' dir='ltr'><strong>tucis</strong></span> <span class='ocrx_word' id='word_1_147' title='bbox 1429 2722 1455 2773; x_wconf 82' lang='lat' dir='ltr'><strong>et</strong></span> 
     </span>
    </p>
   </div>
   <div class='ocr_carea' id='block_1_7' title="bbox 279 2820 1357 2917">
    <p class='ocr_par' dir='ltr' id='par_1_7' title="bbox 279 2820 1357 2917">
     <span class='ocr_line' id='line_1_19' title="bbox 279 2820 1357 2917; baseline 0.006 -21"><span class='ocrx_word' id='word_1_148' title='bbox 279 2838 441 2915; x_wconf 80' lang='lat' dir='ltr'><strong>faenilibus</strong></span> <span class='ocrx_word' id='word_1_149' title='bbox 463 2842 674 2915; x_wconf 81' lang='lat' dir='ltr'><strong>capitularibus</strong></span> <span class='ocrx_word' id='word_1_150' title='bbox 696 2820 940 2916; x_wconf 41' lang='lat' dir='ltr'><strong>ud&#39;Zagrabiam</strong></span> <span class='ocrx_word' id='word_1_151' title='bbox 964 2843 1035 2912; x_wconf 84' lang='lat' dir='ltr'><strong>sitis,</strong></span> <span class='ocrx_word' id='word_1_152' title='bbox 1057 2841 1199 2917; x_wconf 78' lang='lat' dir='ltr'><strong>quaedam</strong></span> <span class='ocrx_word' id='word_1_153' title='bbox 1222 2843 1357 2917; x_wconf 64' lang='lat' dir='ltr'><strong>disponit.</strong></span> 
     </span>
    </p>
   </div>
   <div class='ocr_carea' id='block_1_8' title="bbox 182 2998 1451 4583">
    <p class='ocr_par' dir='ltr' id='par_1_8' title="bbox 182 2998 1451 4583">
     <span class='ocr_line' id='line_1_20' title="bbox 193 2998 1451 3098; baseline -0.002 -20"><span class='ocrx_word' id='word_1_154' title='bbox 193 2998 196 3005; x_wconf 37' lang='lat'><em>¹</em></span> <span class='ocrx_word' id='word_1_155' title='bbox 297 3021 387 3095; x_wconf 82' lang='lat'>1487.</span> <span class='ocrx_word' id='word_1_156' title='bbox 412 3022 445 3079; x_wconf 93' lang='lat' dir='ltr'><strong>ln</strong></span> <span class='ocrx_word' id='word_1_157' title='bbox 469 3021 519 3078; x_wconf 90' lang='lat' dir='ltr'><strong>die</strong></span> <span class='ocrx_word' id='word_1_158' title='bbox 541 3021 678 3078; x_wconf 90' lang='lat' dir='ltr'><strong>Floriani</strong></span> <span class='ocrx_word' id='word_1_159' title='bbox 701 3037 757 3095; x_wconf 90' lang='lat' dir='ltr'><strong>per</strong></span> <span class='ocrx_word' id='word_1_160' title='bbox 782 3027 881 3079; x_wconf 91' lang='lat' dir='ltr'><strong>totum</strong></span> <span class='ocrx_word' id='word_1_161' title='bbox 905 3021 1078 3093; x_wconf 88' lang='lat' dir='ltr'><strong>capitulum</strong></span> <span class='ocrx_word' id='word_1_162' title='bbox 1102 3022 1287 3079; x_wconf 92' lang='lat' dir='ltr'><strong>conclusum</strong></span> <span class='ocrx_word' id='word_1_163' title='bbox 1303 3029 1360 3098; x_wconf 93' lang='lat' dir='ltr'><strong>est,</strong></span> <span class='ocrx_word' id='word_1_164' title='bbox 1375 3018 1451 3095; x_wconf 89' lang='lat' dir='ltr'><strong>quod</strong></span> 
     </span>
     <span class='ocr_line' id='line_1_21' title="bbox 188 3126 1447 3203; baseline -0.002 -17"><span class='ocrx_word' id='word_1_165' title='bbox 188 3129 378 3201; x_wconf 88' lang='lat' dir='ltr'><strong>quicumque</strong></span> <span class='ocrx_word' id='word_1_166' title='bbox 402 3127 505 3185; x_wconf 87' lang='lat' dir='ltr'><strong>coloni</strong></span> <span class='ocrx_word' id='word_1_167' title='bbox 528 3142 589 3185; x_wconf 92' lang='lat' dir='ltr'><strong>non</strong></span> <span class='ocrx_word' id='word_1_168' title='bbox 612 3126 812 3185; x_wconf 88' lang='lat' dir='ltr'><strong>custodierint</strong></span> <span class='ocrx_word' id='word_1_169' title='bbox 836 3141 932 3200; x_wconf 90' lang='lat' dir='ltr'><strong>equos</strong></span> <span class='ocrx_word' id='word_1_170' title='bbox 956 3142 1028 3185; x_wconf 90' lang='lat' dir='ltr'><strong>suos</strong></span> <span class='ocrx_word' id='word_1_171' title='bbox 1051 3133 1104 3184; x_wconf 93' lang='lat' dir='ltr'><strong>aut</strong></span> <span class='ocrx_word' id='word_1_172' title='bbox 1127 3127 1189 3184; x_wconf 87' lang='lat' dir='ltr'><strong>alia</strong></span> <span class='ocrx_word' id='word_1_173' title='bbox 1213 3129 1325 3200; x_wconf 86' lang='lat' dir='ltr'><strong>quevis</strong></span> <span class='ocrx_word' id='word_1_174' title='bbox 1342 3140 1447 3203; x_wconf 87' lang='lat' dir='ltr'><strong>pecora</strong></span> 
     </span>
     <span class='ocr_line' id='line_1_22' title="bbox 187 3233 1450 3309; baseline -0.001 -17"><span class='ocrx_word' id='word_1_175' title='bbox 187 3235 316 3292; x_wconf 86' lang='lat' dir='ltr'><strong>atlacis</strong></span> <span class='ocrx_word' id='word_1_176' title='bbox 340 3233 540 3292; x_wconf 92' lang='lat' dir='ltr'><strong>dominorum</strong></span> <span class='ocrx_word' id='word_1_177' title='bbox 564 3241 594 3291; x_wconf 90' lang='lat' dir='ltr'><strong>et</strong></span> <span class='ocrx_word' id='word_1_178' title='bbox 618 3233 773 3304; x_wconf 86' lang='lat' dir='ltr'><strong>fenilibus,</strong></span> <span class='ocrx_word' id='word_1_179' title='bbox 797 3241 909 3292; x_wconf 89' lang='lat' dir='ltr'><strong>extunc</strong></span> <span class='ocrx_word' id='word_1_180' title='bbox 940 3233 1118 3291; x_wconf 90' lang='lat' dir='ltr'><strong>huiusmodi</strong></span> <span class='ocrx_word' id='word_1_181' title='bbox 1153 3234 1227 3307; x_wconf 87' lang='lat' dir='ltr'><strong>equi</strong></span> <span class='ocrx_word' id='word_1_182' title='bbox 1262 3241 1316 3293; x_wconf 90' lang='lat' dir='ltr'><strong>aut</strong></span> <span class='ocrx_word' id='word_1_183' title='bbox 1345 3247 1450 3309; x_wconf 84' lang='lat' dir='ltr'><strong>peoora</strong></span> 
     </span>
     <span class='ocr_line' id='line_1_23' title="bbox 187 3338 1448 3415; baseline -0.002 -17"><span class='ocrx_word' id='word_1_184' title='bbox 187 3342 304 3415; x_wconf 88' lang='lat' dir='ltr'><strong>possint</strong></span> <span class='ocrx_word' id='word_1_185' title='bbox 328 3340 445 3398; x_wconf 87' lang='lat' dir='ltr'><strong>ibidem</strong></span> <span class='ocrx_word' id='word_1_186' title='bbox 469 3341 500 3397; x_wconf 92' lang='lat' dir='ltr'><strong>in</strong></span> <span class='ocrx_word' id='word_1_187' title='bbox 524 3340 613 3398; x_wconf 88' lang='lat' dir='ltr'><strong>tlacis</strong></span> <span class='ocrx_word' id='word_1_188' title='bbox 637 3347 666 3396; x_wconf 90' lang='lat' dir='ltr'><strong>et</strong></span> <span class='ocrx_word' id='word_1_189' title='bbox 700 3340 796 3413; x_wconf 89' lang='lat' dir='ltr'><strong>pratis</strong></span> <span class='ocrx_word' id='word_1_190' title='bbox 830 3346 882 3397; x_wconf 92' lang='lat' dir='ltr'><strong>aut</strong></span> <span class='ocrx_word' id='word_1_191' title='bbox 914 3339 1061 3397; x_wconf 82' lang='lat' dir='ltr'><strong>fenilibus</strong></span> <span class='ocrx_word' id='word_1_192' title='bbox 1090 3338 1222 3397; x_wconf 87' lang='lat' dir='ltr'><strong>interfici</strong></span> <span class='ocrx_word' id='word_1_193' title='bbox 1255 3340 1392 3414; x_wconf 90' lang='lat' dir='ltr'><strong>impune.</strong></span> <span class='ocrx_word' id='word_1_194' title='bbox 1420 3338 1448 3397; x_wconf 89' lang='lat' dir='ltr'><strong>Si</strong></span> 
     </span>
     <span class='ocr_line' id='line_1_24' title="bbox 186 3446 1450 3520; baseline -0.001 -17"><span class='ocrx_word' id='word_1_195' title='bbox 186 3463 260 3505; x_wconf 88' lang='lat' dir='ltr'><strong>vero</strong></span> <span class='ocrx_word' id='word_1_196' title='bbox 284 3446 461 3504; x_wconf 89' lang='lat' dir='ltr'><strong>huiusmodi</strong></span> <span class='ocrx_word' id='word_1_197' title='bbox 486 3461 600 3519; x_wconf 87' lang='lat' dir='ltr'><strong>pecora</strong></span> <span class='ocrx_word' id='word_1_198' title='bbox 623 3446 654 3503; x_wconf 94' lang='lat' dir='ltr'><strong>in</strong></span> <span class='ocrx_word' id='word_1_199' title='bbox 678 3446 815 3520; x_wconf 92' lang='lat' dir='ltr'><strong>dampno</strong></span> <span class='ocrx_word' id='word_1_200' title='bbox 840 3446 971 3519; x_wconf 90' lang='lat' dir='ltr'><strong>reperiri</strong></span> <span class='ocrx_word' id='word_1_201' title='bbox 993 3461 1054 3503; x_wconf 94' lang='lat' dir='ltr'><strong>non</strong></span> <span class='ocrx_word' id='word_1_202' title='bbox 1079 3452 1212 3519; x_wconf 90' lang='lat' dir='ltr'><strong>possent,</strong></span> <span class='ocrx_word' id='word_1_203' title='bbox 1236 3453 1353 3505; x_wconf 85' lang='lat' dir='ltr'><strong>extunc</strong></span> <span class='ocrx_word' id='word_1_204' title='bbox 1375 3446 1450 3514; x_wconf 82' lang='lat' dir='ltr'><strong>talis,</strong></span> 
     </span>
     <span class='ocr_line' id='line_1_25' title="bbox 186 3550 1451 3627; baseline -0.002 -17"><span class='ocrx_word' id='word_1_205' title='bbox 186 3555 272 3610; x_wconf 88' lang='lat' dir='ltr'><strong>cuius</strong></span> <span class='ocrx_word' id='word_1_206' title='bbox 295 3567 408 3626; x_wconf 90' lang='lat' dir='ltr'><strong>pecora</strong></span> <span class='ocrx_word' id='word_1_207' title='bbox 430 3553 594 3623; x_wconf 87' lang='lat' dir='ltr'><strong>extiterint,</strong></span> <span class='ocrx_word' id='word_1_208' title='bbox 619 3556 758 3610; x_wconf 89' lang='lat' dir='ltr'><strong>teneatur</strong></span> <span class='ocrx_word' id='word_1_209' title='bbox 780 3552 903 3610; x_wconf 87' lang='lat' dir='ltr'><strong>solvere</strong></span> <span class='ocrx_word' id='word_1_210' title='bbox 928 3551 1061 3627; x_wconf 92' lang='lat' dir='ltr'><strong>duplum</strong></span> <span class='ocrx_word' id='word_1_211' title='bbox 1082 3550 1221 3624; x_wconf 81' lang='lat' dir='ltr'><strong>dampni.</strong></span> <span class='ocrx_word' id='word_1_212' title='bbox 1245 3560 1300 3610; x_wconf 87' lang='lat' dir='ltr'><strong>aut</strong></span> <span class='ocrx_word' id='word_1_213' title='bbox 1322 3554 1350 3611; x_wconf 91' lang='lat' dir='ltr'><strong>si</strong></span> <span class='ocrx_word' id='word_1_214' title='bbox 1373 3558 1451 3610; x_wconf 89' lang='lat' dir='ltr'><strong>certo</strong></span> 
     </span>
     <span class='ocr_line' id='line_1_26' title="bbox 187 3655 1450 3731; baseline -0.001 -16"><span class='ocrx_word' id='word_1_215' title='bbox 187 3674 248 3716; x_wconf 92' lang='lat' dir='ltr'><strong>non</strong></span> <span class='ocrx_word' id='word_1_216' title='bbox 284 3664 413 3731; x_wconf 88' lang='lat' dir='ltr'><strong>possent</strong></span> <span class='ocrx_word' id='word_1_217' title='bbox 442 3659 573 3716; x_wconf 89' lang='lat' dir='ltr'><strong>inveniri</strong></span> <span class='ocrx_word' id='word_1_218' title='bbox 605 3657 691 3729; x_wconf 91' lang='lat' dir='ltr'><strong>tales,</strong></span> <span class='ocrx_word' id='word_1_219' title='bbox 724 3673 857 3731; x_wconf 91' lang='lat' dir='ltr'><strong>quorum</strong></span> <span class='ocrx_word' id='word_1_220' title='bbox 889 3672 1001 3731; x_wconf 87' lang='lat' dir='ltr'><strong>pecora</strong></span> <span class='ocrx_word' id='word_1_221' title='bbox 1024 3656 1196 3731; x_wconf 91' lang='lat' dir='ltr'><strong>dampnum</strong></span> <span class='ocrx_word' id='word_1_222' title='bbox 1221 3655 1349 3728; x_wconf 85' lang='lat' dir='ltr'><strong>faciunt,</strong></span> <span class='ocrx_word' id='word_1_223' title='bbox 1375 3664 1450 3716; x_wconf 89' lang='lat' dir='ltr'><strong>tene·</strong></span> 
     </span>
     <span class='ocr_line' id='line_1_27' title="bbox 185 3762 1449 3838; baseline 0 -18"><span class='ocrx_word' id='word_1_224' title='bbox 185 3769 275 3821; x_wconf 91' lang='lat' dir='ltr'><strong>antur</strong></span> <span class='ocrx_word' id='word_1_225' title='bbox 298 3779 405 3821; x_wconf 88' lang='lat' dir='ltr'><strong>omnes</strong></span> <span class='ocrx_word' id='word_1_226' title='bbox 428 3765 538 3835; x_wconf 88' lang='lat' dir='ltr'><strong>iurare,</strong></span> <span class='ocrx_word' id='word_1_227' title='bbox 563 3769 593 3822; x_wconf 92' lang='lat' dir='ltr'><strong>et</strong></span> <span class='ocrx_word' id='word_1_228' title='bbox 616 3766 805 3838; x_wconf 88' lang='lat' dir='ltr'><strong>quicumque</strong></span> <span class='ocrx_word' id='word_1_229' title='bbox 827 3765 929 3821; x_wconf 87' lang='lat' dir='ltr'><strong>iurare</strong></span> <span class='ocrx_word' id='word_1_230' title='bbox 952 3769 1116 3831; x_wconf 86' lang='lat' dir='ltr'><strong>recusaret,</strong></span> <span class='ocrx_word' id='word_1_231' title='bbox 1139 3762 1253 3820; x_wconf 89' lang='lat' dir='ltr'><strong>eodem</strong></span> <span class='ocrx_word' id='word_1_232' title='bbox 1286 3763 1383 3823; x_wconf 90' lang='lat' dir='ltr'><strong>modo</strong></span> <span class='ocrx_word' id='word_1_233' title='bbox 1414 3770 1449 3820; x_wconf 82' lang='lat' dir='ltr'><strong>le</strong></span> 
     </span>
     <span class='ocr_line' id='line_1_28' title="bbox 184 3869 1448 3943; baseline -0.001 -17"><span class='ocrx_word' id='word_1_234' title='bbox 184 3877 294 3927; x_wconf 87' lang='lat' dir='ltr'><strong>neatur</strong></span> <span class='ocrx_word' id='word_1_235' title='bbox 317 3869 355 3926; x_wconf 90' lang='lat' dir='ltr'><strong>ad</strong></span> <span class='ocrx_word' id='word_1_236' title='bbox 378 3870 581 3929; x_wconf 88' lang='lat' dir='ltr'><strong>solucionem.</strong></span> <span class='ocrx_word' id='word_1_237' title='bbox 614 3870 677 3943; x_wconf 92' lang='lat' dir='ltr'><strong>lpsi</strong></span> <span class='ocrx_word' id='word_1_238' title='bbox 707 3878 810 3928; x_wconf 91' lang='lat' dir='ltr'><strong>autem</strong></span> <span class='ocrx_word' id='word_1_239' title='bbox 842 3870 946 3927; x_wconf 90' lang='lat' dir='ltr'><strong>coloni</strong></span> <span class='ocrx_word' id='word_1_240' title='bbox 976 3869 1074 3926; x_wconf 89' lang='lat' dir='ltr'><strong>nostri</strong></span> <span class='ocrx_word' id='word_1_241' title='bbox 1105 3869 1185 3927; x_wconf 91' lang='lat' dir='ltr'><strong>inter</strong></span> <span class='ocrx_word' id='word_1_242' title='bbox 1208 3884 1241 3926; x_wconf 90' lang='lat' dir='ltr'><strong>se</strong></span> <span class='ocrx_word' id='word_1_243' title='bbox 1265 3870 1402 3928; x_wconf 88' lang='lat' dir='ltr'><strong>habeant</strong></span> <span class='ocrx_word' id='word_1_244' title='bbox 1422 3869 1448 3926; x_wconf 91' lang='lat' dir='ltr'><strong>in</strong></span> 
     </span>
     <span class='ocr_line' id='line_1_29' title="bbox 184 3974 1447 4049; baseline 0 -17"><span class='ocrx_word' id='word_1_245' title='bbox 184 3975 243 4032; x_wconf 92' lang='lat' dir='ltr'><strong>hiis</strong></span> <span class='ocrx_word' id='word_1_246' title='bbox 269 3975 395 4033; x_wconf 89' lang='lat' dir='ltr'><strong>vivendi</strong></span> <span class='ocrx_word' id='word_1_247' title='bbox 417 3977 680 4047; x_wconf 90' lang='lat' dir='ltr'><strong>consvetudinem,</strong></span> <span class='ocrx_word' id='word_1_248' title='bbox 704 3983 737 4034; x_wconf 94' lang='lat' dir='ltr'><strong>ut</strong></span> <span class='ocrx_word' id='word_1_249' title='bbox 761 3991 874 4049; x_wconf 86' lang='lat' dir='ltr'><strong>pecora</strong></span> <span class='ocrx_word' id='word_1_250' title='bbox 906 3974 1086 4034; x_wconf 89' lang='lat' dir='ltr'><strong>huiusmodi</strong></span> <span class='ocrx_word' id='word_1_251' title='bbox 1109 3975 1161 4032; x_wconf 85' lang='lat' dir='ltr'><strong>vel</strong></span> <span class='ocrx_word' id='word_1_252' title='bbox 1184 3975 1259 4048; x_wconf 89' lang='lat' dir='ltr'><strong>equi</strong></span> <span class='ocrx_word' id='word_1_253' title='bbox 1281 3976 1315 4033; x_wconf 90' lang='lat' dir='ltr'><strong>in</strong></span> <span class='ocrx_word' id='word_1_254' title='bbox 1344 3989 1447 4034; x_wconf 88' lang='lat' dir='ltr'><strong>eorum</strong></span> 
     </span>
     <span class='ocr_line' id='line_1_30' title="bbox 183 4080 1447 4157; baseline -0.002 -19"><span class='ocrx_word' id='word_1_255' title='bbox 183 4081 340 4153; x_wconf 86' lang='lat' dir='ltr'><strong>segetibus</strong></span> <span class='ocrx_word' id='word_1_256' title='bbox 364 4089 393 4138; x_wconf 96' lang='lat' dir='ltr'><strong>et</strong></span> <span class='ocrx_word' id='word_1_257' title='bbox 417 4084 514 4155; x_wconf 89' lang='lat' dir='ltr'><strong>pratis</strong></span> <span class='ocrx_word' id='word_1_258' title='bbox 537 4084 654 4157; x_wconf 90' lang='lat' dir='ltr'><strong>reperti</strong></span> <span class='ocrx_word' id='word_1_259' title='bbox 675 4098 736 4140; x_wconf 92' lang='lat' dir='ltr'><strong>non</strong></span> <span class='ocrx_word' id='word_1_260' title='bbox 760 4083 878 4156; x_wconf 88' lang='lat' dir='ltr'><strong>possint</strong></span> <span class='ocrx_word' id='word_1_261' title='bbox 901 4081 1042 4150; x_wconf 89' lang='lat' dir='ltr'><strong>interfici,</strong></span> <span class='ocrx_word' id='word_1_262' title='bbox 1072 4081 1127 4139; x_wconf 92' lang='lat' dir='ltr'><strong>sed</strong></span> <span class='ocrx_word' id='word_1_263' title='bbox 1159 4080 1272 4139; x_wconf 90' lang='lat' dir='ltr'><strong>dentur</strong></span> <span class='ocrx_word' id='word_1_264' title='bbox 1293 4081 1401 4140; x_wconf 80' lang='lat' dir='ltr'><strong>villico</strong></span> <span class='ocrx_word' id='word_1_265' title='bbox 1422 4084 1447 4138; x_wconf 86' lang='lat' dir='ltr'><strong>et</strong></span> 
     </span>
     <span class='ocr_line' id='line_1_31' title="bbox 184 4186 1446 4263; baseline 0.001 -20"><span class='ocrx_word' id='word_1_266' title='bbox 184 4186 238 4243; x_wconf 89' lang='lat' dir='ltr'><strong>fiat</strong></span> <span class='ocrx_word' id='word_1_267' title='bbox 261 4187 421 4244; x_wconf 85' lang='lat' dir='ltr'><strong>estimacio</strong></span> <span class='ocrx_word' id='word_1_268' title='bbox 445 4186 582 4263; x_wconf 91' lang='lat' dir='ltr'><strong>dampni,</strong></span> <span class='ocrx_word' id='word_1_269' title='bbox 606 4196 640 4247; x_wconf 93' lang='lat' dir='ltr'><strong>ut</strong></span> <span class='ocrx_word' id='word_1_270' title='bbox 662 4196 707 4247; x_wconf 91' lang='lat' dir='ltr'><strong>est</strong></span> <span class='ocrx_word' id='word_1_271' title='bbox 723 4187 914 4246; x_wconf 80' lang='lat' dir='ltr'><strong>consuetudo</strong></span> <span class='ocrx_word' id='word_1_272' title='bbox 930 4202 1056 4258; x_wconf 90' lang='lat' dir='ltr'><strong>eorum;</strong></span> <span class='ocrx_word' id='word_1_273' title='bbox 1079 4187 1172 4259; x_wconf 92' lang='lat' dir='ltr'><strong>racio,</strong></span> <span class='ocrx_word' id='word_1_274' title='bbox 1188 4186 1264 4259; x_wconf 86' lang='lat' dir='ltr'><strong>quia</strong></span> <span class='ocrx_word' id='word_1_275' title='bbox 1278 4186 1343 4263; x_wconf 92' lang='lat' dir='ltr'><strong>ipsi</strong></span> <span class='ocrx_word' id='word_1_276' title='bbox 1358 4187 1446 4245; x_wconf 76' lang='lat' dir='ltr'><strong>tlaoes</strong></span> 
     </span>
     <span class='ocr_line' id='line_1_32' title="bbox 183 4290 1444 4369; baseline 0.001 -21"><span class='ocrx_word' id='word_1_277' title='bbox 183 4290 382 4348; x_wconf 90' lang='lat' dir='ltr'><strong>dominorum</strong></span> <span class='ocrx_word' id='word_1_278' title='bbox 405 4300 435 4350; x_wconf 92' lang='lat' dir='ltr'><strong>et</strong></span> <span class='ocrx_word' id='word_1_279' title='bbox 455 4292 561 4352; x_wconf 81' lang='lat' dir='ltr'><strong>senilia</strong></span> <span class='ocrx_word' id='word_1_280' title='bbox 584 4309 621 4353; x_wconf 90' lang='lat' dir='ltr'><strong>ac</strong></span> <span class='ocrx_word' id='word_1_281' title='bbox 645 4300 734 4369; x_wconf 92' lang='lat' dir='ltr'><strong>prata</strong></span> <span class='ocrx_word' id='word_1_282' title='bbox 757 4294 915 4353; x_wconf 89' lang='lat' dir='ltr'><strong>maliciose</strong></span> <span class='ocrx_word' id='word_1_283' title='bbox 942 4299 1029 4352; x_wconf 92' lang='lat' dir='ltr'><strong>erant</strong></span> <span class='ocrx_word' id='word_1_284' title='bbox 1052 4293 1136 4351; x_wconf 90' lang='lat' dir='ltr'><strong>soliti</strong></span> <span class='ocrx_word' id='word_1_285' title='bbox 1160 4291 1330 4368; x_wconf 87' lang='lat' dir='ltr'><strong>depascere</strong></span> <span class='ocrx_word' id='word_1_286' title='bbox 1353 4299 1384 4352; x_wconf 87' lang='lat' dir='ltr'><strong>et</strong></span> <span class='ocrx_word' id='word_1_287' title='bbox 1399 4291 1444 4350; x_wconf 75' lang='lat' dir='ltr'><strong>de</strong></span> 
     </span>
     <span class='ocr_line' id='line_1_33' title="bbox 182 4398 1445 4473; baseline 0.004 -22"><span class='ocrx_word' id='word_1_288' title='bbox 182 4401 305 4453; x_wconf 85' lang='lat' dir='ltr'><strong>vastare</strong></span> <span class='ocrx_word' id='word_1_289' title='bbox 339 4412 376 4453; x_wconf 85' lang='lat' dir='ltr'><strong>ex</strong></span> <span class='ocrx_word' id='word_1_290' title='bbox 412 4412 456 4469; x_wconf 88' lang='lat' dir='ltr'><strong>eo,</strong></span> <span class='ocrx_word' id='word_1_291' title='bbox 492 4401 565 4473; x_wconf 91' lang='lat' dir='ltr'><strong>quia</strong></span> <span class='ocrx_word' id='word_1_292' title='bbox 598 4401 676 4459; x_wconf 92' lang='lat' dir='ltr'><strong>tlace</strong></span> <span class='ocrx_word' id='word_1_293' title='bbox 711 4401 909 4460; x_wconf 91' lang='lat' dir='ltr'><strong>dominorum</strong></span> <span class='ocrx_word' id='word_1_294' title='bbox 935 4406 965 4458; x_wconf 90' lang='lat' dir='ltr'><strong>et</strong></span> <span class='ocrx_word' id='word_1_295' title='bbox 986 4398 1093 4459; x_wconf 81' lang='lat' dir='ltr'><strong>senilia</strong></span> <span class='ocrx_word' id='word_1_296' title='bbox 1116 4405 1188 4458; x_wconf 91' lang='lat' dir='ltr'><strong>sunt</strong></span> <span class='ocrx_word' id='word_1_297' title='bbox 1210 4399 1306 4473; x_wconf 85' lang='lat' dir='ltr'><strong>longe</strong></span> <span class='ocrx_word' id='word_1_298' title='bbox 1328 4406 1360 4458; x_wconf 92' lang='lat' dir='ltr'><strong>et</strong></span> <span class='ocrx_word' id='word_1_299' title='bbox 1381 4398 1445 4457; x_wconf 87' lang='lat' dir='ltr'><strong>ideo</strong></span> 
     </span>
     <span class='ocr_line' id='line_1_34' title="bbox 182 4498 1445 4583; baseline 0.005 -27"><span class='ocrx_word' id='word_1_300' title='bbox 182 4498 331 4557; x_wconf 89' lang='lat' dir='ltr'><strong>custodiri</strong></span> <span class='ocrx_word' id='word_1_301' title='bbox 354 4516 416 4559; x_wconf 93' lang='lat' dir='ltr'><strong>non</strong></span> <span class='ocrx_word' id='word_1_302' title='bbox 440 4511 578 4578; x_wconf 91' lang='lat' dir='ltr'><strong>possunt,</strong></span> <span class='ocrx_word' id='word_1_303' title='bbox 601 4524 657 4566; x_wconf 91' lang='lat' dir='ltr'><strong>nec</strong></span> <span class='ocrx_word' id='word_1_304' title='bbox 679 4515 725 4567; x_wconf 92' lang='lat' dir='ltr'><strong>est</strong></span> <span class='ocrx_word' id='word_1_305' title='bbox 748 4508 869 4566; x_wconf 89' lang='lat' dir='ltr'><strong>licitum</strong></span> <span class='ocrx_word' id='word_1_306' title='bbox 894 4507 979 4581; x_wconf 90' lang='lat' dir='ltr'><strong>quod</strong></span> <span class='ocrx_word' id='word_1_307' title='bbox 1002 4507 1109 4565; x_wconf 88' lang='lat' dir='ltr'><strong>rustici</strong></span> <span class='ocrx_word' id='word_1_308' title='bbox 1132 4506 1233 4565; x_wconf 89' lang='lat' dir='ltr'><strong>nostri</strong></span> <span class='ocrx_word' id='word_1_309' title='bbox 1248 4510 1321 4565; x_wconf 90' lang='lat' dir='ltr'><strong>sunt</strong></span> <span class='ocrx_word' id='word_1_310' title='bbox 1334 4503 1445 4583; x_wconf 77' lang='lat' dir='ltr'><strong>judicet</strong></span> 
     </span>
    </p>
   </div>
   <div class='ocr_carea' id='block_1_9' title="bbox 182 4604 1445 4773">
    <p class='ocr_par' dir='ltr' id='par_1_9' title="bbox 182 4604 1445 4773">
     <span class='ocr_line' id='line_1_35' title="bbox 182 4604 1445 4688; baseline 0.01 -30"><span class='ocrx_word' id='word_1_311' title='bbox 182 4604 280 4661; x_wconf 92' lang='lat' dir='ltr'><strong>nostri</strong></span> <span class='ocrx_word' id='word_1_312' title='bbox 308 4604 340 4661; x_wconf 90' lang='lat' dir='ltr'><strong>in</strong></span> <span class='ocrx_word' id='word_1_313' title='bbox 370 4609 568 4669; x_wconf 87' lang='lat' dir='ltr'><strong>estimacione</strong></span> <span class='ocrx_word' id='word_1_314' title='bbox 600 4611 811 4687; x_wconf 91' lang='lat' dir='ltr'><strong>dampnorum</strong></span> <span class='ocrx_word' id='word_1_315' title='bbox 842 4629 899 4688; x_wconf 93' lang='lat' dir='ltr'><strong>per</strong></span> <span class='ocrx_word' id='word_1_316' title='bbox 928 4627 981 4671; x_wconf 89' lang='lat' dir='ltr'><strong>eos</strong></span> <span class='ocrx_word' id='word_1_317' title='bbox 1003 4612 1166 4670; x_wconf 86' lang='lat' dir='ltr'><strong>illatorum</strong></span> <span class='ocrx_word' id='word_1_318' title='bbox 1189 4611 1270 4671; x_wconf 90' lang='lat' dir='ltr'><strong>sieut</strong></span> <span class='ocrx_word' id='word_1_319' title='bbox 1292 4612 1445 4685; x_wconf 84' lang='lat' dir='ltr'><strong>hucusque</strong></span> 
     </span>
     <span class='ocr_line' id='line_1_36' title="bbox 182 4706 507 4773; baseline 0.025 -8"><span class='ocrx_word' id='word_1_320' title='bbox 182 4706 283 4766; x_wconf 82' lang='lat' dir='ltr'><strong>iacere</strong></span> <span class='ocrx_word' id='word_1_321' title='bbox 306 4712 406 4770; x_wconf 89' lang='lat' dir='ltr'><strong>conati</strong></span> <span class='ocrx_word' id='word_1_322' title='bbox 429 4722 507 4773; x_wconf 87' lang='lat' dir='ltr'><strong>sunt.</strong></span> 
     </span>
    </p>
   </div>
   <div class='ocr_carea' id='block_1_10' title="bbox 285 4896 1445 4970">
    <p class='ocr_par' dir='ltr' id='par_1_10' title="bbox 285 4896 1445 4970">
     <span class='ocr_line' id='line_1_37' title="bbox 285 4896 1445 4970; baseline 0.009 -25"><span class='ocrx_word' id='word_1_323' title='bbox 285 4896 366 4946; x_wconf 85' lang='lat' dir='ltr'><strong>Liber</strong></span> <span class='ocrx_word' id='word_1_324' title='bbox 384 4900 478 4949; x_wconf 83' lang='lat' dir='ltr'><strong>rubeus</strong></span> <span class='ocrx_word' id='word_1_325' title='bbox 495 4918 552 4954; x_wconf 85' lang='lat' dir='ltr'><strong>ven.</strong></span> <span class='ocrx_word' id='word_1_326' title='bbox 572 4904 648 4969; x_wconf 76' lang='lat' dir='ltr'><strong>capit</strong></span> <span class='ocrx_word' id='word_1_327' title='bbox 675 4907 776 4970; x_wconf 77' lang='lat' dir='ltr'><strong>zagrab.</strong></span> <span class='ocrx_word' id='word_1_328' title='bbox 803 4908 835 4956; x_wconf 87' lang='lat' dir='ltr'><strong>In</strong></span> <span class='ocrx_word' id='word_1_329' title='bbox 853 4906 949 4959; x_wconf 83' lang='lat' dir='ltr'><strong>archiv.</strong></span> <span class='ocrx_word' id='word_1_330' title='bbox 968 4907 1029 4959; x_wconf 81' lang='lat' dir='ltr'><strong>incl.</strong></span> <span class='ocrx_word' id='word_1_331' title='bbox 1049 4905 1135 4959; x_wconf 73' lang='lat' dir='ltr'><strong>Acad</strong></span> <span class='ocrx_word' id='word_1_332' title='bbox 1154 4905 1251 4959; x_wconf 78' lang='lat' dir='ltr'><strong>Scient.</strong></span> <span class='ocrx_word' id='word_1_333' title='bbox 1269 4904 1340 4959; x_wconf 73' lang='lat' dir='ltr'>SIn.</span> <span class='ocrx_word' id='word_1_334' title='bbox 1359 4902 1445 4956; x_wconf 77' lang='lat' dir='ltr'><strong>mesid.</strong></span> 
     </span>
    </p>
   </div>
   <div class='ocr_carea' id='block_1_11' title="bbox 0 0 1644 5348">
    <p class='ocr_par' dir='ltr' id='par_1_11' title="bbox 0 0 1644 5348">
     <span class='ocr_line' id='line_1_38' title="bbox 0 0 1644 5348; baseline 0 5"><span class='ocrx_word' id='word_1_335' title='bbox 0 0 1644 5348; x_wconf 95' lang='lat' dir='ltr'><strong> </strong></span> 
     </span>
    </p>
   </div>
  </div>
 </body>
</html>
