3278 5348
618 415 691 472 Doc.
716 426 773 490 135
807 447 848 456 -
872 414 929 472 An.
955 427 1044 492 1443.
1394 418 1452 491 ¹89

187 629 320 688 condam
358 636 447 705 pater
483 644 569 687 meus
598 628 726 687 dederat
748 627 978 701 Syhemberger
1002 643 1060 702 pro
1084 629 1301 702 redempcione
1324 629 1455 702 predicti

187 735 365 806 lowrandi,
387 734 512 810 quando
536 736 641 810 ipsum
664 734 875 792 Lowrandum
898 735 1056 808 predictus
1080 741 1170 809 pater
1196 750 1284 792 meus
1315 737 1355 792 ab
1386 736 1455 809 ipso

185 840 419 914 Syhembergar
442 856 500 915 pro
522 843 599 916 ipsis
623 841 762 899 ducentis
785 840 908 899 florenis
931 843 999 898 auri
1030 840 1198 899 redimerat
1221 841 1259 898 de
1292 842 1455 915 captivate,

186 964 279 1022 super
304 949 421 1021 quibus
449 948 551 1006 habeo
581 949 719 1006 litteram
743 947 872 1020 capituli
895 947 1023 1004 ecclesie
1058 948 1274 1019 zagrabiensis,
1299 962 1377 1020 quos
1399 948 1456 1005 du·

185 1059 289 1113 centos
313 1053 446 1111 florenos
469 1055 536 1112 auri
558 1055 630 1127 lego
655 1050 723 1111 dari
746 1059 776 1111 et
800 1053 939 1126 persolvi
963 1053 1110 1127 predictis
1133 1055 1225 1112 uxori
1252 1062 1281 1111 et
1296 1054 1362 1112 filie
1378 1055 1455 1111 meis

187 1175 236 1219 me
257 1161 421 1218 moriente.
444 1159 523 1218 item
546 1161 646 1218 habeo
669 1175 763 1217 unam
788 1160 903 1217 bonam
927 1161 1057 1217 loricam
1084 1160 1164 1218 circa
1185 1160 1324 1217 nobilem
1351 1161 1454 1218 virum

184 1265 338 1348 Jacoburn
355 1264 394 1322 de
409 1266 566 1338 Thosaycz
582 1267 754 1323 curiensem
770 1266 854 1323 curie
870 1266 1057 1339 episcopalis
1075 1266 1283 1339 zagrabiensis
1306 1281 1364 1339 pro
1380 1283 1455 1340 qua·

186 1376 255 1430 tuor
272 1371 398 1429 florenis
413 1371 444 1430 in
462 1372 600 1445 pignore,
618 1387 712 1445 quam
736 1372 867 1429 loricam
890 1371 961 1443 lego
984 1370 1050 1429 dari
1074 1377 1105 1428 et
1127 1371 1279 1429 redimere
1302 1372 1369 1429 silio
1385 1389 1455 1430 meo

185 1478 300 1536 seniori
324 1477 452 1535 Nicolao
476 1479 644 1535 nominato.
667 1478 893 1535 Execucionem
916 1477 1021 1550 itaque
1036 1479 1187 1551 presentis
1203 1479 1264 1535 mei
1281 1479 1455 1536 testamenti

185 1585 372 1642 recommito
396 1600 490 1658 super
514 1584 686 1659 predictam
710 1584 870 1642 dominam
886 1584 1033 1641 Vrsulam
1051 1599 1177 1642 uxorem
1196 1592 1343 1643 meamet
1362 1600 1456 1658 super

186 1690 328 1765 prefatos
352 1690 463 1748 fratres
486 1705 559 1749 suos
583 1690 723 1748 carnales
745 1689 829 1747 filios
851 1691 970 1748 scilicet
992 1691 1091 1764 ipsius
1121 1691 1202 1748 Petri
1234 1690 1272 1748 de
1306 1689 1456 1748 Rakonok

184 1796 360 1868 predictam
377 1812 412 1854 ac
427 1812 523 1871 super
537 1796 711 1871 predictum
735 1797 912 1867 Martinum,
935 1796 1037 1854 filium
1068 1798 1184 1855 sororis
1207 1813 1274 1853 mee
1298 1805 1327 1853 et
1358 1797 1455 1871 ipsius

185 1901 324 1960 ladislai
361 1902 399 1959 de
433 1902 515 1960 dicta
550 1902 699 1977 Gorycza,
735 1904 781 1960 uti
815 1904 874 1977 ipsi
906 1903 945 1960 de
974 1904 1120 1961 omnibus
1144 1904 1302 1977 premissis
1325 1919 1381 1976 per
1404 1920 1454 1961 me

185 2007 355 2081 prelegatis
386 2024 422 2066 ac
455 2009 526 2066 aliis
561 2010 707 2067 omnibus
742 2010 817 2083 ipsis
852 2024 908 2083 per
943 2025 993 2066 me
1024 2011 1210 2067 verbotenus
1245 2011 1454 2068 recommissis

186 2114 313 2188 plenam
337 2120 367 2171 et
389 2115 604 2173 omnimodam
624 2116 797 2189 exequendi
832 2122 861 2174 et
892 2116 1077 2190 disponendi
1105 2118 1240 2174 habeant
1270 2123 1454 2191 potestatem

185 2219 272 2277 iuxta
302 2221 554 2279 commissionem
585 2227 616 2280 et
645 2223 829 2296 peticionem
863 2238 965 2279 meam
997 2223 1133 2281 fideliter
1162 2233 1192 2280 et
1223 2225 1454 2280 conscienciose.

187 2324 316 2384 Presens
339 2342 464 2401 quoque
487 2333 705 2385 testamentum
728 2344 834 2385 meum
858 2335 961 2386 actum
986 2337 1015 2386 et
1046 2331 1140 2386 scribi
1174 2329 1291 2387 factum
1322 2336 1366 2387 est
1398 2345 1454 2403 per

187 2446 244 2505 me,
279 2433 475 2506 presentibus
509 2433 642 2492 discreto
678 2435 746 2491 viro
781 2434 908 2492 domiuo
944 2434 1039 2493 Gallo
1075 2436 1256 2509 presbitero,
1290 2436 1453 2509 capellano

190 2539 320 2597 ecclesie
343 2539 439 2597 sancti
463 2540 559 2597 Marci
583 2541 780 2612 ewangeliste
803 2541 834 2598 in
857 2541 981 2598 civitate
1004 2541 1143 2616 predicta
1166 2540 1300 2611 fundate,
1324 2558 1359 2599 ac
1383 2557 1454 2615 pro·

189 2643 268 2703 vidis
304 2649 335 2702 et
368 2645 505 2704 honestis
539 2646 623 2716 viris,
655 2646 793 2717 Nicolao,
819 2647 886 2704 filio
911 2648 1000 2719 Petri,
1024 2646 1125 2724 judice
1148 2648 1298 2706 moderno
1321 2649 1454 2707 civitatis

189 2751 334 2822 predicte,
369 2765 404 2808 ac
439 2752 566 2822 Marino,
601 2751 667 2809 filio
704 2752 815 2811 Klario
850 2762 880 2810 et
914 2755 1054 2825 Martino,
1090 2755 1156 2812 silio
1179 2755 1307 2826 Thome,
1331 2754 1453 2827 pridem

188 2851 351 2930 judicibus,
375 2857 561 2930 civibusque
584 2859 719 2916 civitatis
743 2859 889 2933 predicte,
913 2875 949 2917 ac
980 2861 1049 2919 aliis
1083 2876 1177 2934 quarn
1213 2862 1356 2935 pluribus
1379 2862 1454 2920 tide·

189 2960 288 3036 dignis
312 2964 442 3021 testibus
464 2964 504 3021 ad
528 2966 681 3039 premissa
704 2981 761 3040 per
784 2982 835 3024 me
858 2981 916 3041 pro
940 2969 1119 3026 testimonio
1142 2968 1320 3041 specialiter
1336 2970 1453 3027 vocatis

188 3077 213 3127 et
236 3071 365 3142 rogatis,
399 3084 532 3143 quorum
562 3071 677 3143 sigillis
708 3073 845 3146 propriis
869 3072 953 3130 idem
977 3079 1197 3131 testamentum
1222 3090 1328 3132 meum
1351 3076 1380 3132 in
1405 3077 1453 3133 sui

187 3178 327 3248 margine
350 3175 487 3234 interiori
511 3178 591 3251 pecii
614 3179 789 3250 consignari
813 3177 913 3236 tacere
937 3195 993 3251 per
1016 3179 1144 3237 eosdem
1168 3181 1199 3238 in
1223 3180 1320 3238 fidem
1350 3187 1379 3238 et
1410 3187 1452 3238 te·

185 3282 369 3341 stimonium
391 3284 533 3340 omnium
557 3285 791 3357 premissorum.

291 3417 426 3482 Originale
443 3419 471 3467 in
490 3419 585 3471 charta.
605 3421 688 3469 Penes
707 3419 821 3483 sigillum
840 3422 951 3470 civitatis
970 3423 1094 3486 impressa
1113 3430 1171 3472 suut
1189 3424 1273 3475 adhuc
1291 3426 1339 3474 tria
1359 3425 1453 3489 sigilla.

182 3506 216 3557 In
235 3507 333 3556 archiv.
353 3507 398 3558 lib.
418 3524 471 3571 reg.
489 3509 537 3558 civ.
556 3509 655 3573 zagrab.

782 3702 858 3771 135.

293 3843 373 3892 Anno
396 3855 470 3906 1443,
490 3844 513 3895 8.
531 3845 649 3908 januarii.
670 3847 817 3910 Zagrabiae.

191 3969 297 4028 Coram
313 3970 464 4048 johanne,
486 3971 661 4030 decretorum
684 3974 795 4031 doctore
817 3982 846 4032 et
868 3977 978 4033 vicario
1000 3978 1130 4035 cccleseize
1152 3980 1280 4052 zagrub„
1310 3980 1453 4054 Georgras

185 4076 219 4133 de
242 4076 377 4149 Meglcclr
403 4077 549 4152 presbyter
579 4085 607 4135 ct
626 4087 720 4136 rector
749 4081 854 4138 altaris
876 4100 897 4139 s.
921 4082 1121 4155 Magdolenac
1152 4086 1225 4142 cives
1247 4089 1349 4143 inentis
1378 4086 1452 4144 Gre-

511 4172 600 4242 ccnsis
623 4186 803 4261 injuriarum
819 4188 973 4262 factarum
997 4191 1122 4247 arcessit.

292 4326 454 4386 Universis
477 4336 507 4387 et
531 4331 661 4403 singulis
684 4333 820 4390 cuiusvis
843 4339 948 4404 status,
972 4335 1095 4407 gradus,
1119 4335 1245 4406 ordinis,
1268 4343 1297 4394 et
1320 4339 1438 4411 preemi

186 4432 292 4491 nencie
324 4434 386 4491 sint
420 4441 450 4492 et
483 4436 624 4509 existant,
658 4444 813 4510 presentes
848 4439 961 4496 visuris
995 4456 1049 4497 seu
1083 4441 1276 4516 inspecturis,
1296 4443 1451 4526 Johannes

187 4536 382 4596 decretorum
405 4539 522 4611 doctor,
545 4543 709 4600 canonicus
730 4551 760 4601 et
784 4545 918 4603 vicarius
942 4546 1070 4603 ecclesie
1092 4547 1301 4618 zagrabiensis
1317 4549 1347 4606 in
1362 4549 1451 4623 spiri·

186 4642 325 4702 tualibus
347 4646 501 4716 generalis
524 4646 657 4705 salutem
673 4649 704 4706 in
721 4649 847 4708 domino
863 4653 1084 4724 sempiternam
1101 4658 1131 4709 et
1145 4655 1341 4727 presentibus
1356 4654 1452 4714 tidem

187 4747 351 4808 indubiam
374 4750 525 4811 adhiberi.
557 4752 722 4827 Noveritis,
745 4755 828 4830 quod
853 4756 944 4816 nobis
974 4757 1050 4816 teria
1081 4759 1176 4817 tercia
1207 4761 1350 4834 proxima
1381 4766 1453 4835 post

187 4852 302 4915 iatum
323 4857 571 4933 Epiphaniarum
593 4859 722 4934 domini,
745 4863 888 4936 proxime
909 4864 1101 4937 preteritum,
1124 4881 1184 4925 una
1207 4882 1279 4926 cum
1294 4867 1452 4929 nonnullis
