3278 5348
593 460 667 518 Doc.
690 468 760 536 273.
784 489 828 501 -
850 458 906 516 An.
932 469 1020 537 1472.

777 686 863 755 273,

289 836 369 884 Anno
392 845 465 898 1472,
486 845 527 885 20.
547 833 616 883 maii.
635 831 733 882 Budoe.

184 961 328 1030 Mallias,
351 961 529 1034 Hungan‘ae
549 967 602 1020 etc.
618 977 682 1027 rex,
696 955 826 1027 maniat,
840 958 964 1030 capetulo
975 957 1093 1026 albensi,
1107 965 1141 1015 ut
1151 959 1341 1016 cmnnrunt'las
1355 957 1449 1015 montis

219 1068 370 1127 Grecensis
392 1069 422 1123 in
446 1067 612 1140 legittimam
632 1064 834 1138 possessionem
857 1062 972 1132 Dedilt',
1000 1043 1167 1121 Crnomcrcc
1189 1071 1241 1125 etc.
1265 1071 1421 1123 statuatur.

288 1210 420 1269 Mathias
444 1209 493 1267 dei
516 1209 619 1281 gracia
643 1223 697 1266 rex
720 1206 888 1280 Hungarie,
912 1205 1059 1264 Bohemie
1082 1213 1137 1264 etc.
1162 1205 1327 1265 Fidelibus
1342 1207 1451 1266 nostris

183 1318 321 1392 capitulo
344 1315 472 1374 ecclesie
495 1314 642 1386 albensis,
664 1313 797 1371 salutem
821 1319 851 1370 et
881 1312 1030 1385 graciam.
1062 1311 1142 1369 Cum
1170 1327 1228 1370 nos
1251 1312 1453 1370 consideratis

183 1422 333 1480 fidelitate
355 1428 385 1480 et
408 1421 547 1478 serviciis
571 1419 714 1477 fidelium
736 1424 914 1476 nostrorum
947 1419 1246 1492 circumspectorum
1268 1416 1390 1493 judicis,
1410 1416 1454 1494 ju·

183 1536 333 1599 ratorum,
363 1534 601 1600 ceterorumque
631 1527 747 1583 civium
778 1525 912 1583 civitatis
931 1531 1034 1583 nostre
1065 1526 1180 1582 montis
1216 1523 1383 1583 Grecensis
1417 1523 1454 1581 de

183 1631 270 1709 juxta
293 1633 488 1707 Zagrabiam,
513 1649 569 1706 per
592 1647 644 1691 eos
665 1632 755 1690 nobis
778 1631 933 1702 exhibitis,
957 1632 1166 1706 possessiones
1189 1630 1325 1704 Dedycz,
1363 1629 1457 1689 Cher·

182 1755 334 1811 nomerez,
368 1738 487 1813 Bythelr
521 1745 551 1797 et
585 1737 696 1796 Noualr
730 1744 865 1808 vocatas,
900 1738 1027 1795 omnino
1061 1738 1094 1795 in
1129 1738 1287 1796 territorio
1323 1737 1459 1797 civitatis
1495 1753 1502 1765 ·

183 1851 286 1904 nostre
308 1847 481 1916 existentes,
501 1846 633 1912 habitas,
657 1845 689 1901 in
721 1859 855 1916 quarum
887 1842 1017 1918 pacifico
1050 1842 1189 1902 dominio
1223 1842 1339 1919 prefati
1374 1847 1458 1904 cives

183 1952 417 2027 predecessores
446 1966 518 2009 suos
549 1952 590 2008 ab
619 1951 747 2022 antiquo
779 1951 957 2024 perstitisse,
989 1949 1044 2008 sed
1075 1950 1201 2008 tandem
1225 1952 1386 2024 preteritis
1412 1952 1458 2010 di·

184 2061 376 2118 sturbiorum
402 2059 596 2132 temporibus
619 2073 676 2131 per
698 2057 865 2115 nonnullos
888 2055 1062 2114 detentores
1093 2057 1274 2115 earumdem
1307 2058 1459 2131 qualiter·

185 2181 317 2239 cumque
349 2166 451 2223 minus
479 2162 558 2239 juste
591 2165 632 2221 ab
663 2165 730 2238 ipsa
763 2164 886 2221 civitate
915 2168 1019 2220 nostra
1052 2168 1217 2239 occupatas
1250 2171 1279 2221 et
1304 2165 1459 2223 alienatas

186 2270 253 2328 fore
287 2275 435 2340 asserunt,
469 2274 500 2328 et
534 2271 661 2344 insuper
696 2268 865 2342 quoddam>
891 2268 1007 2326 vadum
1044 2269 1206 2342 Kyralrew
1242 2277 1402 2342 vocatum,
1427 2272 1459 2329 in

183 2377 279 2436 ssuvio
303 2378 394 2435 Zawe
417 2378 570 2447 habitum,
593 2376 633 2433 ad
658 2383 794 2433 castrum
818 2382 958 2433 nostrum
983 2375 1102 2434 Medwe
1125 2377 1289 2450 pertinens,
1324 2377 1364 2435 de
1388 2378 1460 2451 ipso

184 2491 284 2542 castro
307 2491 412 2542 nostro
437 2482 556 2540 Medwe
577 2489 814 2556 sequestrantes,
839 2482 912 2539 item
938 2487 1038 2539 totum
1061 2485 1090 2539 et
1119 2496 1210 2539 omne
1237 2481 1285 2558 jus
1312 2491 1461 2542 nostrum

184 2591 315 2662 regium,
348 2591 374 2646 si
405 2589 487 2661 quod
522 2590 552 2646 in
586 2588 713 2662 prefatis
745 2587 991 2662 possessionibus
1023 2593 1053 2645 et
1076 2587 1157 2645 vado
1183 2588 1460 2664 qualitercumque

184 2697 381 2766 haberemus,
407 2703 459 2752 aut
483 2702 621 2753 nostram
644 2712 682 2752 ex
706 2695 957 2768 quibuscumque
980 2695 1088 2766 causis,
1110 2674 1180 2766 siis,
1213 2694 1318 2754 modis
1354 2704 1385 2756 et
1409 2713 1461 2756 ra·

185 2803 325 2860 cionibus
355 2809 553 2859 concerneret
584 2803 792 2873 maiestatem,
827 2803 922 2859 simul
957 2818 1029 2859 cum
1061 2803 1176 2860 cunctis
1207 2803 1394 2862 earumdem
1426 2811 1458 2862 et

185 2908 322 2966 eiusdem
346 2909 420 2965 vadi
443 2908 637 2979 utilitatibus,
663 2907 928 2966 fructuositatibus
945 2914 974 2966 et
990 2909 1186 2983 pertinenciis
1202 2909 1461 2984 quibuscumque

185 3016 353 3089 premissis,
376 3015 419 3072 sic
443 3021 477 3071 ut
503 3014 666 3087 prefertur,
691 3016 844 3073 stantibus
874 3023 902 3072 et
927 3031 960 3073 se
991 3016 1186 3085 habentibus
1217 3024 1394 3075 memorate
1417 3019 1462 3076 ci·

184 3123 272 3179 vitati
296 3129 399 3179 nostre
423 3122 536 3178 montis
560 3121 723 3179 Grecensis
747 3130 776 3180 et
800 3139 856 3196 per
880 3137 1069 3196 consequens
1093 3121 1213 3180 civibus
1228 3129 1260 3179 et
1275 3122 1462 3196 hospitibus

184 3229 214 3285 in
239 3229 346 3286 eadem
370 3244 427 3302 pro
452 3236 592 3300 tempore
616 3230 891 3300 commorantibus
915 3230 1022 3302 vigore
1044 3229 1177 3286 aliarum
1200 3228 1381 3287 litterarum
1405 3245 1462 3288 no·

185 3342 319 3392 strarum
334 3335 581 3392 donacionalium
607 3333 717 3391 exinde
742 3334 951 3392 confectarum
969 3337 1000 3393 in
1017 3343 1203 3409 perpetuum
1220 3336 1461 3408 contulerimus,

184 3442 380 3514 velimusque
403 3441 528 3497 eosdem
551 3441 583 3498 in
607 3440 782 3497 dominium
804 3441 984 3499 earumdem
1008 3449 1038 3499 et
1061 3440 1198 3498 eiusdem
1223 3456 1279 3513 per
1309 3450 1460 3501 nostrum

184 3554 214 3603 et
239 3554 376 3604 vestrum
408 3547 548 3603 homines
573 3547 724 3618 legittime
761 3545 859 3604 facere
891 3547 1052 3605 introduci.
1082 3545 1183 3620 Super
1213 3562 1276 3619 quo
1307 3547 1463 3609 fidelitati

183 3663 286 3709 vestre
311 3652 501 3721 mandamus,
524 3660 675 3724 quatenus
699 3660 839 3709 vestrum
865 3653 995 3710 mittatis
1021 3654 1178 3710 hominem
1200 3669 1259 3727 pro
1275 3655 1461 3715 testimonio

184 3758 246 3816 fide
271 3758 408 3829 dignum,
433 3773 494 3829 quo
520 3768 670 3829 presente,
694 3758 776 3816 lwelr
799 3758 838 3816 de
863 3759 1077 3831 Brezowycha‚
1110 3759 1161 3818 vel
1193 3760 1328 3819 Michael
1361 3760 1461 3820 Bena-

184 3864 323 3935 kowych,
356 3870 409 3920 aut
434 3863 540 3920 Petrus
572 3865 610 3921 de
642 3865 799 3936 Kayenyk.
824 3882 876 3922 seu
896 3866 1077 3924 Valentinus
1101 3866 1140 3924 de
1163 3865 1385 3932 Chernkowca.
1408 3869 1461 3927 sin

184 3970 334 4025 Martinus
366 3968 404 4024 de
433 3968 652 4040 Schytaryewo
684 3979 736 4028 aut
767 3970 942 4045 Stephanus
966 3972 1004 4029 de
1028 3974 1225 4044 Adamowca,
1248 3973 1319 4031 aliis
1342 3975 1461 4033 absen-

184 4075 275 4145 tibus,
291 4074 385 4131 homo
404 4080 516 4143 noster,
541 4075 579 4130 ad
605 4074 696 4131 facies
722 4079 965 4151 prescriptarum
989 4080 1219 4152 possessionum
1242 4086 1272 4136 et
1288 4078 1364 4137 dicti
1381 4080 1460 4139 vadi

184 4180 292 4237 vicinis
316 4186 345 4237 et
368 4181 588 4236 commetaneis
612 4182 750 4239 eiusdem
775 4186 926 4241 universis
951 4186 1026 4242 inibi
1050 4185 1202 4258 legittime
1222 4187 1401 4244 convocatis
1426 4193 1459 4246 et

184 4286 377 4358 presentibus
401 4284 586 4356 accedentes,
612 4287 736 4346 inducat
762 4297 951 4347 memoratos
983 4292 1065 4348 cives
1088 4298 1118 4349 et
1141 4293 1399 4351 communitatem
1424 4295 1459 4354 in

184 4389 358 4449 dominium
389 4392 569 4450 earumdem
602 4402 631 4451 et
660 4396 806 4467 eiusdem,
830 4404 1006 4470 statuatque
1030 4398 1152 4456 easdem
1176 4405 1206 4457 et
1229 4398 1312 4458 idem
1336 4400 1460 4460 eisdem

183 4496 277 4554 simul
307 4515 378 4555 cum
414 4499 495 4556 dicto
530 4498 598 4574 jure
628 4508 735 4559 nostro
766 4505 851 4575 regio
877 4506 907 4561 in
931 4505 1049 4562 eisdem
1072 4506 1179 4563 habito
1202 4521 1238 4564 ao
1260 4508 1381 4564 cunctis
1405 4522 1459 4565 ea·

182 4603 314 4661 rundem
348 4613 377 4662 et
408 4604 545 4663 eiusdem
580 4609 764 4666 utilitatibus
796 4615 826 4667 et
862 4612 1059 4683 pertinenciis
1083 4612 1277 4684 quibuslibet
1300 4616 1460 4688 premisse

181 4716 286 4766 nostre
309 4726 389 4768 nove
413 4710 589 4771 donacionis
614 4715 712 4785 titulo,
737 4723 889 4790 perpetuo
915 4718 1126 4790 possidendas,
1146 4719 1251 4777 sinon
1267 4717 1365 4778 fuerit
1384 4737 1457 4783 con·

182 4815 356 4875 tradictum.
385 4818 633 4878 Contradictores
665 4837 748 4893 vero,
772 4825 798 4881 si
830 4825 882 4898 qui
917 4824 1040 4897 fuerint,
1064 4832 1171 4884 evocet
1194 4825 1322 4885 eosdem
1346 4836 1460 4889 contra

181 4928 342 4981 annotatos
366 4925 449 4983 cives
473 4927 505 4983 in
527 4928 721 5000 presenciam
747 4929 901 4989 banorum
927 4933 978 4989 vel
1004 4934 1229 4991 vicebanorum
1244 4935 1335 5009 regni
1357 4939 1463 4999 nostri
