3256 5346
604 446 809 505 Doc.11.—
833 446 889 506 An.
913 443 1005 524 1406.
1401 469 1433 511 ιι

169 661 262 719 riensi
285 660 359 719 sede
382 668 519 733 vacante,
536 661 703 721 fratribus:
725 662 830 719 Dausa
857 663 1057 723 chanadiensi
1081 671 1110 721 et
1133 665 1285 738 llynkone
1301 667 1440 724 nitriensi

169 765 275 825 electis
297 783 334 825 ac
356 767 478 825 Thoma
500 768 652 826 senniensi
675 767 874 827 ecclesiarum
903 769 1008 842 episco
1022 771 1079 843 pis,
1109 771 1253 830 ecclesias
1287 771 1336 829 dei
1371 771 1439 830 ieli-

171 873 247 931 citer
269 873 526 946 gubernantibus.
549 874 627 947 Item
651 874 824 948 magnificis
847 875 944 933 viris:
968 875 1099 934 Nicolao
1122 877 1160 934 de
1185 877 1268 935 Gara
1291 879 1437 952 palatino,

168 980 310 1063 Johanne
334 985 364 1038 et
385 980 504 1063 Jacobo
527 980 689 1053 wayvodis
720 982 834 1040 nostris
865 982 1075 1053 transilvanis‚
1099 985 1214 1041 comite
1238 982 1348 1055 Frank,
1372 984 1439 1042 filio

169 1083 303 1142 condam
317 1085 417 1144 Konie
440 1086 522 1158 bani,
545 1085 647 1163 judice
671 1087 754 1145 curie
777 1092 892 1158 nostre,
916 1088 1013 1145 Paulo
1037 1088 1162 1146 Bisseno
1179 1096 1208 1146 et
1225 1091 1324 1147 altero
1340 1090 1437 1148 Paulo

169 1181 208 1248 de
230 1190 309 1248 Peth
332 1191 502 1263 Dalmacie‚
526 1193 655 1251 Croacie
676 1198 706 1250 et
729 1193 828 1251 tocius
851 1191 1023 1264 Sclauonie,
1053 1195 1193 1277 Johanne
1225 1195 1262 1253 de
1295 1197 1438 1254 Marouth

171 1297 383 1356 machoviensi
405 1298 503 1369 banis,
526 1299 643 1356 honore
666 1299 797 1356 hanatus
821 1300 975 1357 zeurensis
997 1305 1134 1370 vacante,
1158 1300 1287 1359 Nicolao
1309 1302 1438 1359 Trentul

172 1404 405 1461 tavarnicorum
428 1409 458 1462 et
481 1405 593 1462 comite
617 1405 655 1463 de
678 1406 805 1478 Posega,
828 1403 954 1463 Simone
977 1405 1045 1463 filio
1069 1406 1201 1479 predicti
1233 1407 1331 1464 Konie
1365 1408 1437 1465 bani

169 1504 348 1584 janitorum,
371 1510 505 1568 Martino
528 1510 607 1568 Ders
630 1510 854 1585 dapiferorum
877 1511 1047 1569 Laurencio
1070 1511 1108 1568 de
1124 1514 1188 1569 Aar
1211 1513 1437 1585 pincernarum,

171 1613 263 1673 Petro
287 1614 376 1673 Cheh
399 1630 572 1689 agazonum
595 1623 775 1675 nostrorum
797 1617 957 1690 magistris
981 1623 1011 1674 et
1034 1616 1209 1691 Silstrangh
1240 1620 1352 1676 comite
1383 1635 1438 1692 po-

173 1720 315 1792 soniensi,
339 1721 470 1795 aliisque
492 1737 588 1795 quam
612 1722 757 1796 pluribus
780 1724 867 1796 regni
901 1723 999 1781 nostri
1022 1724 1186 1782 comitatus
1210 1726 1385 1783 tenentibus
1409 1731 1438 1782 et

171 1827 312 1886 honores.

276 2016 411 2092 Originnle
430 2019 458 2067 in
476 2019 630 2071 membrana.
651 2019 684 2067 In
703 2020 818 2083 margine
845 2020 960 2069 inferiori
985 2036 1001 2068 n
1019 2034 1083 2069 zona
1101 2020 1197 2068 sericea
1215 2017 1291 2067 rubra
1309 2018 1439 2084 appendet

171 2104 293 2170 uigilum.
313 2107 345 2154 In
363 2107 459 2156 archiv.
478 2107 523 2156 lib.
544 2123 596 2171 reg.
616 2108 663 2158 civ.
686 2107 787 2171 zngrab.

788 2388 834 2455 ll.

274 2533 356 2582 Anno
377 2533 452 2596 1406,
475 2542 513 2596 13.
531 2534 650 2598 januarii,
670 2534 767 2586 Budae.

173 2656 384 2733 Segismundus
405 2662 583 2734 ilungariac
605 2671 653 2720 etc.
676 2681 739 2731 rex,
763 2663 935 2720 Ebcrlrurdu
961 2664 1083 2735 epistolio
1109 2661 1289 2735 zagrabr'msr
1306 2660 1436 2734 vitandas,

172 2790 204 2841 ut
231 2784 360 2843 civitatis
390 2787 492 2843 mantis
533 2785 683 2844 Grecensis
712 2804 812 2844 curam
843 2794 985 2860 totumque
1012 2788 1102 2860 ipsius
1132 2786 1352 2842 iurisdictionem
1384 2785 1439 2841 sr'lu'

727 2912 887 2969 committat.

274 3089 491 3164 sigismundus
525 3090 574 3148 dei
602 3092 706 3164 gracia
738 3107 793 3149 rex
824 3092 989 3163 Hungarie,
1024 3090 1192 3159 Dalmacie,
1228 3088 1355 3145 Croacie
1377 3095 1434 3145 etc.

172 3198 372 3270 marchioque
395 3196 709 3270 Brandenburgensis,
733 3198 813 3255 sacri
835 3197 957 3255 romani
979 3196 1104 3269 imperii
1126 3196 1260 3252 vicarius
1282 3193 1436 3266 generalis

171 3310 200 3362 et
220 3305 309 3377 regni
332 3302 480 3361 Bohemie
502 3305 699 3376 guberuator.
723 3303 823 3362 Fideli
855 3319 911 3361 suo
944 3302 1114 3359 reverendo
1151 3301 1181 3359 in
1205 3300 1329 3357 Christo
1353 3301 1434 3374 patri

171 3408 297 3469 domino
332 3385 513 3467 Eberhardo
548 3410 695 3485 episcopo
728 3409 929 3483 zagrabiensi,
963 3409 1096 3481 anteque
1127 3413 1229 3464 nostre
1265 3406 1433 3464 maiestatis

170 3530 317 3591 sumpmo
340 3515 535 3585 cancellario,
558 3514 646 3575 fideli
669 3533 725 3574 nec
748 3532 808 3574 non
833 3515 946 3574 devoto
970 3520 1000 3572 et
1023 3514 1137 3573 diiecto
1160 3514 1292 3570 salutern
1317 3518 1346 3568 et
1363 3526 1434 3583 gra·

170 3622 257 3680 ciam.
280 3619 434 3694 Quamvis
457 3636 514 3679 nos
537 3622 615 3680 alias
638 3623 729 3680 certis
753 3640 790 3680 ex
814 3623 915 3679 causis
938 3627 967 3678 et
991 3621 1168 3678 racionibus
1191 3625 1263 3676 tunc
1291 3618 1432 3676 animum

170 3734 311 3787 nostrum
333 3726 374 3785 ad
398 3727 429 3785 id
453 3728 652 3786 moventibus
675 3729 834 3787 civitatem
857 3736 995 3784 nostram
1019 3727 1133 3783 montis
1164 3725 1327 3783 Grecensis
1349 3725 1435 3781 iuxta

170 3833 366 3907 Zagrabiam,
397 3838 557 3906 totamque
588 3835 685 3908 ipsius
708 3832 956 3892 iurisdiccionem
980 3841 1081 3889 vestre
1105 3831 1248 3888 fidelitati
1273 3830 1435 3887 commise-

168 3940 267 3999 rimus
289 3939 415 3997 nomine
433 3945 541 3997 nostro
573 3939 827 4013 gubernandam,
860 3946 963 3996 tamen
995 3939 1068 4011 quia
1098 3952 1180 3994 nunc
1204 3936 1335 3993 eandem
1358 3936 1432 3994 civi·

169 4051 274 4117 tatem,
309 4045 469 4119 ipsiusque
504 4045 595 4116 cives,
630 4046 768 4119 hospites
802 4051 832 4104 et
866 4046 1088 4103 inhabitatores
1120 4043 1159 4100 ad
1191 4047 1310 4100 nostras
1335 4043 1434 4114 regias

169 4166 279 4210 manus
303 4150 439 4209 adinstar
460 4158 634 4209 ceterarum
657 4157 836 4210 nostrarum
860 4152 1033 4209 liberarum
1064 4151 1247 4208 civitatuum
1274 4150 1434 4206 viceversa

169 4258 345 4332 recepimus
378 4261 409 4314 et
444 4257 475 4314 in
509 4258 573 4314 suis
607 4258 742 4330 antiquis
777 4259 991 4316 commisimus
1019 4272 1202 4330 permanere
1227 4256 1433 4323 libertatibus,

169 4362 313 4422 fidelitati
345 4363 440 4435 igitur
473 4369 578 4421 vestre
609 4363 742 4421 firmiter
775 4365 965 4438 precipimus
996 4370 1026 4420 et
1058 4362 1251 4431 mandamus,
1282 4370 1432 4433 quatenus

168 4484 243 4528 mox
267 4469 399 4542 receptis
421 4470 618 4543 presentibus
642 4469 771 4526 eandem
795 4472 952 4528 civitatem
977 4477 1115 4527 nostram
1139 4470 1260 4542 penitus
1276 4468 1433 4524 remittere

168 4581 198 4633 et
221 4575 379 4648 resignare
402 4575 501 4633 acab
524 4575 593 4649 ipsa
616 4582 647 4633 et
671 4576 735 4633 eius
758 4576 986 4648 gubernacione
1009 4592 1045 4634 ac
1060 4574 1276 4651 iurisdiccione
1293 4571 1433 4644 qualibet

168 4686 288 4739 vestras
311 4695 421 4738 manus
444 4682 568 4755 penitus
591 4683 735 4755 excipere
759 4680 906 4753 debeatis,
930 4683 1098 4755 sinatisque
1121 4681 1250 4739 eandem
1275 4680 1431 4735 civitatem
1513 4709 1521 4723 ·

167 4801 205 4845 ac
238 4787 323 4845 cives
357 4792 387 4844 et
417 4786 556 4860 hospites
594 4787 733 4845 eiusdem
757 4789 892 4861 antiquis
923 4794 953 4846 et
988 4788 1125 4862 pristinis
1149 4787 1212 4843 suis
1236 4782 1433 4841 libertatibus

168 4892 297 4969 pacifice
331 4892 393 4951 irui
428 4899 459 4951 et
493 4892 637 4966 gaudere.
675 4892 768 4952 Secus
802 4908 861 4967 pro
897 4900 1001 4953 nostra
1035 4892 1204 4950 dileccione
1227 4905 1287 4948 non
1313 4886 1431 4945 tacturi.
