3278 5348
189 453 251 512 ,1¹4
622 435 696 494 Doc.
719 429 768 510 87.
795 467 834 477 —
859 433 916 493 An.
941 443 1030 511 1435.

187 651 279 708 nibus
303 656 332 708 et
347 651 591 711 limitacionibus
614 655 767 709 certarum
791 656 947 708 metarum
962 651 994 708 in
1010 647 1120 708 eodem
1139 649 1308 724 privilegio
1330 667 1458 725 expres·

187 758 270 830 satis,
294 774 351 831 per
373 759 505 817 eundem
528 758 659 817 condam
684 757 848 815 dominum
871 757 978 815 Belam
1003 771 1118 828 regem,
1148 771 1207 831 pro
1236 757 1314 831 ipsis
1345 755 1458 834 judice,

187 863 318 935 civibus,
341 865 450 923 incolis
473 871 502 925 et
526 865 701 940 hospitibus
725 868 861 937 pretacte
885 863 1019 921 civitatis
1048 868 1152 921 nostre
1175 863 1233 921 rite
1264 862 1356 922 factis
1386 878 1459 922 con·

188 969 303 1026 fectum
325 971 412 1028 inse
443 971 658 1029 confirmative
690 971 837 1027 habentes
869 971 983 1027 tenoris
1013 968 1211 1043 infrascripti,
1241 970 1457 1044 supplicantes

187 1078 324 1133 annotati
344 1076 595 1158 Jacobus,·filius
616 1076 764 1158 Jobannis
789 1074 884 1148 Bolye
906 1081 937 1132 et
959 1075 1065 1147 Frycz,
1088 1075 1180 1132 iurati
1203 1076 1287 1133 cives
1311 1074 1454 1149 predicte

186 1191 290 1240 nostre
314 1183 456 1254 civitatis,
477 1184 541 1240 suis
563 1198 599 1240 ac
622 1182 765 1252 aliorum,
789 1196 924 1254 quorum
946 1197 1041 1255 supra
1064 1182 1241 1238 nominibus
1266 1187 1296 1239 et
1328 1181 1361 1239 in
1385 1197 1456 1256 per·

187 1290 270 1346 sonis
292 1296 398 1347 nostro
421 1291 551 1348 culmini
574 1306 665 1363 prece
687 1289 867 1359 subiectiva,
890 1294 925 1346 ut
941 1289 1065 1346 easdem
1082 1288 1200 1346 litteras
1219 1294 1343 1346 nostras
1359 1289 1457 1362 privi-

187 1394 315 1467 legiales
338 1403 430 1467 ratas,
450 1402 553 1469 gratas
569 1402 599 1454 et
615 1402 756 1467 acceptas
772 1393 915 1452 habendo
935 1395 1048 1451 nostris
1064 1394 1176 1452 litteris
1191 1394 1338 1452 similiter
1360 1394 1457 1468 privi-

187 1500 353 1572 legialibus
376 1503 435 1558 sub
457 1503 591 1575 presenti
613 1517 695 1559 novo
716 1500 858 1574 dupplici
873 1501 1026 1558 autentico
1042 1499 1148 1573 sigillo
1161 1504 1276 1571 nostr0,
1294 1514 1358 1572 quo
1374 1516 1456 1558 nunc

187 1612 221 1663 ut
244 1624 299 1664 rex
323 1608 481 1679 ilungarie
512 1610 637 1678 utimur,
661 1607 847 1678 emanandis,
878 1607 1066 1664 verbotenus
1096 1606 1189 1663 inseri
1219 1603 1368 1663 facientes
1398 1620 1457 1680 pro

187 1712 303 1769 eisdem
326 1711 436 1787 judice,
460 1715 589 1786 civibus,
613 1714 723 1771 incolis
754 1719 784 1770 et
814 1713 989 1786 hospitibus
1013 1713 1146 1770 civitatis
1179 1717 1284 1769 nostre
1315 1711 1457 1786 predicte

185 1820 387 1892 ipsorumque
411 1820 576 1878 heredibus
599 1825 630 1877 et
652 1821 784 1894 posteris
807 1820 958 1876 universis
981 1817 1172 1876 innovandas
1195 1824 1346 1892 perpetue
1377 1819 1456 1876 vali·

185 1931 271 1982 turas
294 1925 479 1983 confirmare
512 1926 720 1999 dignaremur.
751 1924 1020 1998 Quarumquidem
1056 1925 1231 1983 litterarum
1274 1928 1456 1982 nostrarum

187 2035 275 2087 tenor
298 2032 368 2088 talis
392 2038 453 2090 est:
478 2027 551 2109 (vid.
568 2033 642 2089 Doc.
664 2047 709 2089 ro.
726 2047 773 2089 an.
792 2031 883 2105 1406.
904 2045 952 2087 ιο.
969 2022 1123 2107 januarii).
1147 2030 1211 2087 Nos
1234 2030 1331 2102 igitur
1354 2030 1457 2087 humi-

185 2136 269 2193 limis
292 2144 322 2194 et
345 2137 465 2195 devotis
487 2138 772 2212 supplicacionibus
796 2142 1009 2210 pretactorum
1040 2135 1149 2218 Jacobi
1180 2142 1210 2194 et
1241 2135 1340 2208 Fryca
1375 2136 1456 2193 iura·

186 2250 289 2299 torum
322 2244 446 2313 civium,
476 2260 531 2317 per
566 2258 617 2300 eos
652 2245 715 2300 suis
738 2258 774 2300 ac
808 2244 951 2314 aliorum,
984 2258 1119 2316 quorum
1142 2257 1246 2316 supra,
1276 2244 1457 2301 nominibus

187 2356 290 2406 nostre
313 2350 423 2407 exinde
458 2352 608 2425 porrectis
640 2351 791 2408 maiestati
821 2349 977 2423 imperiali
1008 2357 1100 2423 atque
1131 2349 1230 2421 regali
1264 2348 1456 2421 benignitate

184 2455 336 2512 exauditis
359 2456 527 2513 clementer
550 2463 580 2514 et
602 2456 753 2525 admissis,
778 2460 930 2530 pretactas
953 2455 1071 2512 litteras
1094 2461 1215 2512 nostras
1241 2455 1457 2527 privilegiales

186 2576 246 2618 non
269 2562 405 2631 abrasas,
431 2577 491 2618 non
515 2563 698 2619 cancellatas
722 2563 832 2619 necin
856 2562 963 2634 aliqua
993 2562 1040 2619 sui
1071 2568 1159 2635 parte
1198 2561 1327 2617 viciatas
1357 2562 1456 2618 immo

184 2684 270 2725 mere
293 2676 322 2725 et
345 2669 460 2726 sincere
483 2670 621 2726 veritatis
636 2669 809 2740 integritate
832 2668 1052 2742 prepollentes,
1076 2666 1270 2739 presentibus
1293 2664 1334 2723 de
1357 2667 1456 2723 verbo

186 2775 380 2831 adverbum
405 2777 541 2844 insertas,
567 2774 670 2848 quoad
694 2789 801 2831 omnes
832 2775 970 2846 ipsarum
1001 2773 1214 2842 continencias,
1245 2772 1403 2829 clausulas
1426 2779 1456 2829 et

184 2881 332 2937 articulos
355 2889 559 2955 acceptamus,
583 2879 797 2955 approbamus
820 2886 849 2936 et
873 2880 1071 2949 ratificamus,
1095 2893 1208 2951 easque
1231 2877 1456 2936 nichilominus

184 2986 383 3044 consideratis
406 2987 609 3045 fidelitatibus
640 2993 670 3044 et
692 2986 833 3045 fidelium
856 2988 1061 3045 serviciorum
1084 2986 1203 3043 meritis
1231 2989 1452 3043 annotatorum

184 3091 302 3162 iudicis,
327 3095 448 3164 civium,
473 3095 645 3152 incolarum
670 3100 699 3151 et
722 3096 882 3168 hospitum
904 3100 1040 3167 pretacte
1063 3092 1198 3149 civitatis
1217 3104 1342 3164 percos
1359 3092 1455 3149 maie-

186 3199 257 3255 stati
282 3206 385 3255 nostre
420 3200 505 3256 iuxta
538 3200 678 3273 ipsorum
711 3201 926 3272 possibilitatis
956 3199 1148 3271 exigenciam
1178 3197 1326 3254 exhibitis
1359 3197 1456 3255 simul

185 3320 256 3360 cum
280 3304 540 3362 ratificacionibus
564 3313 594 3362 et
617 3305 909 3364 confirmacionibus
932 3305 1095 3379 prelibatis
1111 3318 1230 3361 necnon
1253 3302 1455 3361 libertatibus

185 3416 214 3466 et
230 3412 435 3482 prerogativis
451 3427 486 3467 ac
503 3412 672 3469 collacione
688 3412 826 3487 predicte
848 3418 928 3469 terre
945 3425 1043 3484 prope
1061 3416 1200 3467 montem
1216 3408 1319 3466 Grech
1335 3425 1456 3467 necnon

184 3516 426 3574 limitacionibus
450 3523 479 3574 et
503 3517 756 3576 distinccionibus
781 3525 935 3576 metarum
951 3517 1082 3589 aliisque
1106 3516 1251 3573 omnibus
1275 3521 1305 3572 et
1320 3515 1454 3588 singulis

185 3624 327 3696 superius
360 3625 389 3679 in
425 3625 583 3681 tenoribus
614 3625 826 3698 predictarum
856 3624 1030 3681 litterarum
1066 3621 1229 3696 limpidius
1264 3621 1454 3695 specificatis

187 3736 216 3784 et
237 3730 386 3786 contentis
410 3745 496 3786 mera
530 3734 712 3789 auctoritate
747 3738 777 3788 et
813 3730 972 3803 potestatis
1007 3728 1199 3803 plenitudine
1233 3734 1263 3785 et
1297 3743 1336 3785 ex
1370 3736 1455 3786 certa

184 3835 314 3891 sciencia
337 3842 441 3891 nostre
464 3836 633 3892 maiestatis
658 3851 715 3909 pro
739 3836 814 3908 ipsis
839 3835 947 3903 iudice,
978 3835 1107 3905 civibus,
1140 3834 1250 3892 incolis
1285 3838 1315 3891 et
1346 3834 1456 3909 hospi·

185 3939 267 3995 tibus
291 3947 427 4013 pretacte
451 3948 554 3997 nostre
578 3941 710 3998 civitatis
733 3943 848 3999 montis
872 3941 1034 4000 Grecensis
1050 3940 1088 3997 de
1104 3939 1257 4014 Zagrabia
1279 3954 1315 3996 ac
1340 3956 1453 3999 eorum

185 4046 319 4117 posteris
354 4047 505 4103 universis
538 4047 718 4104 innovantes
753 4056 904 4120 perpetuo
939 4047 1090 4105 valituras
1124 4045 1348 4104 confirmamus
1384 4063 1454 4121 pre·

184 4151 278 4208 sentis
310 4152 417 4224 scripti
452 4153 548 4208 nostri
584 4154 754 4224 patrocinio
787 4153 948 4222 mediante,
982 4152 1078 4209 salvis
1111 4150 1232 4226 juribus
1266 4153 1387 4213 alienis.
1420 4153 1453 4210 In

186 4258 272 4313 cuius
296 4258 341 4313 rei
366 4258 550 4314 memoriam
575 4258 816 4330 firmitatemque
840 4265 1024 4332 perpetuam
1056 4265 1212 4332 presentes
1244 4259 1453 4317 concessimus

184 4364 302 4420 litteras
342 4373 462 4420 nostras
498 4365 709 4437 privilegiales
744 4365 904 4438 pendentis
939 4365 1084 4422 autentici
1123 4365 1219 4437 sigilli
1250 4366 1350 4423 nostri
1378 4365 1454 4424 novi

184 4468 349 4542 dupplicis,
374 4486 435 4542 quo
460 4485 517 4542 pro
548 4487 627 4528 nunc
656 4473 700 4528 uti
723 4487 778 4529 rex
811 4472 968 4542 llungarie
998 4471 1125 4543 utimur,
1158 4471 1330 4528 munimine
1359 4472 1452 4529 robo-

182 4581 272 4631 ratas.
297 4575 412 4632 Datum
437 4592 494 4649 per
524 4592 633 4633 manus
664 4577 852 4634 venerabilis
887 4577 1005 4635 domini
1038 4578 1153 4635 Mathie
1187 4576 1227 4635 do
1258 4575 1453 4635 Gathaloucz

181 4681 333 4753 prepositi
355 4682 482 4740 ecclesie
506 4683 844 4755 quinqueecclesiensis,
867 4685 937 4741 aule
968 4689 1072 4741 nostre
1108 4682 1224 4741 summi
1252 4683 1450 4751 cancellarii,

182 4784 283 4844 fidelis
307 4789 402 4845 nostri
426 4788 539 4847 dilecti.
563 4791 652 4846 Anno
677 4789 795 4847 domini
820 4789 988 4847 millesimo
1019 4788 1325 4862 quadringentesimo
1359 4789 1454 4848 trice·

182 4893 262 4953 simo
286 4897 402 4968 quinto,
426 4910 507 4954 nono
530 4895 599 4953 idus
621 4896 767 4954 octobris.
796 4897 974 4970 Regnorum
998 4904 1174 4955 nostrorum
1191 4908 1272 4953 anno
1291 4895 1454 4970 Hungarie
