3278 5348
600 425 673 486 Doc.
696 420 769 502 238.
795 459 835 468 —
859 425 914 484 An.
941 423 1030 503 1465.
1388 442 1446 504 295

173 642 299 701 ciorum
332 643 483 717 ipsorum,
517 643 594 718 ipsis
616 641 776 717 proveniri
797 632 973 723 :debendos‚
1004 659 1021 701 e
1051 642 1155 702 medio
1187 643 1283 701 vestri
1313 640 1444 700 admini-

174 748 270 807 strari
300 747 403 807 iacere
433 748 602 821 deberetis,
636 763 755 822 vosque
785 747 869 822 quod
900 747 940 806 ad
971 763 1024 807 eos
1048 750 1232 824 pertinuerit
1254 749 1447 821 integraliter

176 853 336 913 extradari
361 854 462 913 faeere
493 855 688 929 promisistis
712 864 815 913 tamen
837 859 972 912 nuncet
1002 854 1148 913 mandata
1178 859 1285 913 nostra
1316 860 1347 911 et
1377 869 1449 929 pro-

176 960 379 1020 missionibus
410 961 521 1018 vestris
551 960 740 1035 posthabitis
763 959 794 1017 id
818 960 947 1019 minime
970 959 1070 1018 facere
1093 961 1256 1019 curassetis
1280 976 1336 1018 nec
1359 975 1447 1017 cura-

176 1066 252 1124 retis
279 1067 379 1125 eciam
410 1065 448 1123 de
479 1066 616 1139 presenti
644 1066 677 1124 in
706 1071 922 1140 contemptum
961 1065 1180 1124 mandatorum
1208 1072 1386 1124 nostrorum
1418 1071 1448 1123 et

176 1177 281 1230 vestre
312 1173 528 1247 promissionis
557 1172 795 1246 negligenciam.
826 1172 863 1231 Et
893 1175 1038 1247 quamvis
1062 1172 1207 1230 mandata
1230 1179 1334 1231 nostra
1358 1173 1448 1231 vobis

175 1294 251 1338 cure
282 1278 359 1352 lieri,
394 1285 559 1353 vestraque
590 1279 743 1352 promissa
773 1285 840 1336 rata
871 1295 936 1337 esse
960 1278 1100 1350 debeant,
1124 1285 1229 1337 tamen
1251 1280 1324 1352 quia
1348 1279 1446 1337 eciam

175 1401 214 1443 ex
237 1385 389 1458 singulari
413 1386 580 1459 privilegio
602 1400 711 1458 regum
741 1391 771 1443 et
794 1385 1049 1460 predecessorum
1081 1391 1259 1443 nostrorum
1291 1384 1320 1443 id
1353 1384 1446 1443 fuerit

176 1491 390 1563 observatum,
422 1497 457 1550 ut
487 1506 595 1550 omnes
627 1490 810 1563 beneficiati,
842 1493 895 1564 qui
919 1507 1028 1549 eorum
1051 1493 1152 1550 curias
1174 1492 1205 1549 in
1227 1492 1366 1549 serviciis
1390 1506 1447 1565 pu·

177 1597 270 1655 blicis
293 1603 324 1654 et
347 1597 480 1671 privatis
502 1598 642 1656 incolunt
668 1603 699 1655 et
721 1602 874 1669 secuntur,
899 1613 1095 1670 quacumque
1119 1597 1266 1670 dignitate
1283 1599 1445 1668 emineant,

174 1717 284 1761 omnes
307 1708 478 1777 proventus
501 1708 531 1761 et
553 1702 694 1761 redditus
721 1704 845 1762 racione
876 1718 1004 1761 suorum
1027 1703 1249 1761 beneficiorum
1272 1704 1348 1777 ipsis
1373 1719 1445 1777 pro·

174 1809 343 1880 venientes,
367 1810 510 1868 absentes
533 1825 612 1883 eque
635 1809 714 1867 sicut
737 1815 902 1883 presentes
926 1809 1060 1883 demptis
1091 1808 1265 1866 cottidianis
1297 1809 1444 1866 distribu-

175 1915 326 1987 cionibus,
350 1916 510 1990 percipere
533 1916 657 1973 valeant
680 1922 773 1989 atque
797 1917 923 1990 possint.
947 1916 1019 1973 Ideo
1043 1914 1185 1973 fidelitati
1210 1923 1312 1973 vestre
1328 1916 1441 1972 harum

174 2021 255 2080 serie
285 2021 418 2079 firmiter
448 2022 653 2095 precipientes
684 2021 878 2092 mandamus,
910 2027 1061 2095 quatenus
1084 2022 1197 2092 statim,
1221 2022 1296 2080 visis
1320 2037 1444 2094 presen-

174 2127 268 2200 tibus,
290 2128 452 2185 universos
474 2133 654 2201 proventus,
678 2127 796 2186 fructus
819 2134 849 2185 et
872 2127 1011 2185 redditus
1037 2128 1111 2201 ipsis
1135 2128 1257 2186 racione
1289 2127 1442 2185 dictorum

174 2226 399 2292 beneficiorum
421 2249 529 2291 eorum
545 2234 711 2307 provenire
734 2233 901 2305 debendos‚
926 2250 942 2291 e
966 2234 1068 2291 medio
1086 2234 1181 2291 vestri
1197 2241 1358 2307 tamquam
1375 2250 1443 2306 pre·

173 2339 313 2398 sentibus
337 2339 563 2411 administrare,
587 2344 618 2397 et
640 2356 696 2413 per
720 2354 772 2397 eos
796 2354 930 2413 quorum
954 2340 1080 2397 interest
1103 2339 1313 2398 administrari
1341 2339 1442 2398 facere

173 2443 322 2516 debeatis,
352 2445 436 2519 quod
466 2446 493 2502 si
523 2460 610 2503 secus
641 2444 783 2516 feceritis,
814 2446 930 2516 scitote,
955 2445 1038 2519 quod
1062 2461 1118 2503 nos
1142 2447 1289 2520 precipue
1312 2455 1442 2521 propter

172 2565 234 2610 non
258 2552 513 2609 observacionem
544 2552 641 2609 nostri
671 2556 702 2607 et
731 2552 814 2609 curie
837 2559 941 2610 nostre
965 2553 1130 2626 privilegii,
1156 2552 1237 2609 bona
1262 2557 1365 2610 vestra
1387 2570 1443 2627 per

174 2657 272 2716 banos
295 2663 324 2715 et
357 2658 523 2715 vicebanos
553 2658 640 2730 regni
671 2659 767 2715 nostri
798 2656 961 2716 Sclauonie
993 2659 1138 2732 occupari
1167 2657 1322 2716 faciemus.
1347 2658 1440 2716 Secus

173 2763 270 2834 igitur
302 2777 363 2820 non
396 2762 514 2820 facturi.
545 2762 742 2821 presentibus
775 2763 925 2836 perlectis,
957 2764 1115 2821 exhibenti
1138 2765 1298 2824 restitutis.
1323 2765 1439 2822 Datum

173 2868 259 2927 Bude
276 2869 307 2926 in
324 2867 402 2926 festo
418 2870 507 2927 beate
524 2869 627 2927 Prisce
644 2869 772 2942 virginis
789 2875 820 2926 et
843 2871 986 2928 martiris¹
1011 2872 1101 2927 Anno
1125 2869 1243 2929 domini
1267 2872 1440 2929 millesimo

173 2974 479 3049 quadringentesimo
501 2977 694 3048 sexagesimo
718 2977 833 3049 quinto.
858 2976 955 3048 Regni
978 2978 1075 3033 nostri
1098 2992 1178 3034 anno
1193 2978 1336 3050 septimo,
1355 2993 1441 3036 coro·

172 3081 310 3139 nacionis
334 3096 408 3138 vero
432 3082 546 3155 primo.

279 3217 358 3265 Liber
377 3217 471 3265 rubeus
492 3234 547 3270 ven.
568 3220 651 3283 Capit,
671 3219 771 3282 zagrab.
792 3221 823 3267 In
841 3219 936 3270 archiv.
956 3219 1015 3269 incl.
1037 3220 1123 3269 ilcnd.
1143 3220 1241 3269 Scieut.
1260 3219 1329 3270 slav.
1349 3221 1440 3271 merid.

768 3449 853 3514 238.

277 3583 351 3625 huno
373 3574 447 3640 1465,
469 3587 490 3625 2.
511 3576 642 3626 februarii.
662 3573 802 3637 Zagrabiae

177 3684 281 3745 coram
315 3685 446 3741 Eiteerico
478 3686 626 3763 Zapolja,
657 3686 732 3742 batte
761 3694 818 3753 etc,
849 3688 1003 3759 capitulum
1038 3706 1057 3743 a
1088 3690 1285 3746 cmumunitute
1315 3691 1440 3747 civitatis

171 3811 249 3849 reum
266 3792 489 3869 pronuntietur,
512 3792 590 3865 quod
608 3792 719 3850 cottiites
740 3792 830 3848 Cilzhe
852 3793 992 3850 civitatem
1009 3796 1111 3851 retentis
1141 3794 1291 3852 Greccnsis
1309 3798 1438 3867 pervim

251 3904 394 3972 cepertent,
415 3896 498 3971 et'que
515 3900 694 3974 plusquam
717 3911 833 3955 20.000
848 3898 918 3971 fter.
943 3899 1104 3956 detrimenti
1124 3901 1361 3972 iterpurtavcruut.

279 4039 341 4098 Nos
364 4041 523 4098 Emericus
545 4040 584 4098 de
607 4041 754 4114 Zapolya,
776 4057 952 4114 regnorum,
977 4043 1074 4100 Boane
1099 4044 1298 4114 gubernator,
1317 4059 1434 4102 necnon

170 4147 340 4218 Dalmaeie,
371 4147 499 4205 Croacie
530 4154 560 4205 et
582 4149 670 4220 regni
701 4147 846 4206 Slauonie
869 4150 975 4207 banus.
1001 4150 1147 4206 llemorie
1171 4148 1436 4221 commendamus,

170 4252 254 4327 quod
287 4253 477 4324 Valentinus,
508 4254 585 4311 alias
614 4251 716 4328 judex,
741 4268 857 4312 necnon
889 4256 1016 4312 Rawsar
1046 4254 1153 4321 dictuS,
1185 4255 1267 4311 cives
1301 4255 1435 4312 civitatis

169 4360 284 4418 montis
310 4358 479 4431 Greccnsis,
503 4360 643 4433 ipsorum
666 4374 701 4417 ac
724 4361 859 4417 aliorum
879 4362 1094 4418 universorum
1117 4357 1299 4434 juratorum,
1316 4361 1431 4418 civium

169 4471 199 4523 et
219 4465 464 4523 inhabitatorum
496 4466 629 4524 civitatis
653 4467 766 4523 montis
790 4465 952 4524 Greccnsis
977 4466 1015 4523 de
1038 4467 1124 4523 iuxta
1148 4464 1333 4538 Zagrabiam
1361 4482 1430 4538 per·

166 4571 267 4642 sonis,
299 4571 339 4628 ad
374 4578 511 4629 nostram
544 4573 733 4645 presenciam
766 4554 930 4642 venientes,
961 4588 1018 4646 per
1042 4571 1170 4628 modum
1200 4572 1434 4645 protestacionis

166 4678 258 4736 nobis
289 4678 463 4750 significare
491 4683 638 4735 curarunt
668 4679 698 4735 in
729 4680 810 4736 hunc
841 4676 987 4735 modum:
1020 4677 1102 4750 quod
1137 4676 1212 4734 dum
1236 4676 1367 4735 condam
1399 4679 1436 4735 il·

166 4784 282 4843 lustres
312 4784 469 4858 principes
499 4783 618 4842 domini
639 4784 766 4842 comites
787 4783 876 4855 Cilic,
900 4790 953 4841 etc.
979 4799 1107 4856 regnum
1143 4782 1307 4841 Sclauonie
1342 4784 1434 4840 deva·

166 4894 249 4950 stare
271 4890 443 4965 inciperent
467 4896 497 4949 et
519 4892 620 4965 ipsam
645 4891 802 4949 civitatem
827 4904 882 4965 per
905 4895 1010 4963 gentes
1034 4891 1174 4965 ipsorum
1198 4891 1371 4964 expugnari
1388 4891 1434 4948 ni·
