3278 5348
617 470 690 528 Doc.
707 482 779 546 351.
809 502 845 514 -
870 469 926 527 An.
950 465 1043 546 1489.
1212 494 1215 500 ·
1388 473 1451 547 469

176 685 363 743 litterarum
387 684 485 758 ipsius
509 691 610 743 vestre
635 684 858 745 dominacionis
889 684 1182 743 adiudicatoriarum
1215 684 1352 743 fideliter
1384 700 1453 742 exe·

186 797 322 864 quentes,
347 797 453 850 nostro
476 806 534 866 pro
559 791 734 850 testimonio
767 793 994 850 transmisimus
1016 791 1224 865 fidedignum;
1250 792 1303 865 qui
1329 790 1452 848 tandem

185 897 296 955 exinde
319 897 360 955 ad
382 913 438 956 nos
461 899 578 956 reversi
600 905 630 956 et
653 897 741 974 juxta
765 900 830 957 vim
854 906 884 957 et
906 898 1040 957 formam
1065 899 1216 972 generalis
1241 898 1314 956 novi
1338 897 1453 955 decreti

184 1005 269 1077 regie
293 1005 464 1063 maiestatis
487 1006 656 1064 novissime
680 1004 754 1064 editi
778 1013 807 1063 et
830 1007 969 1077 stabiliti,
993 1022 1050 1080 per
1072 1020 1128 1063 nos
1151 1004 1292 1078 requisiti
1324 1004 1384 1062 sub
1406 1001 1453 1079 ju·

182 1115 324 1169 ramento
345 1127 402 1185 per
425 1127 477 1170 eos
500 1126 606 1171 coram
628 1112 718 1170 nobis
742 1113 870 1186 prestito
894 1112 1090 1170 uniformiter
1114 1113 1286 1170 retulerunt
1304 1111 1395 1168 nobis
1412 1125 1450 1169 eo

184 1215 293 1275 modo:
329 1216 488 1290 quomodo
522 1217 600 1276 feria
634 1218 729 1276 tercia
765 1219 909 1293 proxima
944 1225 1015 1292 post
1049 1217 1163 1275 festum
1187 1217 1269 1275 beati
1294 1216 1452 1275 Valentini

185 1323 332 1393 martiris,
367 1325 510 1396 proxime
543 1324 735 1397 preteritum,
771 1322 909 1398 prefatus
944 1325 1092 1395 magister
1127 1322 1333 1392 Sebastianus,
1356 1324 1452 1380 homo

184 1438 288 1488 vestre
312 1429 543 1501 dominacionis,
567 1429 702 1488 antefato
737 1435 842 1488 nostro
874 1430 1051 1488 testimonio
1084 1437 1232 1502 presente,
1264 1427 1304 1485 ad
1340 1428 1452 1487 faciem

186 1536 389 1608 possessionis
423 1535 581 1608 Hrazthya
615 1542 732 1608 vocate,
767 1537 798 1594 in
834 1537 981 1594 comitatu
1004 1536 1195 1609 zagrabiensi
1230 1532 1398 1593 adiacentis
1423 1541 1453 1593 et

185 1641 300 1712 habite,
324 1641 435 1700 vicinis
456 1646 485 1699 et
508 1644 729 1700 commetaneis
752 1643 815 1700 suis
839 1643 916 1700 inibi
940 1642 1092 1715 legittime
1124 1639 1300 1699 convocatis
1332 1647 1361 1698 et
1392 1642 1452 1714 sig·

185 1753 294 1805 nanter
316 1748 475 1805 nobilibus
499 1747 624 1806 Simone
641 1748 777 1806 litterato
794 1749 832 1806 de
849 1747 1161 1821 Odrazenthgewrgh,
1178 1746 1271 1806 Gallo
1288 1747 1326 1804 de
1342 1747 1452 1818 Losan,

185 1854 276 1911 Petro
307 1853 502 1926 Raslrowych
534 1853 572 1911 de
603 1854 767 1927 Hrasthya,
799 1853 920 1927 Gaspar
953 1855 1089 1911 litterato
1122 1852 1160 1911 de
1183 1854 1336 1927 superiori
1359 1853 1451 1910 Lom-

184 1960 270 2018 nicza
292 1970 322 2018 et
344 1960 515 2019 Laurencio
539 1959 577 2018 de
601 1960 682 2019 dicta
707 1961 861 2032 Hrasthya
886 1961 1093 2034 presentibus,
1118 1961 1303 2031 accedentes,
1320 1959 1450 2018 eandem

185 2082 256 2124 cum
291 2067 409 2125 cunctis
445 2067 509 2125 suis
539 2067 726 2125 utilitatibus
758 2073 787 2124 et
821 2067 1017 2140 pertinenciis
1049 2066 1241 2140 quibuslibet
1272 2067 1451 2124 memoratis

184 2171 278 2248 judici
300 2179 332 2231 et
353 2171 472 2248 juratis,
496 2175 666 2246 ceterisque
689 2174 811 2230 civibus
835 2179 865 2230 et
888 2173 996 2231 incolis
1020 2179 1158 2246 pretacte
1181 2173 1314 2230 civitatis
1337 2173 1450 2230 montis

185 2278 356 2351 Greceusis,
381 2264 551 2353 eorumque
574 2279 741 2337 heredibus
765 2286 794 2337 et
818 2280 1052 2354 posteritatibus
1076 2280 1237 2350 universis,
1268 2277 1336 2354 jure
1374 2280 1450 2353 ipsis

184 2385 216 2443 in
238 2385 328 2443 dictis
359 2384 470 2444 litteris
499 2391 601 2444 vestre
632 2384 854 2444 dominacionis
883 2385 1124 2455 adiudicatoriis,
1158 2383 1310 2455 denotato,
1341 2400 1449 2442 manu·

184 2496 274 2549 tenus
298 2493 454 2549 statuisset
477 2498 507 2549 et
531 2491 735 2549 commisisset
751 2492 781 2549 in
799 2491 1021 2565 sempiternum
1040 2490 1268 2565 possidendam,
1285 2490 1449 2550 tenendam

184 2599 301 2671 pariter
325 2603 355 2655 et
386 2596 570 2668 habendam,
602 2597 847 2656 contradiccione
881 2598 996 2670 egregii
1020 2598 1170 2680 Johannis
1202 2597 1377 2672 Hennyngh
1411 2598 1450 2657 de

184 2702 383 2762 Zomzedwar
406 2711 437 2761 et
459 2703 593 2761 aliorum
618 2704 831 2776 quorumlibet
861 2721 921 2762 non
954 2705 1102 2763 obstante.
1134 2704 1359 2778 Cuiusquidem
1389 2711 1449 2763 sta·

184 2810 315 2868 tucionis
338 2811 450 2869 seriem
474 2809 621 2883 predictis
645 2811 757 2869 litteris
780 2810 1011 2869 adiudicatoriis
1035 2813 1136 2884 capite
1152 2810 1248 2869 nostri
1265 2812 1362 2884 sigilli
1379 2825 1449 2869 con·

184 2916 312 2989 signatis
335 2923 365 2974 et
388 2916 420 2973 in
442 2917 545 2991 specie
568 2916 705 2975 remissis
728 2917 766 2974 ad
791 2922 916 2975 octavas
940 2916 1009 2976 festi
1040 2918 1123 2975 beati
1155 2915 1281 2990 Georgii
1312 2917 1449 2975 martiris

183 3037 263 3080 nunc
294 3027 448 3093 venturas,
479 3038 534 3079 suo
554 3022 648 3080 modo
676 3030 777 3081 vestre
802 3023 1008 3082 dominacioni
1033 3022 1180 3082 duximus
1204 3022 1447 3084 rescribendarn.

183 3127 298 3187 Datum
322 3127 457 3187 secundo
480 3128 529 3186 die
552 3128 612 3187 diei
625 3130 818 3188 execucionis
843 3134 1010 3205 prenotate.
1035 3132 1125 3188 Anno
1149 3129 1266 3188 domini
1279 3128 1448 3188 millesimo

184 3233 488 3307 quadringentesimo
512 3236 722 3308 octuagesimo
746 3244 866 3295 octavo.

289 3369 423 3434 Originale
442 3370 469 3418 in
489 3370 584 3421 charta.
605 3371 632 3419 A
653 3376 725 3435 tergo
746 3373 884 3436 vestigium
903 3373 1022 3438 impressi
1042 3372 1131 3437 sigilli.
1152 3373 1183 3422 Iu
1202 3371 1317 3423 archivio
1336 3372 1383 3426 lib.
1396 3390 1450 3439 reg.

181 3461 250 3509 civit.
270 3459 370 3524 zagrab.

775 3672 854 3738 351.

288 3814 368 3863 Anno
391 3817 465 3877 1489,
485 3827 509 3878 3.
526 3815 644 3879 januarii.
665 3814 813 3879 Zagrabiae.

188 3941 317 4015 Grpr'tuli
349 3949 486 3999 statutum
520 3942 555 3998 de
580 3939 670 4018 sestis
704 3944 733 3999 irr
768 3944 882 3999 ecclesia
916 3943 1080 4000 cathedrali
1107 3944 1226 4015 zagrab,
1249 3944 1399 4001 servandis
1421 3951 1451 4002 et

721 4050 901 4107 celebrandis.

288 4194 480 4270 Constitucio
515 4195 710 4269 infrascripta
746 4195 825 4253 iacta
856 4183 901 4253 est
936 4203 965 4253 et
1000 4195 1144 4252 conclusa
1177 4195 1207 4252 in
1231 4201 1340 4253 octava
1365 4196 1449 4255 beati

181 4301 331 4384 Johannis
355 4301 553 4374 ewangeliste
582 4301 678 4378 1489:

298 4407 423 4464 Festum
459 4409 629 4467 nativitatis
664 4409 788 4480 Christi,
824 4409 971 4482 Stephani
1007 4409 1267 4481 prothomartiris,
1301 4408 1450 4491 Johannis

183 4514 389 4585 ewangeliste,
421 4514 583 4572 beatorum
607 4515 824 4585 innocentium,
856 4515 1114 4583 Circumcisionis,
1145 4515 1257 4572 testum
1282 4514 1450 4589 Epiphani-

181 4632 280 4690 arum,
312 4619 537 4693 purificacionis
574 4623 679 4694 hiarie,
708 4621 954 4680 annunciacionis
986 4621 1090 4691 Mane,
1121 4620 1227 4678 Ramis
1258 4620 1448 4694 palmarum,

183 4725 248 4783 dies
280 4726 361 4784 Cene
393 4724 520 4797 domini,
551 4728 743 4797 Parasceues,
774 4741 862 4785 sacro
893 4726 1040 4795 Sabbato‚
1065 4725 1179 4785 festum
1204 4726 1450 4785 Resurreccionis

182 4846 254 4889 curn
286 4830 410 4890 duobus
438 4834 638 4906 sequentibus
669 4833 786 4905 diebus,
819 4833 1014 4892 Ascensionis
1034 4832 1161 4903 domini,
1186 4831 1298 4890 festum
1323 4832 1450 4890 Penthe-

183 4943 282 4997 costes
305 4953 377 4996 curn
408 4938 531 4997 duobus
551 4942 751 5013 sequentibus
774 4940 893 5011 diebus,
918 4940 1032 4998 festum
1055 4939 1223 5012 Trinitatis,
1246 4937 1359 4997 festum
1383 4952 1450 4997 cor·
