3278 5348
24 4984 106 5030 ι

202 415 262 471 180

621 412 693 469 Dec.
719 423 783 487 127.
806 445 849 454 —
872 413 929 469 An.
953 425 1045 490 1439.

188 626 282 685 finem
307 627 446 684 debitum
471 635 500 684 et
523 627 688 686 indilatum
714 627 826 686 iaceret
849 643 940 685 causa
964 628 996 685 in
1019 628 1172 702 premissa
1195 642 1301 685 comes
1323 628 1452 685 llathius

188 740 376 809 prenotatus,
401 740 493 808 prout
518 735 648 793 dictaret
671 734 749 794 ordo
771 733 857 811 juriS,
881 741 911 792 et
934 740 1005 807 post
1028 735 1084 791 hec
1118 733 1217 806 ipsius
1246 732 1455 791 trineiorensis

187 841 447 913 proclamacionis
482 841 594 899 seriem
629 857 700 898 curn
742 841 920 898 nominibus
955 838 1223 913 proclamatorum
1259 838 1301 896 ad
1334 838 1455 897 easdem

188 953 313 1003 octavas
337 945 419 1003 dicto
444 946 571 1004 domino
595 948 661 1019 regi
692 946 826 1004 fideliter
860 946 1081 1004 rescriberetis.
1117 944 1240 1017 Quibus
1275 946 1456 1019 presentatis

188 1051 254 1124 ipse
278 1052 386 1109 Petrus
411 1052 508 1109 lector
531 1058 716 1126 procurator
739 1053 874 1110 annotati
898 1053 1027 1126 capituli
1050 1052 1177 1109 ecclesie
1199 1052 1411 1124 zagrabiensis
1426 1054 1456 1110 in

187 1172 319 1231 persona
355 1157 494 1216 eiusdem
525 1159 673 1231 allegavit
708 1174 744 1216 eo
778 1157 888 1216 modo:
912 1166 947 1215 ut
969 1158 1088 1216 domini
1111 1158 1149 1216 de
1172 1156 1295 1231 prefato
1321 1158 1456 1230 capitulo

187 1264 315 1321 ecclesie
349 1264 559 1336 zagrabiensis
595 1264 784 1347 quibusdam
815 1265 885 1322 aliis
919 1265 1062 1338 ipsorum
1098 1264 1235 1336 negociis
1258 1263 1456 1337 expediendis

187 1377 297 1427 eotunc
333 1370 487 1444 prepediti
523 1373 708 1446 premissam
742 1371 1027 1445 proclamacionem
1063 1371 1149 1428 iuxta
1180 1377 1327 1427 contenta
1358 1369 1456 1443 prel-

187 1480 289 1532 tarum
313 1476 489 1533 litterarum
513 1478 658 1550 prelibati
682 1478 803 1534 comitis
827 1478 960 1535 Matbius
983 1477 1299 1549 proclamatoriarum
1325 1476 1365 1534 ad
1391 1493 1456 1549 pre·

188 1582 306 1639 dictum
330 1583 499 1640 terminum
523 1583 624 1642 facere
655 1584 862 1656 neglexissent
895 1589 925 1640 et
958 1583 1165 1649 obmisissent,
1201 1583 1245 1640 sic
1280 1581 1457 1640 huiusmodi
1528 1610 1533 1628 ·

189 1703 278 1745 causa
303 1704 410 1747 eorum
435 1690 558 1747 interim
584 1696 613 1747 et
636 1691 738 1747 medio
763 1696 903 1762 tempore
926 1690 1005 1746 inter
1028 1690 1131 1762 ipsum
1148 1689 1326 1762 capitulum
1342 1690 1384 1746 ab
1401 1703 1456 1745 una

188 1800 218 1851 et
241 1800 396 1867 pretactos
420 1810 528 1853 eorum
560 1797 756 1854 adversarios
787 1795 991 1853 condescensa
1026 1796 1184 1853 extitisset.
1221 1794 1312 1854 Unde
1343 1796 1369 1852 si
1399 1793 1456 1869 juri

189 1907 371 1959 consonaret
394 1909 424 1958 et
448 1903 575 1975 equitati
600 1901 767 1973 videretur,
791 1908 903 1959 extunc
926 1903 1029 1975 ipsum
1061 1902 1235 1975 capitulum
1267 1908 1455 1959 memoratos

190 2007 221 2064 in
256 2023 380 2065 causam
412 2016 561 2066 attractos
594 2009 661 2066 vice
695 2009 804 2066 iterata
838 2015 945 2066 contra
976 2025 1008 2065 se
1043 2016 1181 2065 nostram
1205 2008 1404 2081 personalem
1427 2007 1456 2064 in

189 2117 382 2187 presenciam
407 2116 437 2172 in
462 2115 609 2188 predictis
632 2116 733 2172 tribus
756 2114 831 2173 foris
854 2114 1160 2188 conprovincialibus
1184 2114 1336 2187 legittime
1360 2113 1457 2172 lacere

191 2220 287 2277 vellet
313 2221 508 2293 proclamari.
531 2222 568 2278 Et
592 2222 664 2293 quia
689 2222 782 2278 iidem
807 2222 837 2278 in
861 2235 985 2277 eausam
1007 2221 1130 2278 attracti
1152 2219 1192 2277 ad
1215 2222 1369 2294 premissa
1386 2235 1455 2295 pro

190 2326 347 2383 clamandi
371 2326 436 2383 lore
460 2327 654 2399 videbantur,
679 2327 748 2385 ideo
782 2326 925 2384 fidelitati
957 2331 1058 2385 vestre
1088 2327 1221 2385 firmiter
1252 2327 1456 2401 precipientes

192 2431 386 2495 mandamus.
411 2440 560 2506 quatenus
585 2439 723 2491 vestrum
748 2433 877 2490 mittatis
907 2434 1066 2491 hominem
1098 2448 1156 2507 pro
1187 2434 1366 2491 testimonio
1398 2432 1458 2490 fide

192 2537 329 2609 dignum,
359 2553 421 2610 quo
453 2545 602 2610 presente,
634 2538 824 2603 Valentinus,
859 2538 943 2595 filius
973 2537 1132 2612 Stephani,
1166 2538 1217 2596 vel
1241 2538 1322 2597 alter
1345 2539 1457 2597 Valen-

194 2645 284 2714 tinus,
320 2645 365 2701 sin
400 2645 577 2701 Demetrius
608 2643 646 2700 de
679 2645 843 2715 Drenowa,
865 2659 918 2701 seu
942 2645 1117 2716 Dyonisius,
1151 2644 1236 2703 filius
1265 2646 1399 2703 Emerici
1422 2644 1458 2703 de

192 2750 375 2821 Adamolch,
410 2752 476 2807 sive
508 2752 606 2807 Lucas
640 2766 718 2807 neve
749 2751 882 2807 illichael
917 2751 954 2806 de
990 2751 1141 2823 Kysgora,
1164 2767 1219 2808 ceu
1243 2751 1400 2810 Ladorner
1421 2751 1458 2809 de

197 2858 277 2915 dicta
302 2857 486 2923 Adamolch
511 2857 580 2915 aliis
603 2857 791 2925 absentibus,
815 2859 910 2914 homo
933 2864 1045 2928 noster,
1070 2858 1241 2931 prelibatos
1257 2857 1458 2932 Stephanum,

194 2966 293 3021 lilium
330 2965 498 3033 Michaelis,
536 2964 728 3034 Michaelem,
763 2963 865 3021 silium
899 2963 1080 3036 Sebastiani,
1114 2964 1241 3022 Petrum
1263 2965 1458 3038 Hungarum,

192 3071 384 3127 Anthonium
409 3071 560 3139 italicum,
590 3069 742 3126 Briccium
767 3070 1003 3139 llombrensem,
1038 3069 1209 3142 Georgium
1245 3076 1401 3129 sartorem
1430 3075 1459 3127 et

191 3177 362 3247 Nicolaum,
388 3178 464 3233 alias
487 3175 611 3250 judiees,
635 3191 752 3233 necnon
775 3176 948 3233 Fabianum
971 3175 1152 3247 litteratum,
1175 3176 1295 3247 Friche,
1312 3175 1458 3245 Blasium‚

191 3281 294 3338 filium
319 3283 506 3354 Vythczych,
531 3283 709 3355 Georgium,
733 3282 836 3339 filiurn
859 3281 1014 3338 Francisci
1035 3287 1065 3338 et
1088 3282 1166 3339 alios
1190 3296 1297 3340 omnes
1331 3280 1459 3357 juratos,

192 3390 343 3460 consules,
367 3391 458 3461 cives,
481 3391 620 3463 hospites
641 3397 671 3446 et
693 3395 790 3446 totam
814 3389 1070 3445 communitatem
1093 3387 1173 3445 dicte
1191 3388 1326 3446 civitatis
1342 3388 1457 3447 montis

192 3495 353 3554 Grecensis
389 3513 483 3568 super
526 3497 684 3569 premissis
727 3495 958 3569 perhemptorie
992 3508 1204 3567 responsuros,
1237 3495 1459 3567 racionemque

191 3603 348 3661 efficacem
372 3603 556 3672 reddituros
581 3619 616 3659 ac
639 3602 676 3658 de
698 3603 879 3676 prescriptis
907 3598 1031 3676 judiciis
1065 3599 1289 3673 quinquaginta
1322 3600 1460 3673 quinque

192 3726 368 3767 marcarum
392 3708 486 3784 judici
512 3715 541 3765 et
564 3710 647 3783 parti
670 3709 800 3766 adverse
823 3706 1034 3765 satisfacturos
1055 3713 1162 3764 contra
1193 3710 1376 3764 annotatum
1411 3721 1459 3763 ca·

190 3816 326 3890 pitulum
351 3816 480 3872 ecclesie
502 3816 709 3887 zagrabiensis
731 3815 767 3872 ad
794 3821 919 3872 octavas
943 3812 1013 3870 testi
1036 3813 1119 3869 beati
1141 3812 1302 3870 Michaelis
1329 3813 1458 3870 archan·

189 3922 260 3995 geli,
283 3939 363 3979 nunc
387 3928 541 3991 venturas,
567 3921 597 3977 in
622 3921 723 3977 tribus
754 3919 829 3977 foris
861 3917 1167 3992 conprovincialibus
1190 3922 1330 3975 nostram
1352 3932 1458 3990 perso·

188 4030 292 4086 nalem
317 4029 443 4102 publice
467 4026 559 4084 faciat
583 4026 773 4099 proclamari
796 4027 827 4083 in
851 4025 1051 4100 presenciam,
1075 4022 1257 4081 insinuando
1280 4023 1409 4097 ibidem,
1424 4028 1458 4084 ut

188 4135 215 4193 si
238 4135 378 4192 venerint
402 4135 487 4191 etin
511 4133 670 4207 premissis
693 4149 724 4190 se
748 4133 831 4190 bono
855 4131 949 4188 modo
973 4129 1214 4201 emendaverint,
1237 4129 1276 4188 de
1306 4129 1458 4204 dictisque

188 4239 311 4317 judiciis
334 4238 429 4314 judici
454 4246 483 4297 et
515 4239 597 4312 parti
626 4238 756 4296 adverse
791 4237 1002 4308 satisfecerint,
1036 4237 1115 4294 bene
1150 4234 1285 4309 quidem,
1319 4236 1458 4309 alioquin

187 4348 415 4405 nonobstante
439 4347 579 4419 ipsorum
604 4345 797 4402 contumacia
821 4351 850 4402 et
873 4344 1044 4401 rebellione
1074 4343 1170 4400 finem
1201 4340 1344 4400 debitum
1367 4341 1457 4401 sacie-

188 4469 259 4511 mus
283 4469 374 4511 causa
398 4454 429 4510 in
453 4451 604 4525 premissa
628 4450 761 4507 dictante
784 4448 858 4524 juris
874 4450 1026 4523 equitate;
1050 4453 1080 4506 et
1104 4455 1175 4521 post
1198 4448 1255 4506 hec
1283 4449 1382 4522 ipsius
1405 4449 1457 4507 tri·

188 4560 357 4619 neforensis
392 4557 652 4633 proclamaciouis
686 4557 797 4613 seriem
831 4573 901 4614 cum
925 4557 1104 4614 nominibus
1127 4556 1395 4629 proclamatorum
1417 4555 1456 4614 ad

188 4667 311 4725 easdem
335 4672 460 4724 octavas
484 4663 584 4723 eidem
604 4668 708 4719 nostre
732 4665 888 4735 personali
920 4663 1078 4737 presencie
1108 4661 1245 4720 fideliter
1270 4661 1456 4721 rescribatis.

186 4774 301 4831 Datum
328 4773 411 4831 Bude
435 4770 569 4831 secundo
593 4769 643 4827 die
667 4769 791 4826 termini
813 4770 976 4844 prenotati.
1012 4770 1102 4827 Anno
1134 4766 1254 4827 domini
1284 4768 1456 4829 millesimo

189 4880 492 4954 quadringentesimo
515 4878 670 4939 tricesimo
693 4890 782 4934 none.
