3278 5348
610 354 686 416 Doc.
709 367 779 431 219.
802 388 845 398 -
869 355 924 414 An.
949 352 1037 433 1461.
1393 375 1454 437 ²⁷9

186 571 301 629 nostris
333 571 510 645 patentibus
540 572 634 630 inseri
664 570 819 642 facientes,
852 571 969 631 eisdem
998 569 1103 648 judici,
1125 570 1235 650 juratis
1258 580 1288 633 et
1311 575 1383 634 aliis
1405 592 1455 635 su·

185 677 337 750 pradictis
360 676 434 736 dare
458 678 658 751 dignaremur
687 676 765 754 juris
788 680 931 752 ipsorum
961 679 1001 737 ad
1034 681 1199 739 cautelam.
1231 680 1455 756 Cuiusquidem

186 783 328 841 clausule
351 800 404 842 seu
428 784 552 843 articuli
584 785 723 843 verbalis
754 785 943 845 continencia
974 784 1013 843 de
1044 786 1141 843 verbo
1173 786 1214 844 ad
1245 788 1378 846 verbum
1409 804 1455 846 se-

186 889 294 962 quitur
323 895 354 948 et
385 895 431 949 est
461 891 549 949 talis:
581 892 711 965 Insuper
733 905 841 949 omnes
865 896 895 948 et
917 892 1031 965 singuli
1062 892 1145 950 cives
1175 892 1346 966 civitatum,
1378 909 1455 968 quas

186 994 225 1052 de
247 1010 331 1054 novo
361 999 544 1069 creavimus,
567 997 744 1071 quibusque
775 997 908 1055 aliarum
932 997 1092 1056 civitatum
1121 999 1336 1058 constituimus
1358 1001 1454 1058 liber·

186 1106 273 1174 tates,
296 1104 324 1161 si
344 1106 382 1162 de
404 1102 542 1179 judicatu
566 1110 597 1162 et
619 1105 773 1162 sentencia
796 1102 936 1180 judicum
956 1110 987 1162 et
1007 1103 1182 1181 juratorum
1205 1121 1332 1164 suorum
1348 1106 1454 1164 nolue-

187 1209 250 1266 rint
280 1211 459 1281 contentari,
491 1210 531 1268 ad
567 1210 657 1269 illam
687 1211 844 1269 civitatem
875 1211 961 1269 cuius
990 1211 1134 1270 libertate
1156 1209 1304 1285 fungitur,
1338 1216 1391 1271 aut
1414 1212 1454 1271 ad

187 1317 376 1389 magistrum
408 1317 671 1375 thawarnicorum
701 1324 879 1375 nostrorum
911 1318 1036 1376 valeant
1066 1318 1236 1392 appellare,
1268 1318 1311 1377 ita
1342 1324 1453 1386 tamen,

187 1422 271 1495 quod
294 1430 462 1497 postquam
487 1424 673 1497 magistrum
689 1424 950 1482 thawarnicorum
972 1423 1129 1497 elegerint,
1152 1424 1192 1483 ad
1215 1423 1333 1500 judices
1356 1431 1386 1482 et
1408 1423 1454 1501 ju·

185 1536 271 1586 ratos
294 1545 453 1588 recurrere
475 1545 537 1587 non
561 1531 698 1600 valeant,
721 1546 777 1588 nec
800 1546 817 1587 e
841 1538 946 1589 contra
970 1530 1010 1588 ad
1032 1531 1156 1588 nullum
1178 1531 1322 1603 ulterius,
1345 1532 1405 1589 nisi
1427 1532 1455 1589 si

185 1649 266 1707 opus
289 1633 390 1705 fuerit,
415 1636 455 1694 ad
477 1637 672 1710 presenciam
697 1643 833 1695 nostram
859 1637 1056 1710 personalem
1078 1637 1255 1711 appellacio
1271 1638 1368 1711 possit
1385 1637 1454 1695 fieri

186 1742 300 1813 quovis
324 1741 426 1801 modo.
454 1773 489 1782 —
516 1742 580 1800 Nos
603 1742 698 1815 igitur
719 1740 808 1817 justis
839 1749 869 1800 et
890 1741 1094 1818 juriconsonis
1124 1744 1330 1816 peticionibus
1360 1759 1453 1801 anno·

185 1852 324 1904 tatorum
347 1847 470 1906 Nicolai
493 1849 620 1906 sartoris
644 1860 673 1905 et
697 1847 847 1905 Demetrii
870 1846 1044 1923 juratorum
1067 1849 1184 1906 civium
1208 1848 1288 1906 dicte
1319 1849 1453 1907 civitatis

184 1955 299 2012 montis
322 1954 483 2013 Grecensis
506 1956 569 2013 suis
592 1961 621 2013 et
645 1970 779 2028 quorum
801 1970 896 2027 supra
920 1955 1097 2013 nominibus
1120 1954 1160 2012 ad
1184 1971 1239 2013 nos
1264 1954 1361 2026 iactis,
1379 1972 1448 2029 prc-

184 2061 313 2118 missam
337 2061 511 2118 clausulam
535 2076 588 2118 seu
620 2061 788 2119 articulum
819 2076 857 2118 ex
880 2062 1040 2134 premissis
1064 2062 1175 2119 litteris
1199 2062 1451 2134 privilegialibus

183 2168 323 2224 annotati
345 2167 476 2225 condam
501 2166 619 2226 domini
643 2165 834 2240 sigismundi
857 2168 938 2240 regis
961 2174 1016 2225 etc.
1047 2168 1240 2241 presentibus
1264 2167 1375 2225 litteris
1398 2183 1452 2226 no·

183 2274 256 2331 stris
279 2273 458 2347 patentibus
490 2273 582 2331 inseri
612 2288 648 2331 ac
680 2272 718 2330 de
751 2273 849 2331 verbo
872 2273 912 2330 ad
942 2273 1073 2332 verbum
1096 2274 1162 2331 sine
1192 2272 1400 2333 diminucione
1422 2279 1452 2331 et

183 2385 351 2452 augmento
373 2380 505 2453 aliquali
520 2381 705 2438 transummi
728 2385 758 2437 et
781 2381 955 2451 transcribi,
971 2381 1139 2453 sigilloque
1155 2385 1260 2438 nostro
1275 2381 1450 2453 consignari

183 2485 339 2558 iacientes,
356 2485 475 2544 eisdem
496 2484 601 2562 judici,
622 2485 740 2562 juralis,
764 2486 947 2544 consiliariis
971 2502 1006 2544 ac
1029 2487 1181 2544 universis
1204 2487 1326 2544 civibus
1349 2492 1379 2544 et
1395 2486 1452 2545 toti

183 2593 400 2651 communitati
424 2592 504 2650 dicte
522 2593 655 2650 civitatis
679 2593 793 2649 montis
810 2590 972 2650 Grecensis
988 2592 1134 2649 duximus
1149 2591 1359 2650 concedendas
1374 2590 1452 2668 juris

183 2700 326 2772 ipsorum
349 2698 387 2756 ad
410 2699 572 2755 cautelam.
603 2698 719 2756 Datum
748 2697 824 2756 feria
849 2703 959 2771 quarta
982 2699 1126 2772 proxima
1149 2704 1220 2771 post
1243 2697 1356 2755 festum
1379 2699 1451 2756 bea·

184 2812 288 2863 torum
312 2805 442 2863 Fabiani
466 2811 496 2862 et
519 2804 692 2862 Sebastiani
716 2805 888 2862 martirum.
925 2806 1015 2862 Anno
1039 2803 1157 2862 domini
1182 2805 1351 2863 millesimo
1375 2819 1451 2878 qua·

184 2911 429 2984 dringentesimo
453 2912 647 2983 sexagesimo
671 2912 780 2985 primo.

289 3098 424 3163 Originale
443 3100 470 3147 in
489 3098 585 3156 charta,
604 3115 618 3147 a
637 3107 709 3162 tergo
729 3099 866 3163 vestigium
886 3099 1023 3163 imppressi
1043 3097 1130 3162 sigilli.
1155 3101 1187 3148 In
1206 3099 1272 3149 arch.
1288 3098 1348 3148 incl.
1365 3101 1449 3151 Acad.

183 3190 278 3240 Sciunt.
299 3187 397 3237 Slavor.
419 3188 507 3238 merid.

785 3473 867 3539 219.

289 3667 369 3715 Auno
392 3666 466 3728 1461,
488 3668 511 3718 8.
531 3668 600 3717 maii.
622 3668 768 3731 Lagrabiae.

290 3796 464 3864 catharina,
488 3795 615 3853 viduata
638 3803 739 3855 morte
762 3798 871 3869 Ulrici,
894 3798 1015 3855 comitis
1039 3798 1144 3868 Ciliae,
1166 3799 1299 3882 Johanni
1319 3800 1450 3858 Vitovec

182 3904 289 3962 comiti
319 3902 476 3975 Zagoriae,
506 3919 624 3961 necnon
654 3905 741 3977 regni
772 3903 936 3961 Slavoniae
967 3905 1048 3962 bano
1080 3912 1111 3961 et
1140 3906 1271 3962 strenuis
1294 3906 1449 3963 militibus

181 4008 383 4082 Sigismundo
411 4014 441 4066 et
471 4009 640 4068 balthasari
672 4010 820 4068 iratribus
850 4012 978 4069 uterinis
1017 4010 1055 4067 de
1086 4011 1289 4084 Weyspriach
1329 4011 1448 4070 62.ooo

182 4115 250 4173 ssor.
274 4114 381 4174 vendit
412 4102 530 4173 omnia¹
547 4114 665 4189 oppida
695 4121 787 4189 atque
819 4117 956 4175 dominia
987 4117 1016 4173 in
1048 4130 1142 4187 regno
1181 4115 1331 4189 Croatiae,
1370 4132 1449 4189 quae

182 4222 305 4296 pignori
321 4223 450 4296 accepit,
474 4223 640 4296 praecipue
664 4224 820 4281 civitatem
846 4224 959 4280 montis
976 4221 1137 4279 Grecensis
1150 4219 1237 4297 juxta
1254 4220 1447 4294 Zagrabiam.

290 4411 397 4460 Docnm.
418 4411 508 4474 integr.
534 4410 615 4460 edidit
642 4412 679 4459 Iv.
705 4409 875 4475 Kukuljevic.
897 4411 982 4459 Arkiv
1000 4426 1029 4457 aa
1049 4408 1157 4473 povjest.
1174 4407 1302 4473 jugoslav.
1320 4409 1374 4474 knj.
1394 4411 1447 4462 111.

182 4516 241 4566 pag.
261 4511 306 4561 99,
325 4516 362 4548 nr.
383 4500 466 4550 XXI.
