3278 5348
645 434 719 493 Doc.
742 446 813 511 149.
840 467 877 477 -
903 447 993 511 1450.
1384 449 1444 505 207

177 647 383 726 juristramite
406 650 437 709 in
473 650 599 709 civitate
620 649 721 708 libera
745 652 843 724 possit
865 668 898 710 se
919 667 999 710 unus
1023 651 1108 709 solus
1131 665 1149 708 a
1172 651 1256 708 socio
1285 664 1342 708 suo
1365 649 1452 707 satis·

182 754 358 815 [accionem
380 770 439 829 pro
460 770 493 814 se
513 753 691 829 inpendere,
713 756 773 814 nisi
791 770 898 815 coram
931 755 1032 833 judice
1067 763 1097 814 et
1117 753 1319 830 juristramite
1344 754 1450 813 decre·

179 868 282 922 vetur.
317 861 390 920 Ideo
424 876 481 920 nos
515 860 646 920 eundem
684 876 829 935 pannum,
864 878 920 937 per
954 862 1088 921 eundem
1121 863 1176 935 qui
1224 861 1384 935 reciperat,
1419 860 1452 917 vi

181 966 317 1026 fecimus
338 981 445 1026 coram
467 967 559 1026 nohis
580 968 719 1042 aporiari
741 966 877 1027 dicentes
897 968 953 1026 sic:
984 967 1138 1049 Johannes
1161 972 1208 1025 est
1243 967 1302 1025 hoc
1330 980 1450 1040 pannus

181 1078 264 1145 tuus,
286 1074 340 1148 qui
363 1072 596 1133 animadvertit:
635 1075 694 1132 hoc
716 1080 763 1132 est
792 1089 913 1149 pannus
935 1089 1030 1133 meus.
1060 1073 1124 1132 Nos
1153 1088 1228 1132 vero
1258 1088 1274 1131 e
1296 1072 1451 1131 contrario

183 1178 382 1239 dicebamus:
404 1180 432 1239 si
453 1186 501 1238 est
523 1194 643 1254 pannus
672 1185 744 1239 tuus
766 1181 899 1254 recipias
921 1196 993 1238 eum
1016 1184 1047 1238 et
1069 1196 1183 1252 serves,
1206 1186 1240 1238 tu
1256 1183 1341 1238 tanta
1355 1178 1452 1236 habes

183 1285 270 1361 quod
293 1287 411 1361 poteris
433 1287 525 1345 nobis
546 1284 663 1363 judicio
684 1292 801 1356 astare;
825 1285 1009 1361 quiquidem
1024 1286 1205 1360 respondit:
1228 1287 1312 1344 nolo.
1331 1285 1449 1343 Iterum

182 1392 283 1451 alium
306 1392 509 1466 aliciavimus‚
532 1393 587 1466 qui
609 1392 742 1452 eundem
764 1408 904 1469 pannum
926 1391 1086 1465 reciperat,
1110 1391 1256 1451 videlicet
1278 1391 1451 1465 hospitem:

183 1499 316 1574 recipias
339 1498 472 1558 eundem
494 1514 615 1573 pannus
638 1505 668 1557 et
698 1515 803 1558 serves
837 1514 909 1556 eum
942 1514 1041 1571 usque
1074 1498 1194 1556 iusticia
1225 1497 1345 1556 venerit
1375 1497 1453 1554 sicut

184 1605 290 1679 primo
312 1605 457 1680 recepisti
479 1611 510 1664 et
532 1621 731 1681 quocumque
754 1620 845 1663 causa
858 1604 1033 1663 discucierit
1049 1604 1105 1662 illo
1118 1609 1260 1678 tempore
1283 1603 1329 1661 ibi
1344 1601 1453 1671 detur;

186 1711 239 1785 qui
262 1710 393 1784 quidem
415 1713 570 1770 recusavit
604 1727 637 1770 se
659 1712 805 1786 recipere,
840 1711 955 1769 dicens:
980 1726 1052 1768 cum
1089 1710 1204 1769 fecistis
1238 1710 1298 1768 huc
1321 1725 1378 1783 per
1401 1723 1452 1766 me

185 1822 319 1892 portare,
342 1817 456 1875 abhinc
478 1832 535 1890 ego
558 1818 633 1875 nolo
655 1817 792 1891 amplius
813 1823 983 1891 reportare,
1000 1815 1055 1874 sed
1072 1832 1140 1874 mea
1152 1831 1225 1875 cum
1241 1816 1355 1890 quibus
1370 1813 1452 1873 obli·

185 1930 276 1997 gatur
292 1922 370 1981 mihi
386 1924 427 1980 ab
443 1922 553 1981 eodem
572 1923 647 1981 volo
669 1923 827 1993 rehabere
849 1928 879 1981 et
901 1924 1008 1981 nullus
1033 1923 1133 1980 voluit
1154 1937 1294 1996 pannum
1309 1935 1451 1992 assump-

185 2042 271 2086 mere
281 2044 337 2086 seu
352 2029 498 2104 recipere.
514 2028 588 2087 Ideo
603 2044 659 2087 nos
674 2029 806 2086 eundem
817 2044 955 2104 pannum
972 2043 1030 2102 pro
1045 2044 1077 2086 se
1089 2029 1270 2102 recepimus.
1287 2027 1333 2084 De
1346 2025 1455 2083 ceteris

184 2147 260 2193 vero
283 2134 485 2207 querimoniis
506 2135 587 2194 inter
608 2136 693 2210 ipsos
716 2136 758 2193 ita
780 2133 931 2211 judicium
954 2133 1176 2207 deiudicamus,
1210 2132 1295 2206 quod
1328 2131 1454 2189 eosdem

184 2236 281 2316 judex
304 2241 447 2315 ipsorum
471 2242 600 2300 haberet
623 2240 807 2313 deiudicare,
831 2247 860 2299 et
891 2242 947 2298 hcc
978 2241 1119 2314 queritur
1148 2241 1221 2314 quia
1252 2244 1361 2297 auctor
1390 2253 1451 2296 non

184 2346 420 2406 sustentabatur
441 2345 585 2422 judicem,
610 2347 704 2406 modo
727 2355 833 2406 utrum
856 2349 934 2406 iuste
965 2347 1212 2405 deiudicavimus
1243 2352 1273 2405 et
1296 2343 1450 2419 quidquid

188 2451 302 2510 exinde
318 2451 579 2525 deiudicaveritis,
603 2454 693 2512 nobis
718 2454 828 2512 vestris
851 2455 882 2512 in
905 2455 1017 2512 littoris
1040 2454 1247 2511 amicabiliter
1269 2452 1455 2510 rescribatis.

187 2557 313 2633 Scripta
336 2559 367 2618 in
389 2560 604 2634 Kamprancza
628 2559 705 2618 feria
728 2561 822 2619 tercia
845 2562 989 2635 proxima
1013 2566 1084 2635 post
1111 2560 1299 2618 dominicam
1332 2559 1451 2616 Letare.

187 2665 223 2724 In
245 2665 335 2724 cuius
357 2667 403 2724 rei
425 2667 611 2724 memoriam
634 2667 776 2740 sigillum
799 2674 941 2724 nostrum
976 2665 1122 2724 duximus
1161 2664 1391 2740 apponendum,
1415 2665 1456 2722 ob

187 2772 419 2846 cautellamque
442 2773 594 2831 maiorem
619 2789 690 2830 cum
714 2773 820 2847 sigillo
842 2772 955 2849 judicis
978 2772 1109 2830 fecimus
1132 2772 1314 2846 consignari.

295 2878 361 2936 Hec
385 2877 531 2937 Nicolaus
554 2894 590 2937 ac
613 2879 746 2937 Michael
769 2879 891 2938 nobiles
915 2879 975 2937 viri
998 2879 1228 2936 vicecastellani
1259 2877 1297 2934 de
1328 2878 1450 2949 Kewar,

190 2985 333 3059 magistri
355 2984 663 3056 vicetavernicorum,
686 2986 779 3045 amici
802 2987 899 3044 vestri
921 2986 952 3043 in
976 2986 1133 3059 omnibus.

296 3095 341 3158 (A
360 3097 457 3159 tergo).
479 3091 622 3150 Providis
644 3098 674 3150 et
696 3092 929 3165 circumspectis
952 3093 1028 3150 viris
1051 3090 1158 3168 judici,
1181 3088 1290 3165 juratis
1323 3106 1359 3149 ac
1387 3093 1452 3151 uni-

192 3198 290 3256 versis
323 3197 447 3256 civibus
481 3213 535 3255 seu
569 3197 747 3272 hospitibus
782 3199 914 3256 civitatis
949 3198 1171 3271 Zagrabiensis,
1208 3198 1317 3254 amicis
1346 3200 1458 3256 nostris

190 3302 371 3363 karissimis.

296 3456 431 3522 Originale
458 3458 485 3506 in
513 3457 609 3509 charta.
638 3458 665 3506 A
695 3463 767 3521 tergo
795 3459 932 3522 vestigium
961 3457 1050 3522 sigilli.
1087 3459 1119 3506 In
1139 3457 1255 3506 archivio
1273 3456 1319 3509 lib.
1339 3473 1391 3521 reg.
1410 3458 1457 3506 civ.

190 3547 372 3612 eugubiensis.

787 3722 868 3790 149.

298 3865 379 3914 Anno
400 3877 475 3931 1450,
494 3879 518 3927 9.
535 3865 610 3931 Julii.
630 3867 714 3931 Propo
734 3864 878 3917 Zalrolcam.

198 3991 313 4053 [lineus
346 4009 434 4050 conces
473 3992 566 4050 &leae
599 3999 628 4050 et
658 3993 762 4061 bernus,
792 3993 988 4051 eoooeum'eoo
1021 3993 1148 4049 ce‘oe'tote's
1179 3993 1281 4048 montis
1309 3992 1460 4049 Grecense's

193 4096 323 4167 modae,
344 4105 379 4156 ut
405 4116 452 4156 res
481 4107 509 4156 et
536 4098 611 4155 bono
642 4098 780 4168 Helenae,
810 4117 884 4173 quoe
913 4097 1007 4156 Sudel
1023 4097 1096 4157 civis
1119 4116 1197 4153 uxor
1210 4099 1285 4170 feeit,
1315 4098 1461 4175 Gregorio

326 4204 450 4275 mellona,
471 4206 525 4279 qui
545 4223 574 4263 se
595 4205 658 4280 ejus
679 4211 804 4278 nepotem
819 4206 945 4279 fatetur,
969 4202 1200 4261 allenieee'strondo
1223 4202 1332 4259 tradat.

300 4347 425 4406 Vlricus
458 4347 509 4407 dei
542 4348 648 4421 gracia
683 4347 770 4419 Cilic,
806 4348 1022 4419 Ortemburge,
1057 4347 1247 4419 Zagorieque
1270 4362 1373 4427 qomes
1404 4353 1459 4405 etc.

194 4469 313 4513 necnon
346 4455 433 4528 regni
470 4453 635 4513 Sclauonie
670 4455 777 4512 banus.
810 4452 947 4525 Providi,
979 4453 1087 4510 fideles
1118 4453 1208 4509 nobis
1232 4460 1319 4525 grate
1343 4452 1458 4511 dilecti.

194 4558 474 4633 Quemadmodum
492 4560 666 4619 Corardum
689 4560 842 4618 Rausther
864 4567 918 4618 etc.
941 4560 1042 4617 civem
1074 4558 1208 4616 civitatis
1239 4559 1352 4616 montis
1384 4558 1459 4616 Gre-

194 4667 293 4725 censis
316 4675 464 4741 exparte
487 4667 694 4741 quarumdam
717 4682 881 4725 causarum
905 4665 1167 4723 testamentalium
1191 4665 1404 4722 transmisistis
1420 4664 1460 4723 ad

194 4786 260 4841 uos,
283 4772 371 4831 cuius
393 4772 477 4831 dicta
499 4787 573 4831 sane
595 4772 817 4843 intelleximus,
841 4773 883 4830 ita
907 4770 1130 4829 dileccionibus
1153 4771 1264 4829 vestris
1287 4771 1366 4828 serie
1390 4786 1460 4844 pre·

195 4879 336 4937 cencium
355 4879 590 4950 committimus,
614 4879 762 4950 volentes,
785 4884 819 4937 ut
843 4894 892 4936 res
915 4883 944 4936 et
969 4878 1050 4935 bona
1066 4877 1197 4935 condam
1214 4876 1331 4935 llelene
1353 4877 1461 4935 relicte
