3278 5348
199 455 264 516 404
510 435 585 495 Doc.
602 447 675 513 321.
693 447 768 513 32²·
796 466 833 478 -
859 434 916 495 Aa.
941 429 1169 511 1480-1481.

198 653 312 724 allecti,
344 651 442 727 tepidi
473 650 587 722 essetis,
618 651 834 709 commisimus
864 656 895 710 et
919 651 1115 724 presentibus
1137 651 1247 709 stricte
1271 648 1456 726 precipiendo

198 758 383 818 mandamus
406 757 554 816 fidelibus
576 757 690 816 nostris
714 757 803 815 banis
826 757 878 815 vel
902 757 1061 816 vicebanis
1085 758 1174 830 regni
1188 759 1291 817 nostri
1305 755 1455 816 &lunonis

198 879 256 940 pro
292 870 434 939 tempore
470 864 652 935 constitutis,
686 869 722 921 ut
755 864 818 938 ipsi
847 877 905 922 vos
936 863 976 922 ad
1006 863 1111 923 omnia
1142 864 1300 937 premissa
1330 861 1457 923 iacienda

198 972 300 1030 arcius
323 970 514 1044 compellant
536 976 567 1028 et
590 969 761 1043 astringant
783 971 966 1028 auctoritate
988 976 1095 1029 nostra
1117 971 1316 1043 presentibus
1339 971 1411 1044 ipsis
1431 969 1456 1029 in

196 1078 256 1136 bac
289 1083 378 1151 parte
413 1090 557 1134 concessa
592 1075 811 1147 mediantibus,
844 1091 932 1135 secus
967 1090 1042 1148 ergo
1064 1091 1126 1134 non
1150 1074 1277 1136 tacturi.
1309 1077 1455 1135 Presentos

197 1189 310 1253 autern,
342 1197 419 1255 quas
453 1189 571 1240 secreto
600 1180 708 1255 sigillo
736 1187 851 1253 nostro,
882 1197 946 1255 quo
968 1188 1003 1240 ut
1026 1197 1081 1241 rex
1101 1182 1263 1255 Hungarie
1286 1183 1409 1253 utimur,
1428 1183 1453 1241 in

195 1288 344 1363 pendenti
378 1288 565 1345 communiri
597 1286 744 1358 fecimus,
780 1293 851 1362 post
886 1303 995 1346 earum
1029 1286 1183 1346 lecturam
1216 1303 1344 1361 semper
1376 1286 1452 1346 reddi

195 1393 340 1452 iubemus
363 1394 560 1468 presentrnti.
583 1393 701 1451 Datum
724 1393 874 1466 Zagrabie
897 1393 949 1452 die
972 1393 1128 1452 dominico
1152 1399 1225 1466 post
1249 1392 1363 1452 festum
1382 1393 1451 1453 beati

196 1499 351 1558 Francisci
373 1499 564 1558 confessoris.
589 1500 680 1557 Anno
703 1499 822 1558 domini
846 1500 1015 1559 millesimo
1039 1499 1347 1572 quadringentesimo
1362 1507 1450 1558 octuo

196 1607 322 1677 gesimo.
345 1606 523 1679 Regnorum
546 1614 727 1665 nostrorum
749 1620 830 1665 anno
852 1607 1011 1680 ilungarie
1031 1612 1087 1665 etc.
1110 1605 1263 1665 vicesimo
1286 1608 1387 1678 tercio,
1402 1605 1447 1664 Bo

195 1712 298 1770 bemie
322 1726 397 1769 vero
417 1711 611 1772 duodecimo.

301 1866 325 1914 E
352 1865 497 1930 protocollo
521 1866 572 1917 loci
598 1867 730 1919 credibilis
754 1884 792 1920 nr.
820 1867 934 1920 xxtx.
963 1884 1021 1934 pag.
1040 1880 1083 1932 40.
1111 1869 1145 1918 In
1163 1867 1282 1918 archivio
1300 1883 1356 1917 ven.
1374 1866 1445 1932 Capit

196 1952 379 2018 zagrabiensis.

793 2187 874 2259 aab

303 2381 384 2431 Anno
406 2381 481 2444 1480,
503 2393 543 2444 13.
562 2380 717 2433 novembris.
738 2380 886 2445 Zagrabiae.

296 2528 429 2612 Joannes
460 2527 523 2587 Tuz
554 2528 592 2585 de
623 2528 704 2600 Lak,
737 2530 967 2589 tavernicorum
996 2529 1151 2603 regalium
1182 2533 1333 2605 magister
1361 2538 1446 2591 metas

191 2634 286 2693 castri
308 2633 427 2693 Medwe
451 2649 523 2693 cum
546 2635 711 2709 capitulari
735 2637 889 2697 territorio
913 2641 943 2693 et
965 2635 1178 2708 Paulinorum‚
1202 2645 1237 2695 ut
1261 2639 1284 2698 ii
1306 2639 1446 2708 dicebant,

193 2744 259 2799 tam
282 2755 300 2798 a
323 2746 411 2814 parte
433 2741 584 2811 orientali,
608 2757 703 2815 quam
726 2742 973 2816 septemtrionali
994 2743 1026 2801 in
1048 2747 1153 2802 monte
1177 2744 1313 2804 Medved
1328 2747 1448 2815 tenebat,

191 2845 310 2907 radone
334 2862 475 2920 quarum,
499 2863 571 2905 eum
593 2863 665 2906 cum
681 2849 854 2923 capitulum
870 2850 902 2908 in
929 2849 1053 2909 instanti
1068 2852 1307 2925 congregatione
1323 2851 1449 2925 generali

190 2949 355 3010 slavoniae
385 2953 417 3012 in
448 2950 496 3028 jus
526 2954 680 3015 attrahere
711 2955 869 3027 voluisset,
899 2955 991 3015 isad
1022 2955 1166 3015 vitandas
1200 2973 1362 3033 expensas,
1384 2957 1449 3017 visis

189 3057 321 3130 capituli
344 3059 464 3130 litteris,
489 3074 540 3118 eas
564 3061 700 3119 remittit.

295 3213 402 3277 Georgii
422 3211 592 3264 Marcelovid:
613 3214 738 3278 Regesta‚
760 3222 892 3280 utsupra.

781 3497 866 3567 322.

292 3685 374 3737 Anno
395 3686 470 3748 1481,
491 3698 531 3746 30.
550 3688 668 3750 januarii
689 3691 836 3754 Zagrabiae.

290 3830 379 3887 Feria
404 3843 430 3902 3.
454 3837 523 3887 ante
547 3832 796 3896 Purificationem
820 3840 851 3896 in
874 3839 1110 3912 congregatione
1126 3840 1268 3912 generali
1282 3842 1447 3901 comitatus

181 3934 389 4006 ragrabiensis
405 3933 488 4008 iussu
506 3939 632 4011 speciali
649 3943 782 4001 Mathiae
798 3946 888 4017 regis,
905 3945 991 4003 ducis
1009 3945 1160 4017 Austrine‚
1177 3961 1278 4021 prope
1294 3949 1450 4007 civitatem

181 4039 412 4111 zagrabiensem
437 4043 601 4115 celebrata,
625 4063 731 4106 coram
755 4052 906 4109 Michaele
930 4052 1046 4124 Orszag
1068 4051 1106 4109 de
1129 4051 1226 4123 Guth,
1257 4055 1398 4128 palatino
1419 4060 1447 4113 et

182 4144 339 4219 Stephano
363 4147 478 4206 Bathor
499 4147 609 4224 judice,
632 4155 766 4236 Joannes
790 4158 928 4231 Posegay
950 4157 1086 4216 director
1108 4174 1274 4218 causarum
1296 4162 1453 4234 regianum

178 4253 359 4327 proposuit:
384 4254 546 4327 Kraloucz‚
571 4257 686 4335 Cnerje,
712 4262 870 4339 Kobiljak,
900 4264 1041 4322 Sviblian
1065 4270 1096 4322 et
1120 4264 1219 4324 Narth
1242 4266 1382 4326 civitatis
1402 4281 1452 4326 aa·

179 4359 351 4431 grabiensis
385 4377 459 4433 esse,
492 4363 643 4436 possideri
680 4372 784 4427 tamen
819 4386 876 4443 per
906 4371 1089 4444 capitulum,
1113 4385 1131 4428 a
1155 4386 1219 4445 quo
1244 4377 1276 4431 et
1298 4374 1451 4433 rationem

179 4467 383 4538 possessionis
405 4469 599 4542 exquirebat.
625 4470 795 4546 Gregorius
825 4476 971 4534 Petbrata
1001 4475 1040 4534 de
1069 4476 1235 4550 Dinarekn,
1267 4489 1453 4553 procurator

179 4573 319 4647 capituli,
335 4574 511 4650 respondit:
535 4577 709 4650 capitulum
727 4582 894 4655 superinde
917 4583 1012 4641 etiam
1035 4583 1152 4642 habere
1174 4583 1305 4655 litteras,
1327 4600 1452 4646 remon·

177 4679 321 4738 strandas
343 4682 374 4738 in
397 4682 538 4740 ulteriori
561 4684 694 4742 termino
718 4702 775 4759 per
797 4688 972 4762 palatinum
988 4689 1200 4762 praefigendo,
1215 4689 1249 4749 in
1262 4692 1352 4751 curia
1367 4693 1455 4768 regia

176 4792 246 4845 cum
271 4788 452 4860 gravamine
475 4796 629 4847 consueto.
654 4790 811 4851 Palatinus
836 4795 980 4867 praefixit
1003 4796 1172 4855 terminum
1196 4805 1326 4858 octavas
1348 4815 1374 4859 s.
1389 4798 1451 4861 Ge·

175 4894 255 4968 orgii
278 4909 350 4952 cum
374 4895 556 4966 gravamine
578 4896 673 4954 trium
697 4913 883 4973 marcarum,
915 4917 993 4974 quas
1016 4909 1204 4975 procurator
1225 4904 1333 4965 statim
1356 4906 1454 4966 solvit
