3278 5348
190 655 363 727 presencia,
387 656 500 714 harum
523 661 700 713 nostrarum
732 656 839 729 vigore
870 661 900 714 et
930 657 1107 714 testimonio
1137 657 1308 715 literarum.
1340 658 1457 716 Datum

192 758 269 818 lenia
293 761 388 818 tercia
412 762 557 835 proxima
582 770 653 835 post
676 760 790 820 festum
813 764 1008 820 Ascensionis
1037 762 1164 821 domini.
1198 765 1288 821 Anno
1319 764 1459 821 eiusdem

192 867 362 924 millesimo
386 866 692 940 quadringentesimo
715 869 872 926 tricesimo
894 868 1037 927 secundo.

296 1017 431 1082 Originale
449 1021 477 1068 in
497 1022 594 1068 charta.
623 1020 650 1068 A
670 1027 742 1082 tergo
770 1020 908 1083 vestigium
936 1020 1053 1085 impressi
1080 1019 1167 1083 sigilli.
1197 1022 1228 1069 ln
1247 1020 1317 1075 arch.
1341 1021 1385 1071 lib.
1406 1037 1459 1084 reg.

193 1107 260 1158 civit
280 1107 382 1171 zagrab.

793 1284 859 1351 60.

295 1371 378 1421 Anno
399 1383 475 1435 1432.

252 1498 389 1573 lnjuriac
409 1516 429 1553 a
451 1500 576 1572 capitulo
600 1500 717 1572 sagrab.
740 1499 849 1557 civibus
878 1497 1066 1557 Grecetrsibus
1087 1501 1196 1568 illatae,
1220 1501 1397 1574 reseruntur.

296 1642 384 1713 Item,
415 1644 446 1700 in
478 1657 557 1700 anno
587 1641 705 1700 domini
736 1643 907 1701 millesimo
938 1642 1168 1701 CCCCXXXII.
1199 1649 1341 1718 tempore
1364 1646 1460 1719 primi

188 1744 343 1821 judicatus
380 1747 471 1820 Petri,
507 1748 565 1807 lilii
599 1749 696 1821 Pauli,
732 1750 811 1807 feria
844 1756 931 1807 sexta
954 1751 1100 1823 proxima
1123 1761 1194 1807 ante
1216 1741 1331 1808 festum
1354 1758 1458 1809 sancte

190 1852 387 1927 Margarethe
420 1855 551 1928 virginis
582 1861 612 1913 et
643 1856 780 1913 martiris
804 1855 928 1926 Christi,
952 1855 1145 1913 honorabilis
1170 1855 1301 1914 condam
1324 1857 1380 1926 vir,
1403 1856 1459 1913 do-

187 1960 294 2017 minus
317 1960 466 2019 Nicolaus
490 1961 528 2019 de
552 1961 649 2034 Cylia,
674 1963 839 2020 canonicus
874 1962 1001 2019 ecclesie
1032 1962 1240 2034 zagrabiensis
1270 1962 1455 2036 supradicte,

192 2082 230 2124 ex
252 2067 331 2125 scitu
366 2073 397 2125 et
431 2068 592 2125 voluntate
622 2069 719 2126 tocius
750 2068 880 2142 capituli
901 2068 1029 2125 ecclesie
1053 2067 1260 2140 zagrabiensis
1283 2067 1452 2141 quemdam

191 2172 291 2230 civem
319 2174 454 2231 civitatis
479 2174 617 2247 predicte
640 2175 671 2232 in
688 2175 738 2232 via
755 2174 882 2247 publica
898 2174 929 2231 in
946 2175 1100 2232 territorio
1118 2173 1190 2232 dicti
1214 2175 1343 2247 capituli
1365 2191 1453 2247 repe·

193 2279 309 2351 riendo,
335 2281 462 2338 nomine
488 2281 637 2353 Marcum,
655 2281 840 2352 carnificem,
856 2280 959 2339 filium
976 2280 1111 2353 Georgii,
1127 2281 1246 2353 absque
1261 2281 1346 2337 omni
1363 2280 1456 2353 culpa

192 2400 246 2443 sua
268 2385 346 2443 diris
369 2386 538 2444 verberum
563 2394 593 2444 et
616 2387 783 2445 vulnerum
807 2387 909 2461 plagis
931 2387 1091 2457 affecisset,
1121 2386 1262 2460 potencia
1294 2385 1456 2443 mediante.

192 2490 257 2549 Lite
279 2496 385 2550 tamen
410 2493 491 2550 inter
513 2493 599 2566 ipsos
623 2494 706 2551 cives
728 2500 758 2551 et
781 2493 953 2568 capitulum
979 2491 1138 2566 pendente.

295 2630 485 2678 Documentum
513 2629 719 2682 transactionale.
747 2631 779 2678 In
803 2629 898 2680 archiv.
918 2645 976 2680 ven.
996 2628 1080 2692 Capit.
1100 2628 1200 2691 zagrab.
1220 2629 1281 2678 Act.
1302 2628 1385 2692 Capit.
1405 2634 1457 2678 nnt.

191 2717 249 2769 fasc.
272 2730 312 2769 10.
333 2733 370 2768 nr.
394 2718 432 2767 16.

800 2897 855 2961 61.

298 3038 379 3085 Anno
403 3049 476 3100 1432,
500 3050 538 3088 12.
558 3037 718 3102 septembris.
739 3038 813 3085 Senis
833 3037 859 3084 in
879 3035 962 3088 Italia.

295 3166 478 3241 Capitulum
502 3182 609 3224 coram
633 3165 832 3240 Sigismundo
865 3167 1005 3239 queritur
1036 3171 1142 3223 contra
1174 3166 1341 3236 civitatem,
1373 3166 1457 3238 quod

191 3280 285 3332 terras
309 3274 447 3347 capituli,
470 3275 627 3346 signanter
649 3274 681 3331 in
704 3274 949 3346 possessionibus
967 3273 1094 3330 Raboch
1118 3278 1147 3329 et
1171 3270 1349 3346 Geremlye,
1375 3272 1458 3329 ultra

191 3387 287 3438 metas
311 3395 368 3452 per
390 3394 442 3437 eos
465 3380 601 3437 abolitas
624 3385 827 3453 occupassent
849 3387 879 3436 et
903 3379 980 3436 alias
1011 3372 1137 3453 injurias
1163 3377 1298 3435 subditis
1322 3384 1351 3434 et
1375 3379 1458 3452 capi·

191 3487 254 3544 tulo
276 3485 434 3543 inferrent.
456 3485 605 3543 Prohibet
628 3487 686 3543 ista
709 3485 825 3543 civitati
850 3483 1066 3557 Sigismundus
1091 3492 1120 3542 et
1137 3483 1245 3542 scribit
1261 3500 1294 3540 se
1310 3482 1458 3541 mandare

192 3592 325 3674 Johanni
351 3592 498 3666 episcopo
520 3593 713 3665 zagrabiensi
737 3598 766 3648 et
798 3592 965 3660 llerman0,
998 3593 1078 3649 bano
1113 3590 1303 3661 Sclavoniae,
1339 3591 1457 3648 comiti·

193 3696 313 3771 busque
336 3703 367 3754 et
390 3698 625 3755 vicecomitibus
649 3698 813 3756 comitatus
836 3698 1053 3769 zagrabiensis,
1077 3703 1110 3754 ut
1133 3713 1186 3755 eos
1209 3702 1376 3755 coerceant.

294 3834 402 3897 Georgii
421 3833 592 3883 Marcelovid:
613 3835 731 3897 Regesta
750 3841 880 3899 utsupra.

794 4044 854 4110 62.

296 4187 379 4235 Anno
401 4199 475 4249 ¹432·

290 4317 325 4374 ln
348 4318 465 4374 octavis
488 4318 585 4374 sancti
608 4318 778 4388 Michaelis,
800 4316 952 4389 Georgius
977 4319 1140 4375 canonicus
1172 4317 1381 4390 zagrabiensis
1413 4318 1458 4373 in·

185 4423 392 4497 quisicionem
415 4425 629 4480 chasmensem
652 4439 759 4480 coram
785 4423 906 4480 Matheo
938 4423 976 4480 de
1007 4424 1130 4493 Paloch,
1153 4421 1254 4498 judice
1280 4423 1384 4479 curiae
1409 4439 1456 4478 re·

183 4532 253 4603 giae
277 4535 384 4586 contra
406 4530 564 4587 civitatem
587 4529 750 4603 proposuit
773 4529 803 4585 in
828 4530 939 4586 merito
962 4531 1102 4603 occupati
1126 4529 1206 4587 Otok
1234 4542 1332 4602 1427,
1357 4542 1450 4599 quam

183 4651 246 4695 non
270 4646 513 4710 comparentem,
537 4635 663 4693 mandat
677 4633 771 4709 judex
788 4636 1021 4693 chasmensibus
1040 4636 1243 4710 proclamare.
1267 4635 1381 4691 Datum
1408 4632 1457 4704 36,

185 4741 238 4801 die
262 4742 386 4800 termini
409 4743 595 4817 praenotati.

292 4877 407 4941 Georgii
428 4875 599 4933 Mnrcelovic;
619 4877 737 4941 Regesta
756 4886 784 4925 ut
803 4892 888 4941 supra.
