3278 5348
185 396 223 468 38
616 390 688 446 Doc.
706 401 759 463 32.
787 420 825 429 -
850 386 907 444 An.
936 397 1024 462 1422.

184 471 1428 506 ffl—.--m—-ss-..d

183 614 213 667 et
235 607 352 685 juratos
375 613 405 667 et
428 608 601 682 quemlibet
624 605 662 662 de
687 620 743 679 per
777 619 810 661 se
844 602 1041 660 nominanter
1063 614 1098 657 ac
1129 601 1162 658 in
1193 603 1295 676 specie
1327 602 1455 660 excom‘

185 716 406 772 municacionis
429 716 491 773 late
514 713 591 790 juris
614 728 667 770 seu
691 725 844 768 canonum
866 724 901 767 ac
925 709 1025 783 ipsam
1063 708 1249 782 sacrilegam
1280 706 1460 768 communi!

185 827 278 878 tatem
303 822 442 894 ipsorum
467 838 521 879 seu
544 821 705 878 civitatem
729 833 801 875 cum
825 830 933 873 eorum
958 815 1118 874 suburbiis
1142 831 1178 873 ac
1201 816 1287 891 ipsos
1309 806 1498 874 hominess

183 928 214 984 in
237 943 349 999 genere
373 934 501 1001 propter
524 926 677 1000 premissa
701 929 731 981 et
751 922 916 996 quodlibet
941 922 1167 996 premissorum
1198 922 1372 981 firmissimi
1398 938 1438 980 ec·

183 1034 346 1091 clesiastici
369 1034 522 1091 interdicti
553 1032 722 1090 sentencias
757 1037 850 1103 atque
885 1044 980 1104 penas
1013 1028 1243 1087 declaravimus
1278 1036 1309 1088 et
1346 1037 1443 1088 tenore

186 1141 382 1214 presencium
413 1140 608 1196 declaramus
639 1136 883 1210 dampnabiliter
913 1135 1057 1193 incidisse
1090 1141 1121 1193 et
1155 1136 1254 1194 eciam
1278 1137 1442 1206 subiacere,

185 1261 293 1317 ymmo
316 1247 490 1318 quemlibet
512 1248 651 1319 ipsorum
676 1245 706 1332 in
730 1242 865 1301 solidum
889 1246 919 1300 et
943 1242 982 1300 de
1014 1258 1070 1316 per
1100 1258 1133 1300 se
1168 1257 1203 1300 ac
1237 1244 1318 1302 alias
1355 1244 1447 1302 nomi·

184 1358 293 1410 nanter
317 1358 345 1409 et
370 1353 399 1409 in
423 1354 525 1425 specie
549 1351 855 1408 excommunicamus
885 1354 916 1406 et
946 1348 1062 1407 dictam
1094 1349 1236 1423 ipsorum
1268 1351 1449 1424 sacrilegam

184 1459 438 1516 communitatem
462 1475 515 1515 seu
550 1458 717 1528 civitatem,
741 1457 767 1513 si
800 1454 861 1513 dici
900 1461 1047 1531 meretur,
1070 1460 1163 1528 atque
1198 1456 1305 1515 locum
1342 1456 1450 1515 montis

189 1565 351 1622 Grecensis
375 1581 446 1622 cum
470 1565 559 1622 dictis
583 1566 723 1637 ipsorum
746 1561 906 1620 suburbiis
930 1561 1138 1620 ecclesiastico
1154 1561 1339 1621 firmissimo
1362 1565 1451 1622 inter·

188 1670 270 1727 dicto
292 1671 462 1728 subicimus
486 1672 515 1728 in
540 1671 599 1727 hiis
621 1670 764 1741 scriptis;
789 1667 914 1724 eosdem
938 1669 1036 1726 eciam
1060 1675 1089 1726 et
1113 1668 1288 1742 quemlibet
1312 1670 1452 1744 ipsorum

188 1784 249 1834 tam
276 1778 306 1833 in
329 1778 430 1850 specie
454 1777 598 1834 similiter
621 1791 715 1848 quam
740 1775 769 1832 in
789 1789 900 1847 genere
917 1774 1063 1832 omnibus
1079 1774 1190 1840 feudis,
1209 1776 1309 1846 terris,
1328 1775 1451 1850 prediis,

185 1884 289 1956 pratis,
321 1885 412 1954 agris,
449 1885 555 1953 vineis,
589 1883 744 1953 domibus,
778 1883 866 1952 areis,
898 1883 1087 1953 nemoribus,
1111 1883 1213 1952 curiis,
1234 1883 1397 1941 beneficiis
1419 1898 1453 1941 ac

188 1987 299 2045 officiis
323 1996 351 2046 et
376 1991 569 2061 quibuslibet
593 1990 662 2046 aliis
688 1990 787 2059 bonis,
802 1989 957 2061 rebusque
975 1989 1148 2046 mobilibus
1172 1995 1202 2047 et
1224 1989 1453 2060 immobilibus,

185 2110 245 2166 que
269 2100 298 2151 et
324 2111 400 2167 quas
423 2097 483 2169 ipsi
507 2102 560 2153 aut
583 2096 661 2152 alter
684 2096 826 2167 ipsorum
849 2109 867 2150 a
891 2094 973 2152 dicta
989 2094 1118 2152 ecclesia
1135 2100 1241 2152 nostra
1258 2094 1453 2168 zagrabiensi

184 2201 353 2258 dinoscitur
377 2201 615 2273 quomodolibet
639 2201 779 2257 obtinere
804 2201 963 2273 privantes
994 2206 1024 2258 et
1053 2200 1277 2259 nichilominus
1313 2202 1453 2276 privatos

182 2306 299 2364 eisdem
322 2316 351 2364 et
375 2314 493 2377 exutos,
516 2307 862 2379 excommunicatosque
894 2314 923 2365 et
958 2307 1074 2365 dictam
1104 2307 1289 2380 sacrilegam
1320 2308 1454 2366 civitatis

183 2415 438 2471 communitatem
462 2422 491 2471 et
516 2415 581 2470 eius
605 2413 710 2470 locum
735 2429 805 2470 cum
838 2413 998 2470 suburbiis
1031 2413 1095 2471 suis
1131 2412 1328 2486 quibuslibet
1362 2414 1455 2471 inter·

184 2517 266 2575 dicto
290 2525 318 2576 et
340 2521 547 2577 ecclesiastico
572 2519 753 2575 firmissimo
779 2518 943 2576 interdicto
966 2519 1104 2577 subactis
1127 2524 1157 2576 et
1173 2519 1321 2593 supositis
1338 2519 1455 2578 denun-

184 2626 300 2682 ciamus
324 2626 469 2683 similiter
492 2628 521 2683 in
546 2626 604 2682 hiis
629 2626 771 2697 scriptis;
807 2624 890 2682 filios
925 2626 1066 2698 ipsorum
1100 2639 1199 2697 usque
1232 2623 1274 2682 ad
1307 2633 1455 2698 quartam

183 2734 417 2802 generacionem
441 2734 470 2789 iu
496 2733 631 2805 presenti
648 2731 776 2788 ecclesia
794 2736 898 2789 nostra
921 2729 961 2787 ad
985 2729 1109 2802 gradus,
1132 2729 1256 2788 ordines
1271 2745 1378 2789 sacros
1401 2738 1455 2790 aut

187 2839 308 2910 aliquas
332 2838 504 2910 dignitates,
530 2837 687 2907 beneficia,
712 2836 825 2909 officia,
851 2836 950 2908 feuda,
972 2843 1025 2894 aut
1056 2836 1164 2910 predia
1195 2836 1397 2897 decernentes
1424 2846 1454 2897 et

185 2946 324 3002 volentes
349 2947 477 3002 minime
500 2961 590 3019 posse
614 2951 667 3001 aut
690 2944 803 3001 debere
827 2945 857 3000 in
883 2949 1042 3016 posterum
1067 2944 1259 3018 promoveri,
1282 2961 1340 3002 nec
1365 2961 1455 3019 posse

183 3058 212 3107 et
237 3052 340 3109 valere
365 3053 543 3124 aliqualiter
568 3052 817 3124 pronunciantes,
843 3065 983 3123 quosque
1006 3049 1045 3108 de
1068 3050 1229 3123 premissis
1252 3052 1401 3110 omuibus
1424 3059 1455 3110 et

183 3158 312 3229 singulis
336 3159 434 3220 nobis.
459 3158 540 3215 dicte
563 3157 691 3214 ecclesie
717 3164 829 3225 nostre,
855 3157 960 3229 eisque
979 3156 1114 3215 dominis
1136 3155 1174 3214 de
1196 3157 1348 3230 capitulo,
1384 3175 1453 3233 pre·

185 3263 340 3321 bendariis
363 3272 455 3337 atque
479 3266 562 3322 clero
587 3280 642 3337 per
666 3263 792 3319 eosdem
817 3262 908 3320 fuerit
932 3262 1057 3321 realiter
1080 3262 1280 3321 satisfactum.
1305 3265 1344 3322 Et
1359 3281 1454 3339 super

183 3370 242 3426 hiis
266 3372 411 3427 omnibus
436 3387 506 3427 cum
531 3371 646 3428 eisdem
672 3376 701 3426 et
725 3385 796 3425 cum
821 3369 963 3440 quolibet
987 3370 1128 3442 ipsorum
1144 3368 1336 3428 sufficienter
1360 3370 1453 3430 fuerit

182 3474 403 3547 dispensatum,
428 3477 575 3548 quoniam
598 3475 666 3551 jure
690 3483 816 3533 cavetur
849 3490 1003 3547 expresse,
1036 3475 1120 3548 quod
1150 3481 1257 3534 contra
1287 3478 1453 3536 molientes

183 3580 298 3637 Christi
323 3583 479 3638 ministros
504 3583 681 3652 extinguere
706 3597 741 3638 ac
773 3586 879 3638 contra
911 3580 1124 3654 incendiarios,
1156 3581 1325 3641 violatores
1354 3584 1454 3642 eccle-

183 3688 308 3757 siarum,
333 3694 473 3760 raptores
497 3703 550 3743 seu
576 3689 673 3744 eciam
701 3689 858 3745 invasores
882 3701 1085 3761 pessonarum
1109 3693 1139 3744 et
1170 3703 1275 3746 rerum
1307 3689 1452 3749 ecclesia·

188 3792 336 3849 sticarum
359 3800 388 3849 et
412 3793 489 3849 alios
516 3795 656 3865 publicos
680 3794 920 3867 depopulatores
945 3808 979 3849 ac
1004 3792 1140 3851 latrones
1175 3802 1221 3852 est
1249 3795 1354 3854 taliter
1379 3812 1452 3871 pro·

184 3897 356 3954 cedendum
380 3906 409 3955 et
433 3900 502 3956 talis
526 3901 569 3956 eis
593 3916 672 3973 pena
696 3917 749 3957 seu
773 3901 937 3972 castigacio
960 3899 1133 3973 infligenda,
1158 3899 1243 3974 quod
1272 3902 1333 3976 ipsi
1365 3909 1452 3962 metu

185 4020 262 4077 pene
286 4005 310 4060 si
335 4020 395 4061 non
419 4020 525 4062 amore
548 4005 654 4063 divino
679 4006 797 4063 inducti
824 4007 876 4062 vel
900 4007 1023 4064 retracti
1046 4021 1064 4062 a
1087 4006 1245 4065 similibus
1280 4007 1319 4065 de
1349 4015 1454 4068 cetero

184 4110 366 4181 abstineant,
392 4111 539 4169 desistant
571 4119 600 4169 et
635 4114 732 4170 eciam
769 4112 904 4170 finaliter
938 4112 1129 4186 resipiscant,
1164 4113 1297 4187 aliisque
1333 4115 1453 4175 similia

185 4219 458 4290 presumenlihus‚
494 4234 601 4277 eorum
636 4220 801 4291 castigacio
837 4225 971 4276 transeat
1005 4220 1036 4276 iu
1067 4218 1260 4293 exemplum.
1297 4220 1453 4295 Quocirca

183 4323 277 4380 vobis
299 4325 444 4381 omnibus
469 4331 499 4383 et
522 4328 651 4398 singulis
676 4325 863 4398 supradictis
888 4327 917 4383 in
942 4327 1057 4383 virtute
1080 4331 1184 4383 sancte
1215 4326 1399 4387 obediencie
1422 4336 1454 4388 et

184 4431 242 4487 sub
265 4433 594 4489 excommunicacionis
618 4448 702 4506 pena,
717 4448 811 4505 quarn
829 4433 858 4489 in
876 4447 931 4490 vos
948 4439 978 4490 et
994 4433 1166 4505 quemlibet
1183 4439 1333 4506 vestrum,
1351 4437 1448 4497 trium

184 4535 306 4593 dierum
330 4537 475 4593 canonica
500 4539 671 4596 monicione
706 4541 866 4612 premissa,
903 4538 1032 4596 ferimus
1068 4539 1098 4597 in
1132 4539 1193 4598 hiis
1223 4540 1357 4615 scriptis,
1392 4543 1453 4602 nisi

183 4640 317 4699 feceritis
341 4642 423 4715 quod
450 4643 643 4716 mandamur,
668 4645 804 4704 districte
838 4645 1038 4719 precipiendo
1067 4645 1261 4716 mandamus,
1293 4654 1448 4720 quatenus

183 4762 256 4803 mox
278 4748 354 4804 visis
377 4755 406 4805 et
432 4751 562 4821 receptis
587 4752 790 4823 presentibus,
814 4758 843 4809 et
868 4759 1035 4825 postquam
1059 4768 1154 4827 super
1177 4736 1237 4811 hoc
1259 4751 1381 4813 fueritis
1404 4771 1452 4814 re·

183 4854 287 4925 quisiti
311 4869 363 4911 seu
387 4855 465 4912 alter
490 4862 629 4913 vestrum
652 4859 825 4930 requisitus,
851 4858 988 4932 prefatos
1012 4859 1104 4929 cives,
1129 4859 1274 4933 populos,
1297 4860 1449 4935 hospites,
