3278 5348
652 429 725 488 Doc.
751 439 820 505 ²05·
848 462 884 472 -
910 423 1002 506 1458.
1393 429 1452 499 267

181 650 274 709 nobis
305 647 480 722 significare
513 652 700 706 curaverunt
730 646 762 703 in
793 646 876 705 hunc
907 645 1052 705 modum:
1084 645 1169 719 quod
1200 645 1277 703 dum
1308 644 1453 703 Nicolaus

182 755 361 826 aurifaber,
400 754 544 813 similiter
583 752 661 811 alias
692 750 787 828 judex
825 759 855 811 et
889 753 966 812 civis
999 752 1140 810 eiusdem
1173 752 1307 810 civitatis
1341 752 1455 809 montis

182 861 360 931 Grecensis,
384 874 518 918 unacum
552 857 664 917 litteris
698 859 886 917 serenissimi
921 859 1070 932 principis
1106 864 1136 916 et
1171 858 1304 928 domini,
1335 856 1454 914 domini

183 968 300 1026 Mathie
324 966 375 1025 dei
397 966 502 1040 gracia
522 965 622 1023 incliti
647 965 729 1037 regis
760 965 919 1038 Hungarie
947 971 1002 1023 etc.
1026 965 1144 1022 domini
1177 964 1274 1022 nostri
1297 963 1454 1033 naturalis,

185 1178 390 1252 loquentibus
413 1186 443 1235 et
466 1176 611 1247 directis,
633 1174 822 1249 eosdemque
857 1178 889 1235 in
920 1192 957 1235 eo
992 1178 1224 1251 requisivisset,
1259 1182 1293 1234 ut
1326 1176 1386 1249 ipsi
1417 1191 1455 1233 ex

183 1290 274 1359 parte
303 1287 460 1341 certorum
491 1282 609 1341 civium
639 1285 670 1339 et
700 1282 945 1342 inhabitatorum
976 1283 1057 1341 dicte
1088 1283 1221 1341 civitatis
1252 1283 1376 1340 racione
1401 1280 1455 1338 do·

184 1405 323 1462 morum,
358 1403 477 1448 necnon
512 1389 743 1463 possessionum
766 1393 796 1446 et
830 1390 965 1448 aliorum
996 1390 1150 1447 bonorum
1186 1390 1217 1446 in
1241 1387 1350 1446 eadem
1381 1388 1456 1445 civi·

184 1502 246 1555 tate
271 1501 302 1554 et
325 1495 480 1554 territorio
503 1493 642 1553 eiusdem
674 1495 884 1568 existencium,
909 1495 1011 1553 eidem
1034 1495 1163 1553 Nicolao
1186 1494 1346 1553 aurifabro
1372 1493 1453 1552 iudi-

185 1603 268 1661 cium
292 1606 323 1660 et
343 1599 499 1678 justiciam
523 1600 633 1672 facere,
656 1601 865 1674 exhibereque
889 1607 919 1659 et
944 1602 1139 1659 aministrare
1174 1601 1361 1659 debuissent.
1378 1600 1453 1673 Qui·

185 1707 313 1783 quidem
337 1707 430 1767 iudex
453 1714 483 1765 et
499 1708 591 1765 ceteri
614 1707 697 1765 cives
722 1707 875 1765 mandatis
907 1709 991 1780 regie
1022 1707 1194 1765 serenitatis
1226 1706 1352 1765 obedire
1370 1707 1456 1780 cupi·

185 1821 278 1885 entes,
302 1811 455 1889 judicium
479 1817 508 1871 et
530 1810 685 1890 justiciam
704 1828 742 1870 ex
758 1818 847 1887 parte
863 1813 1045 1871 eorumdem
1068 1813 1184 1870 civium
1208 1812 1311 1870 eidem
1327 1811 1455 1869 Nicolao

188 1919 351 1979 aurifabro
374 1918 476 1977 facere
498 1924 527 1977 et
550 1920 697 1977 exhibere
721 1920 821 1993 parati
836 1918 973 1990 fuissent,
990 1919 1169 1992 eisdemque
1186 1920 1328 1994 partibus
1345 1918 1455 1976 feriam

185 2032 306 2085 sextam
339 2027 517 2099 proximam
546 2033 618 2099 post
649 2024 762 2083 festum
797 2025 988 2083 Invencionis
1023 2033 1126 2083 sancte
1165 2026 1281 2096 crucis,
1313 2024 1455 2097 proxime

184 2133 376 2207 preteritum,
399 2148 472 2190 cum
495 2133 647 2191 universis
669 2129 799 2206 juribus,
824 2133 1061 2206 literalibusque
1084 2132 1308 2203 instrumentis,
1332 2145 1451 2188 necnon

185 2239 380 2299 documentis
410 2255 517 2298 coram
548 2239 665 2298 eisdem
697 2239 869 2312 producere
901 2239 1087 2297 debentibus
1120 2254 1177 2313 pro
1201 2239 1334 2297 termino
1358 2238 1454 2309 assig-

184 2352 309 2405 nassent
332 2352 362 2404 et
384 2345 589 2421 prefixissent,
615 2351 648 2403 ut
663 2347 706 2403 sic
724 2347 798 2403 visis
821 2352 852 2402 et
874 2347 1057 2403 examinatis
1081 2344 1204 2419 juribus
1227 2351 1256 2402 et
1278 2343 1454 2402 literalibus

186 2453 408 2523 instrumentis,
437 2466 554 2510 necnon
577 2452 822 2525 allegacionibus
846 2457 876 2508 et
899 2452 1171 2525 proposicionibus
1187 2450 1368 2508 earumdem
1386 2464 1455 2522 par·

185 2559 278 2630 cium,
309 2558 411 2617 eidem
444 2557 572 2616 Nicolao
606 2557 765 2616 aurifabro
789 2574 827 2614 ex
851 2564 939 2631 parte
970 2558 1214 2631 prescriptorum
1246 2557 1372 2627 civium,
1397 2571 1454 2629 per

188 2666 293 2740 ipsum
317 2666 349 2723 in
364 2679 490 2722 causam
513 2670 725 2734 attractorum,
748 2661 897 2738 judicium
921 2668 951 2720 et
967 2662 1120 2737 justiciam
1140 2664 1272 2721 termino
1296 2664 1327 2721 in
1343 2661 1453 2720 eodem

186 2771 333 2843 facerent,
374 2770 469 2829 iidem
499 2769 594 2846 judex
625 2784 661 2827 ac
685 2770 768 2827 cives
798 2770 930 2826 civitatis
961 2768 1099 2842 predicte
1133 2768 1233 2826 facere
1257 2778 1286 2827 et
1309 2768 1455 2826 exhihere

186 2877 374 2948 voluissent3
388 2876 571 2951 quiquidem
587 2876 735 2933 Nicolaus
751 2874 916 2946 aurifaber,
944 2877 985 2932 uti
1002 2875 1096 2932 iidem
1114 2876 1243 2932 Rawsar
1265 2881 1295 2932 et
1319 2875 1455 2931 Thomas

186 2984 323 3043 Croacus
339 2984 539 3055 retullissent,
558 2982 682 3039 nullum
697 2980 856 3056 judicium,
873 2982 1036 3038 nullumve
1052 2979 1172 3056 justicie
1196 2981 1456 3055 complimentum

187 3090 320 3149 termino
354 3091 386 3147 in
421 3088 531 3146 eodem
566 3103 672 3145 coram
706 3086 823 3144 eisdem
856 3084 957 3161 judice
991 3101 1026 3143 ac
1059 3088 1182 3144 civibus
1214 3086 1293 3145 dicte
1317 3087 1452 3144 civitatis

186 3211 385 3270 asumpmere
419 3203 449 3252 et
483 3172 644 3268 acceptare
678 3193 844 3264 noluisset,
880 3193 935 3250 sed
967 3194 1070 3250 solum
1094 3193 1132 3251 de
1155 3193 1312 3265 domibus,
1335 3207 1453 3251 necnon

187 3302 435 3376 possessionibus
470 3307 501 3359 et
528 3301 598 3358 aliis
634 3300 723 3357 bonis
758 3299 821 3357 suis
856 3316 894 3356 ex
925 3306 1014 3372 parte
1038 3299 1221 3356 eorumdem
1248 3301 1364 3357 civium
1400 3316 1456 3373 per

187 3407 314 3466 eosdem
344 3406 479 3484 judicem
502 3413 531 3463 et
555 3408 638 3464 cives
663 3405 744 3463 dicte
767 3406 901 3463 civitatis
925 3406 1039 3462 montis
1060 3405 1222 3463 Grecensis
1245 3408 1306 3465 sibi
1328 3407 1454 3480 plenam

187 3521 217 3573 et
232 3513 448 3572 omnimodam
470 3512 715 3571 satisfaccionem
739 3512 849 3583 facere,
873 3512 1165 3586 restitucionemque
1189 3513 1369 3587 impendere
1385 3529 1456 3587 pos-

188 3621 324 3679 tulasset.
349 3619 449 3694 Super
472 3619 587 3693 quibus
611 3621 748 3677 annotati
772 3618 936 3676 Conradus
960 3619 1089 3677 Rawsar
1113 3625 1142 3677 et
1165 3620 1301 3677 Thomas
1319 3620 1454 3677 Croacus

189 3728 254 3786 suis
277 3733 307 3784 et
331 3741 464 3800 quorum
488 3742 583 3801 supra
608 3726 785 3784 nominibus
808 3726 967 3798 pecierunt
990 3726 1065 3798 ipsis
1089 3733 1119 3783 et
1142 3727 1211 3783 aliis
1230 3726 1378 3800 predictis
1396 3741 1452 3798 per

187 3848 247 3892 nos
280 3832 348 3890 dari
379 3833 497 3891 litteras
528 3841 649 3890 nostras
673 3832 880 3906 protestarias,
915 3846 991 3904 quas
1014 3831 1130 3889 eisdem
1156 3834 1362 3890 concessimus
1386 3833 1456 3905 lege

187 3939 276 4012 regni
298 3940 474 4013 requirente
498 3947 528 3996 et
546 3939 704 3996 communi
719 3937 837 4013 justicia
856 3936 1011 3995 suadente.
1029 3939 1144 3994 Datum
1161 3940 1291 3996 sabbato
1310 3940 1453 4011 proximo

188 4052 259 4120 post
293 4045 469 4118 predictum
501 4044 613 4101 festum
637 4044 830 4101 Invencionis
855 4052 957 4101 sancte
981 4046 1081 4102 crucis
1112 4047 1201 4101 Anno
1238 4044 1355 4100 domini
1384 4043 1454 4100 mil·

188 4151 300 4209 lesimo
323 4150 626 4225 quadringentesimo
650 4152 907 4223 quinquagesimo
930 4157 1049 4208 octavo.

295 4339 428 4404 Originale
447 4340 473 4387 in
502 4339 596 4395 charta,
616 4355 631 4386 a
659 4347 731 4401 tergo
759 4336 896 4400 vestigium
924 4340 1040 4401 impressi
1072 4337 1158 4401 sigilli.
1188 4339 1219 4384 In
1248 4336 1361 4386 archivio
1391 4336 1451 4389 iucl.

189 4429 275 4480 Acad.
294 4429 389 4479 Scieut.
409 4427 479 4478 Slav,
501 4428 591 4478 merid.
