3278 5348
184 401 246 476 264
599 396 673 454 Doe.
697 408 767 452 202.
790 427 832 437 —
856 394 912 452 An.
934 389 1025 471 1458.

181 624 284 672 torum
303 628 470 684 regnorum
487 618 665 671 nostrorum
680 612 843 669 Dalmacie
865 616 896 668 et
918 610 1046 668 Croacie
1067 609 1200 667 existitis
1216 608 1358 683 deputati
1372 607 1437 666 fite

180 722 252 779 liter
275 734 373 792 usque
395 717 434 775 ad
458 718 604 775 effectum
627 718 722 776 finem
746 717 895 791 prosequi
918 715 1057 774 debeatis
1081 720 1111 772 et
1133 730 1223 772 secus
1246 729 1309 773 non
1327 713 1436 772 facturi.

183 826 341 884 Presentes
364 829 477 893 autem,
501 838 578 896 quas
602 830 730 897 propter
754 813 937 880 carenciam'
951 822 1047 895 sigilli
1070 822 1169 879 nostri
1191 821 1331 893 maioris,
1354 834 1438 877 annu·

182 933 241 991 lari
275 931 380 1003 sigillo
416 936 522 987 nostro
554 928 683 987 fecimus
713 930 903 1002 consignari,
935 934 1007 1003 post
1037 943 1145 986 earum
1175 928 1329 985 lecturam
1358 924 1438 984 reddi

182 1037 328 1095 volumus
352 1037 526 1110 presentati
557 1036 674 1094 Datum
698 1036 783 1094 Bude
821 1035 896 1094 feria
928 1040 1039 1109 quarta
1069 1036 1214 1109 proxima
1236 1041 1308 1093 ante
1333 1031 1439 1090 festum

184 1145 267 1201 beati
290 1143 435 1215 Gregorii
458 1158 546 1216 pape.
572 1144 662 1200 Anno
687 1143 806 1201 domini
830 1142 1000 1201 millesimo
1023 1141 1330 1215 quadringentesimo
1358 1138 1439 1211 quin·

183 1250 365 1323 quagesimo
388 1254 507 1306 octavo.

289 1440 312 1487 E
331 1445 492 1503 transumpto
521 1437 628 1503 capituli
655 1437 828 1501 zagrabiensis
856 1438 889 1486 de
919 1454 988 1487 anuo
1016 1450 1092 1503 1459.
1130 1438 1162 1485 In
1189 1436 1304 1486 arciuvio
1328 1435 1374 1484 lib.
1394 1450 1439 1497 reg.

184 1529 254 1578 civit.
274 1526 375 1591 zagrab.

777 1774 865 1840 202.

290 1969 370 2017 Anno
393 1969 468 2033 1458,
492 1967 530 2018 16.
551 1968 643 2019 martii.
664 1968 761 2017 Budae.

183 2096 326 2165 ddzthios,
350 2098 527 2169 Iluugorvire
549 2105 596 2153 etc.
619 2114 682 2164 rex,
705 2096 812 2154 civibus
834 2095 1067 2168 aagrtzbrensibus
1088 2096 1219 2171 retondat,
1242 2102 1277 2151 ut
1298 2093 1444 2166 diligenter

299 2203 468 2278 aelerigilcnt
491 2223 526 2260 ne
549 2203 675 2260 honteives
698 2209 825 2260 nocentes
848 2206 877 2258 in
899 2204 1043 2260 cleritatem
1066 2203 1139 2260 elom
1163 2201 1335 2274 ivnntegrent.

888 2358 1044 2408 commissio
1063 2358 1167 2423 propria
1184 2356 1283 2406 domini
1303 2354 1379 2419 regis.

291 2469 422 2528 ltathias
445 2467 496 2526 dei
518 2469 622 2540 gracia
646 2487 699 2527 rex
723 2470 891 2543 Hungarie,
907 2471 1077 2542 Dalmacie,
1093 2470 1223 2529 Croacie
1238 2474 1294 2527 etc.
1310 2468 1447 2526 Circum·

184 2577 290 2651 specii,
314 2575 423 2633 fideles
445 2575 536 2633 nobis
566 2575 679 2634 dilecti.
702 2577 813 2634 Relatu
844 2577 1066 2635 nonnullorum
1097 2576 1240 2635 fidelium
1271 2580 1445 2632 nostrorum

186 2683 311 2742 illarum
337 2682 480 2755 parcium
504 2682 723 2755 intelleximus
744 2682 902 2756 quomodo
926 2684 1032 2756 plures
1056 2688 1157 2742 essent
1172 2684 1203 2740 in
1219 2681 1284 2739 illis
1307 2680 1447 2756 partibus

187 2790 322 2847 latrones
357 2794 387 2845 et
421 2787 637 2846 malefactores
671 2790 821 2861 homines,
857 2791 964 2862 quiin
991 2791 1149 2848 civitatem
1172 2792 1312 2846 nostram
1335 2786 1448 2859 Zagra·

186 2897 323 2953 biensem
357 2909 393 2951 ea
424 2909 524 2964 causa,
556 2901 590 2952 ut
619 2896 729 2954 exinde
754 2897 889 2970 plurima
914 2897 996 2953 mala
1022 2903 1052 2954 et
1075 2899 1260 2954 nocumenta
1282 2892 1447 2967 regnicolis

185 3001 271 3059 illius
287 3008 368 3057 terre
386 3005 489 3058 nostre
506 2999 683 3071 inferentur,
700 3003 781 3059 clam
798 3004 973 3060 subintrare
989 3003 1174 3072 niterentur;
1197 3000 1279 3059 uude
1303 2998 1446 3057 fidelitati

186 3114 288 3165 vestre
305 3107 497 3180 presencium
523 3108 601 3165 serie
624 3108 816 3165 strictissime
839 3107 1019 3166 mandantes
1043 3108 1275 3177 committimus,
1300 3111 1450 3180 quatenus

185 3216 287 3289 ipsam
311 3213 467 3271 civitatem
491 3222 628 3271 nostram
652 3214 693 3271 ab
716 3215 861 3271 omnibus
884 3215 1052 3273 maliciosis
1075 3220 1105 3272 et
1127 3213 1246 3272 nocivis
1269 3213 1449 3272 hominibus

187 3327 249 3377 tam
274 3320 420 3394 pervigili
444 3320 583 3377 custodia
600 3319 781 3389 defendatis,
805 3325 839 3377 ut
861 3320 990 3378 eandem
1014 3321 1167 3379 maiestati
1189 3324 1294 3377 nostre
1316 3335 1335 3378 a
1358 3318 1449 3377 vobis

186 3427 290 3484 debita
313 3426 463 3483 fidelitate
486 3433 515 3483 ct
539 3428 688 3484 constanti
712 3427 889 3497 devocione,
921 3427 961 3484 ab
989 3428 1073 3485 omni
1096 3433 1185 3500 parte
1213 3427 1302 3484 illese
1329 3441 1451 3484 conser-

188 3541 291 3589 vatam
315 3547 526 3603 agnoscamus.
551 3548 609 3604 pro
632 3534 745 3605 quibus
769 3534 859 3590 vobis
876 3538 1015 3606 tempore
1039 3549 1104 3604 suu,
1128 3533 1214 3606 regio
1237 3533 1343 3590 animo
1366 3531 1450 3590 affici

187 3639 354 3695 valcamus.
372 3638 563 3708 Iniungimus
576 3640 658 3695 enim
675 3640 765 3697 vobis
780 3646 811 3696 et
827 3641 856 3697 in
873 3655 909 3697 ca
924 3639 1083 3711 fidelitate,
1104 3655 1165 3713 qua
1181 3638 1272 3697 nobis
1295 3638 1451 3697 debitores

187 3744 267 3813 estis,
292 3760 398 3800 rursus
422 3745 652 3816 committimus,
677 3753 709 3803 ut
734 3748 888 3803 neminem
913 3748 943 3803 in
966 3762 1035 3804 eam
1059 3747 1218 3804 civitatem
1249 3750 1356 3820 preter
1386 3760 1450 3804 ma·

187 3849 334 3920 gniticum
357 3850 414 3931 Jan
439 3850 619 3920 Bythotvecz
643 3851 681 3908 de
705 3854 855 3923 Gereben‚
888 3854 1004 3910 banum
1028 3858 1176 3924 vestrum,
1200 3851 1251 3909 vel
1274 3851 1374 3925 ipsius
1396 3853 1450 3909 ho·

190 3955 296 4025 mines,
321 3955 385 4013 eius
409 3957 541 4025 nomine,
566 3973 623 4029 pro
647 3974 841 4031 quacumque
865 3975 956 4016 causa
979 3960 1096 4032 absque
1118 3959 1224 4016 debita
1246 3959 1451 4031 requisicione

191 4062 394 4119 intromittere
418 4062 564 4133 debeatis,
589 4064 641 4120 sed
666 4066 795 4121 candem
820 4065 982 4138 diligentes
1006 4072 1036 4124 et
1060 4066 1227 4140 pervigiles
1251 4071 1358 4123 nostre
1386 4080 1448 4123 ma·

188 4167 286 4224 iestati
308 4169 442 4225 teneatis.
475 4168 588 4225 [latum
615 4170 698 4226 liude
722 4171 798 4227 seria
832 4173 938 4244 quinta
969 4173 1112 4247 proxima
1136 4177 1206 4245 post
1229 4169 1346 4230 festum
1370 4170 1450 4229 beati

189 4272 332 4345 Gregorii
358 4289 445 4347 pape.
481 4277 569 4331 Anno
594 4275 711 4333 domini
737 4277 905 4335 millesimo
929 4278 1234 4351 quadringentesimo
1257 4279 1447 4353 quinquage-

187 4379 267 4437 simo
290 4386 408 4437 octavo.

293 4489 334 4554 (n
355 4489 449 4554 tergo).
471 4487 710 4561 Circumspectis
731 4487 833 4563 judici,
856 4488 966 4564 juratis
990 4491 1161 4563 ceterisque
1180 4491 1303 4550 civibus
1319 4491 1449 4551 civitatis

188 4599 291 4651 nostre
314 4594 529 4666 zagrabiensis‚
553 4594 700 4652 fidelibus
722 4597 813 4653 nobis
837 4595 966 4654 dilectis.

294 4782 427 4843 Originale
446 4784 472 4831 iu
492 4783 586 4833 charta.
616 4786 643 4832 A
671 4792 743 4848 tergo
771 4785 908 4849 vestigium
936 4786 1039 4835 maioris
1068 4784 1155 4850 sigilli.
1191 4786 1224 4834 Itt
1250 4784 1367 4837 ”chivio
1394 4801 1447 4838 vett.

188 4870 274 4935 Capit.
293 4872 393 4934 zagrab.
