3278 5348
617 412 852 493 Doc.146.-
877 416 1050 493 An.1449.
1397 432 1457 491 203

192 635 392 710 imperatoris
414 641 443 692 et
466 635 548 707 regis
571 639 626 692 etc.
650 648 704 691 seu
727 632 882 706 predictas
905 646 1015 690 eorum
1051 631 1220 704 libertates,
1251 630 1374 689 nullum
1404 633 1460 690 tri-

188 740 313 812 butu,
328 741 490 799 nullamve
513 740 711 798 tributariam
728 739 923 797 exaccionem
940 744 971 796 et
985 738 1176 796 solucionem
1193 743 1306 811 petere,
1322 739 1458 812 recipere

191 855 220 906 et
243 849 370 920 exigere
388 847 495 905 velitis
514 863 572 905 nec
596 846 839 920 presumpmatis
863 845 957 903 modo
981 845 1121 918 aliquali,
1144 844 1197 901 sed
1223 845 1307 917 ipsos
1330 844 1413 902 cives
1429 850 1459 902 et

189 968 301 1011 eorum
324 952 506 1027 quemlibet,
529 951 611 1010 dicta
638 952 805 1009 tributaria
829 951 1030 1025 exempcione
1068 965 1185 1007 necnon
1215 950 1341 1024 antique
1364 950 1459 1008 liber-

192 1061 264 1119 tatis
288 1074 397 1117 eorum
420 1058 628 1132 prerogativa
649 1059 725 1131 ipsis
748 1058 780 1115 in
800 1058 860 1115 hac
881 1063 972 1131 parte
994 1071 1146 1125 concessa,
1169 1057 1224 1126 uti,
1247 1055 1310 1114 frui
1332 1061 1362 1113 et
1385 1071 1458 1128 gau·

189 1165 263 1224 dere
287 1165 475 1240 permittatis
498 1171 529 1222 et
552 1165 692 1238 permitti
716 1163 843 1233 faciatis,
867 1163 1013 1221 divorum
1040 1177 1151 1235 regum
1178 1164 1269 1234 regni
1299 1162 1457 1235 Hungarie

188 1271 409 1345 multipliciter
431 1286 647 1328 concessarum
670 1271 846 1343 graciarum
882 1268 1157 1343 contemplacionis
1179 1268 1291 1326 intuitu
1315 1274 1344 1326 et
1359 1269 1458 1327 eciam

190 1378 348 1436 libertatis
371 1377 495 1450 antique
532 1376 612 1434 dicte
645 1377 779 1434 civitatis
814 1376 928 1434 montis
960 1375 1122 1433 Grecensis
1157 1375 1195 1432 dc
1230 1374 1381 1447 Zagrabia
1416 1376 1457 1431 ob

188 1490 376 1557 respectum,
398 1488 564 1556 nostreque
588 1484 816 1557 complacencie
839 1482 1005 1555 singularis
1036 1481 1078 1538 ob
1112 1481 1265 1539 favorem.
1300 1481 1457 1539 Presentes

190 1604 317 1663 quoque
341 1594 412 1663 post
434 1604 542 1647 earum
565 1589 716 1646 lecturam
747 1604 820 1662 erga
851 1604 960 1646 manus
991 1588 1165 1646 exhibentis
1196 1603 1320 1661 semper
1350 1586 1457 1644 sedule

189 1695 338 1753 volumus
373 1710 540 1754 remanere.
582 1696 698 1752 Datum
734 1695 826 1754 Crisii
860 1696 892 1753 in
926 1693 1004 1752 festo
1039 1694 1250 1769 apparicionis
1284 1694 1367 1752 beati
1399 1694 1455 1752 Mi·

188 1801 305 1861 chaelis
327 1802 512 1875 archangeli.
547 1804 637 1859 Anno
660 1801 778 1860 domini
802 1802 971 1860 millesimo
995 1800 1300 1874 quadringentesimo
1323 1798 1454 1873 quadra·

188 1909 307 1981 gesimo
330 1923 419 1967 nono.

294 2044 428 2107 Originnle
446 2046 474 2094 in
492 2043 647 2101 membrana,
666 2045 694 2093 in
712 2045 827 2107 margine
845 2045 968 2094 inferiori·
982 2045 1136 2109 impressum
1148 2051 1188 2093 est
1201 2041 1323 2106 sigillum.
1343 2044 1375 2091 In
1386 2043 1455 2094 arch.

189 2131 233 2184 lib.
254 2148 309 2196 reg.
328 2133 398 2183 civit,
417 2133 517 2196 zagrub.

784 2307 864 2376 146.

294 2397 375 2446 Anno
397 2409 472 2459 1449,
495 2409 534 2448 12.
554 2398 622 2448 maii.
643 2397 729 2447 Crisii.

193 2524 301 2584 Coram
330 2526 428 2585 Uln'co
451 2525 525 2582 bano
547 2532 576 2583 ct
595 2526 736 2583 nobilibus
759 2527 846 2597 rcrmr'
876 2526 1038 2585 Ladr'slaus
1072 2525 1187 2583 Bickclc
1220 2535 1346 2597 accersat,
1379 2528 1457 2602 quod

182 2632 294 2707 furem,
327 2633 380 2706 qui
411 2631 550 2689 Ludt'slai
573 2633 741 2708 thagiom's
775 2631 871 2692 bovem
894 2634 983 2707 furto
1013 2634 1043 2689 in
1074 2634 1299 2691 communitatem
1332 2634 1457 2692 cruitutis
1490 2649 1492 2653 ⁴

222 2739 328 2797 montis
358 2737 509 2796 Grecensis
529 2739 634 2812 abegit,
657 2739 871 2812 deprehendere,
894 2740 1084 2814 iudiciumque
1100 2741 1240 2813 profitm'
1259 2736 1425 2814 neglexerit.

293 2883 357 2941 Nos
380 2884 505 2941 Vlricus
528 2883 578 2942 dei
601 2885 704 2960 gracia
727 2884 816 2956 Cilie,
836 2885 1052 2957 Ortemburge,
1068 2885 1259 2958 Zagorieque
1282 2899 1385 2942 comes
1401 2888 1456 2942 etc.

186 3003 305 3047 necnon
328 2990 415 3062 regni
437 2987 600 3048 Sclauonie
624 2991 731 3049 banus.
754 2992 904 3048 Memorie
927 2990 1190 3061 commendamus,
1207 2990 1292 3063 quod
1308 3005 1364 3048 nos
1379 2989 1456 3048 feria

185 3095 320 3154 secunda
354 3097 499 3169 proxima
534 3103 604 3171 post
639 3104 765 3155 octavas
800 3096 871 3156 festi
905 3099 988 3156 beati
1012 3098 1139 3170 Georgii
1161 3098 1298 3156 martiris
1322 3112 1456 3155 unacum

187 3201 275 3275 regni
306 3201 466 3260 nobilibus
497 3218 555 3276 pro
586 3203 726 3262 faciendo
756 3203 1088 3263 moderativoiudicio
1112 3205 1307 3262 causantibus
1331 3204 1456 3261 insede

186 3312 291 3366 nostra
314 3306 474 3366 iudiciaria
490 3308 677 3380 sedentibus,
700 3311 842 3384 egregius
865 3311 1028 3368 Ladislaus
1053 3310 1205 3383 Bykchele
1228 3310 1266 3368 de
1286 3311 1455 3383 Zelnawar,

188 3412 228 3471 ad
250 3419 390 3471 nostram
414 3415 618 3488 personaliter
643 3417 793 3475 veniendo
818 3418 1017 3491 presenciam,
1042 3418 1237 3491 presentibus
1269 3424 1299 3475 et
1330 3417 1455 3475 audien·

185 3520 269 3579 tibus
303 3519 450 3591 Rawsar,
484 3521 561 3578 alias
595 3522 695 3580 iudice
725 3538 761 3580 ac
792 3524 906 3581 Mathia
938 3524 1083 3593 litterato,
1115 3525 1235 3581 notario
1279 3530 1309 3582 et
1340 3524 1455 3595 Blasio,

188 3626 311 3685 civibus
349 3626 482 3684 civitatis
520 3628 633 3686 montis
674 3627 836 3687 Grecensis
879 3635 984 3687 contra
1019 3629 1143 3688 eosdem
1190 3640 1220 3688 et
1254 3632 1332 3687 alios
1370 3632 1454 3688 cives

190 3732 289 3806 ipsius
312 3732 445 3790 civitatis
468 3733 582 3791 montis
605 3733 775 3807 Grecensis,
807 3738 970 3811 proposuit
993 3752 1029 3794 eo
1055 3736 1158 3795 modo:
1182 3742 1333 3810 quatenus
1356 3754 1455 3812 nuper

192 3837 321 3911 quidam
360 3837 444 3896 fures
486 3855 539 3896 seu
575 3840 792 3900 malefactores
829 3859 926 3901 unum
965 3845 1080 3901 bovem
1119 3844 1292 3917 iobagionis
1327 3844 1454 3902 antefati

189 3943 325 4002 Ladislai
347 3943 492 4003 Bikchele
516 3947 749 4020 subtraxissent,
774 3949 920 4023 idemque
944 3951 1068 4024 iobagio
1093 3953 1222 4023 vestigia
1250 3950 1348 4024 ipsius
1364 3951 1454 4008 bovis

185 4065 316 4123 sequens
351 4050 390 4107 ad
422 4051 537 4109 dictam
573 4054 730 4112 civitatem
765 4071 822 4129 per
855 4057 952 4130 ipsius
986 4057 1117 4129 vestigia
1140 4057 1292 4126 venisset;
1328 4071 1401 4113 mox
1424 4063 1454 4114 et

184 4156 216 4214 in
251 4155 417 4215 continenti
451 4159 555 4232 ipsum
589 4161 704 4218 bovem
739 4162 770 4218 in
804 4164 906 4236 specie
940 4164 971 4220 in
1006 4178 1099 4221 curru
1131 4162 1284 4235 symonis,
1319 4164 1454 4221 concivis

184 4260 325 4320 eiusdem
342 4263 477 4322 civitatis
499 4266 674 4339 reperisset,
697 4273 727 4325 et
750 4267 882 4326 eundem
906 4285 963 4343 per
979 4268 1102 4339 iudices,
1120 4270 1296 4342 iuratusque
1313 4274 1342 4326 et
1358 4284 1455 4326 asses·

182 4382 269 4426 sores
291 4368 390 4442 ipsius
412 4370 546 4429 civitatis
568 4373 628 4430 sibi
652 4373 771 4432 iusticia
794 4375 956 4444 mediante,
979 4380 1013 4433 ut
1036 4375 1131 4433 moris
1155 4380 1207 4445 est,
1232 4375 1270 4432 de
1293 4382 1454 4433 consuetu·

135 4481 141 4491 '
183 4473 255 4532 dine
278 4476 366 4547 regni
390 4477 552 4535 extradere
576 4480 771 4552 postulasset,
801 4483 910 4539 volens
942 4482 1151 4538 iuramentum
1187 4488 1325 4554 prestare
1359 4498 1454 4556 super

183 4580 243 4638 illo
265 4581 356 4652 bove,
379 4588 413 4640 ut
436 4589 483 4641 est
506 4585 696 4643 consuetudo
719 4589 814 4660 regni,
838 4593 892 4645 aut
915 4586 999 4660 quod
1023 4587 1217 4645 venditorem
1245 4588 1330 4647 illius
1354 4591 1453 4663 bovis,

182 4687 238 4761 qui
260 4686 367 4761 ipsum
387 4689 438 4748 illi
460 4689 590 4763 Symoni
613 4692 804 4765 vendiderat,
837 4694 1072 4763 demonstraret,
1105 4692 1187 4767 quod
1222 4695 1323 4753 eidem
1353 4695 1453 4755 facere

182 4799 384 4865 recusassent,
407 4795 439 4852 in
461 4795 672 4869 preiudicium
696 4797 770 4856 dicti
794 4800 976 4874 exponentis
1000 4805 1030 4858 et
1053 4799 1225 4873 dampnum
1250 4800 1343 4859 valde
1367 4818 1453 4877 mag·

181 4912 267 4957 num.
291 4897 362 4972 Quo
377 4900 484 4958 audito
502 4904 668 4961 memorati
683 4904 820 4977 Rawsar‚
837 4905 939 4978 iudex,
956 4906 1089 4964 Mathias
1106 4906 1260 4965 litteratus
1277 4913 1307 4966 et
1322 4907 1453 4983 Blasius,
