3278 5348
208 456 269 510 250
618 433 785 512 Doc.187.
813 469 852 479 -
878 438 933 494 An.
960 444 1047 512 1457.

203 655 422 713 canonicorum
445 658 474 710 et
497 654 627 727 capituli
649 652 786 711 indebite
809 656 1010 725 occupassent
1033 658 1063 710 et
1086 653 1188 725 ipsam
1211 665 1250 707 ex
1284 647 1462 707 induccione

205 766 235 819 et
260 761 390 818 consilio
415 758 624 833 quorumdam
648 759 826 817 emulorum
850 757 970 832 prefate
1003 758 1131 816 ecclesie
1154 763 1183 815 et
1207 755 1340 831 capituli
1367 769 1463 828 cagra-

204 867 318 925 biensis
350 868 381 924 in
417 882 530 939 magna
561 867 608 925 sui
642 871 730 941 parte
764 865 846 924 dirui
880 863 1031 924 fecissent.
1065 863 1284 939 Supplicantes
1320 861 1464 919 maiestati

204 980 307 1030 nostre
330 973 425 1033 iidem
449 973 539 1031 Vitus
563 974 740 1047 prepositus
763 978 793 1030 et
817 971 962 1029 Clemens
985 985 1020 1028 ac
1043 971 1181 1029 Thomas
1217 969 1358 1027 canonici
1388 972 1465 1025 ante

204 1079 284 1136 dicte
308 1079 436 1136 ecclesie
460 1080 667 1152 zagrabiensis
691 1081 721 1137 in
756 1079 907 1152 personis,
942 1092 1076 1151 quorum
1115 1091 1218 1151 supra,
1253 1075 1416 1132 humiliter
1437 1079 1463 1131 et

203 1183 322 1254 devote,
346 1190 496 1258 quatenus
520 1185 635 1244 dictam
659 1185 780 1256 turrim,
805 1200 900 1258 quam
924 1184 1000 1242 alias
1018 1183 1130 1259 prefati
1145 1181 1279 1240 condam
1291 1178 1463 1239 Fridericus

204 1299 233 1347 et
258 1291 382 1348 Vtricus
406 1293 542 1362 comites,
566 1296 601 1350 ut
624 1292 744 1362 dicitur,
763 1289 976 1365 potencialiter
1000 1294 1209 1362 occupassent,
1234 1287 1312 1360 ipsis
1327 1287 1462 1359 graciose

204 1397 333 1454 reddere
357 1404 386 1455 et
410 1398 567 1456 remittere
591 1397 798 1470 dignaremur.
823 1397 886 1454 Nos
918 1412 1001 1468 vero,
1037 1411 1108 1453 cum
1143 1395 1228 1468 ipsos
1262 1392 1304 1450 ad
1340 1390 1463 1450 eandem

207 1503 319 1559 turrim
343 1501 391 1578 jus
415 1502 531 1560 habere
566 1519 601 1561 ac
637 1506 739 1577 ipsam
774 1520 830 1577 per
863 1502 1018 1576 prefatum
1055 1500 1227 1574 capitulum
1263 1499 1305 1556 ab
1344 1499 1464 1570 antiquo

205 1622 379 1681 possessam
396 1611 642 1681 cognoverimus,
659 1611 701 1667 ob
718 1609 918 1666 devocionem
935 1615 1081 1680 nostram,
1097 1622 1192 1680 quam
1204 1605 1243 1663 ad
1256 1605 1462 1663 sanctissimos

204 1730 291 1786 reges
315 1714 506 1788 Stephanum
529 1721 559 1772 et
576 1716 755 1773 Ladislaum
772 1715 972 1785 confessores,
989 1715 1019 1771 in
1036 1729 1170 1787 quorum
1194 1712 1325 1771 alterius
1346 1711 1463 1768 nomine

203 1819 323 1892 prefata
346 1822 474 1879 ecclesia
498 1824 706 1894 zagrabiensis
729 1827 913 1891 constructa,
944 1822 1024 1878 alter
1059 1834 1134 1878 vero
1168 1820 1270 1892 ipsam
1304 1818 1461 1875 ecclesiam

203 1926 346 1983 fundasse
370 1928 558 2001 perhibetur.
584 1930 721 2000 gerimus
743 1936 773 1986 et
797 1929 954 1998 habemus,
980 1934 1009 1984 et
1033 1927 1196 2000 presertim
1220 1925 1340 1982 iusticie
1374 1937 1462 1980 annu·

203 2038 297 2103 entes,
332 2034 619 2106 supplicacionibus
654 2036 913 2107 antescriptorum
951 2034 1014 2091 Viti
1049 2032 1208 2107 prepositi,
1244 2031 1459 2103 magistrorum

203 2138 371 2195 Clementis
394 2145 424 2196 et
447 2140 566 2199 Thome
589 2143 805 2199 canonicorum
833 2141 969 2214 sepelate
1001 2140 1129 2197 ecclesie
1164 2137 1373 2210 zagrabiensis
1412 2148 1461 2208 per

203 2260 255 2301 eos
280 2247 310 2302 in
335 2248 482 2319 personis,
506 2263 639 2320 quorum
663 2264 766 2322 supra,
798 2254 900 2305 nostre
936 2247 1109 2305 humilliter
1139 2244 1291 2319 porrectis
1316 2240 1461 2300 maiestati

206 2367 317 2422 magna
342 2353 455 2426 pietate
478 2353 631 2411 exauditis
654 2363 684 2412 et
707 2356 876 2412 clementer
898 2354 1051 2423 admissiS,
1074 2356 1245 2424 pretactam
1274 2349 1388 2407 turrim
1416 2362 1460 2403 au·

206 2457 372 2514 telatorum
404 2460 621 2517 canonicorum
653 2467 683 2518 et
717 2461 846 2533 capituli
881 2459 1058 2533 supradicte
1093 2459 1221 2516 ecclesie
1257 2453 1459 2527 zagrabiensis

204 2565 331 2634 speciali
354 2566 457 2635 gracia
473 2573 577 2623 nostra
601 2574 631 2624 et
644 2568 804 2640 potestatis
820 2566 1011 2639 plenitudine
1028 2582 1065 2621 ex
1080 2571 1224 2636 certaque
1240 2567 1345 2619 nostre
1373 2559 1460 2617 maie·

201 2670 288 2725 statis
311 2672 440 2727 sciencia
463 2678 493 2729 et
512 2673 615 2729 animo
640 2673 821 2742 deliberato,
855 2674 1045 2745 prelatorum
1069 2671 1167 2728 eciam
1190 2677 1221 2726 et
1244 2669 1400 2726 baronum
1429 2678 1461 2721 ac

203 2776 451 2833 consiliariorum
473 2785 648 2835 nostrorum
673 2779 711 2835 ad
737 2779 767 2835 id
792 2778 954 2835 accedente
967 2779 1104 2847 consilio¹
1121 2776 1238 2834 eisdem
1261 2773 1416 2832 canonicis
1437 2776 1462 2827 et

202 2882 340 2951 capitulo
365 2883 490 2940 iamlate
514 2885 640 2941 ecclesie
662 2886 870 2956 zagrabiensis
894 2901 964 2942 cum
989 2885 1052 2942 suis
1087 2884 1167 2940 veris
1199 2881 1290 2938 metis
1321 2895 1357 2937 ac
1386 2893 1461 2946 area,

202 3001 318 3042 necnon
342 2989 427 3043 curia
450 2998 479 3044 et
513 2990 667 3060 domitius,
703 2993 873 3065 ceterisque
908 2992 978 3048 aliis
1009 2990 1171 3048 structuris
1206 2994 1237 3045 et
1260 2986 1392 3044 edificiis
1424 2982 1460 3042 ad

201 3091 328 3148 eandem
353 3095 462 3149 turrim
488 3095 525 3151 de
548 3093 614 3168 jure
638 3105 668 3152 et
690 3099 731 3153 ab
754 3098 881 3169 antiquo
904 3097 1115 3170 spectantibus
1127 3102 1157 3151 et
1176 3094 1330 3166 pertinere
1347 3092 1458 3150 deben-

202 3199 283 3253 tibus
308 3198 453 3255 duximus
476 3202 691 3259 remittendam
717 3209 746 3260 et
770 3203 980 3273 relaxandam,
1002 3204 1099 3259 immo
1123 3200 1311 3258 remittimus
1329 3207 1360 3257 et
1383 3198 1461 3256 rela-

201 3320 310 3361 xamus
334 3322 390 3377 per
421 3307 545 3363 eosdem
567 3311 729 3366 canonicos
764 3316 793 3367 et
828 3311 1000 3383 capitulum
1034 3308 1171 3383 predicte
1207 3306 1337 3364 ecclesie
1359 3321 1461 3378 zagra·

202 3411 314 3468 hiensis
337 3427 373 3468 eo
397 3413 469 3481 iure,
494 3428 556 3484 quo
579 3430 648 3470 eam
672 3417 817 3488 perprius
841 3431 894 3472 seu
918 3417 958 3472 ab
982 3417 1108 3486 antiquo
1132 3418 1296 3471 tenuerunt
1331 3417 1361 3468 et
1393 3425 1460 3484 pos·

199 3518 352 3586 sederunt,
371 3519 544 3589 tenendam,
569 3521 789 3592 possidendam
815 3523 929 3594 pariter
953 3530 981 3578 et
1005 3520 1190 3591 habendam,
1227 3518 1324 3577 salvis
1358 3524 1460 3575 tamen

199 3623 319 3699 juribus
343 3625 460 3682 alienis
486 3626 517 3681 ln
541 3627 627 3682 cuius
648 3628 692 3682 rei
711 3628 904 3696 memoriam,
923 3627 1165 3699 firmitatemque
1182 3630 1378 3700 perpetuam,
1396 3640 1463 3698 pre·

200 3739 300 3787 sentes
324 3733 441 3788 litteras
464 3741 592 3802 nostras
618 3735 733 3806 quibus
756 3741 915 3791 secretum
934 3734 1073 3806 sigillum
1098 3738 1248 3802 nostrum,
1273 3746 1336 3804 quo
1360 3736 1396 3789 ut
1410 3747 1463 3789 rex

201 3838 359 3908 ilungarie
383 3840 507 3906 utimur,
532 3847 575 3895 est
600 3855 782 3912 appensum,
807 3840 923 3897 eisdem
947 3841 1102 3897 canonicis
1137 3846 1167 3896 et
1206 3838 1346 3911 capitulo
1383 3837 1462 3894 dicte

200 3945 327 4000 ecclesie
350 3946 565 4015 zagrabiensis‚
589 3945 735 4002 duximus
757 3946 975 4003 concedendas.
999 3947 1115 4004 Datum
1153 3945 1239 4003 Bude
1262 3943 1340 4002 feria
1369 3944 1461 4002 tercia

202 4051 343 4123 proxima
367 4058 436 4106 ante
468 4050 579 4107 festum
616 4053 811 4109 Ascensionis
846 4053 970 4109 domini.
1006 4055 1095 4109 Anno
1130 4051 1268 4109 eiusdem
1293 4051 1461 4109 millesimo

200 4155 504 4228 quadringentesimo
521 4157 778 4229 quinquagesimo
796 4160 937 4229 septimo,
956 4160 1134 4230 ltegnorum
1151 4162 1256 4215 autem
1273 4165 1460 4224 nostrorum,

201 4278 280 4318 anno
302 4263 459 4333 llungarie
483 4271 537 4320 etc.
563 4263 682 4319 decimo
706 4265 847 4336 septimo,
874 4265 1018 4321 llohemie
1041 4279 1116 4321 vero
1140 4270 1260 4337 quarte.

306 4447 439 4511 Originnle
459 4450 484 4496 in
504 4450 657 4500 membrana.
679 4452 704 4497 Α
725 4467 788 4498 zoua
807 4452 902 4498 sericea
922 4452 991 4499 rubri
1010 4458 1034 4498 et
1054 4451 1143 4499 viridis
1162 4450 1256 4499 coloris
1280 4451 1409 4516 appendet
1428 4449 1457 4498 si·

200 4537 298 4601 gillum.
318 4538 349 4585 In
368 4536 463 4586 archiv.
483 4553 539 4586 ven.
560 4538 644 4601 Capit.
663 4539 754 4601 zagrab
785 4541 846 4590 Act.
867 4540 929 4603 Cap.
949 4547 991 4588 aut
1020 4541 1080 4591 susc.
1104 4552 1141 4588 10.
1162 4555 1199 4589 nr.
1220 4552 1244 4604 5.
