3256 5346
269 421 333 496 480
687 414 760 471 Doc.
778 423 855 488 359.
883 443 921 453 -
948 412 1004 468 An.
1028 424 1117 488 149¹·

273 521 492 531 ———-—-
515 521 579 526 —--
1171 517 1277 524 ———

266 633 371 692 ubivis
394 633 571 690 habitarum
595 635 626 687 et
649 629 859 700 existencium,
875 633 910 686 ut
933 635 1009 700 puta
1025 627 1192 688 domorum
1220 635 1430 699 muratarum,
1459 631 1540 688 vine·

266 754 365 809 arum,
380 743 529 807 ortorum,
542 745 704 806 terrarum,
716 734 920 807 seniliumque
929 741 960 790 et
974 732 1137 809 silvarum,
1147 739 1388 809 ceterorumque
1400 736 1538 794 omnium

267 846 422 902 bonorum
445 841 612 900 mobilium
637 844 666 897 et
689 838 903 921 immobilium
925 846 990 896 tam
1014 854 1158 912 pereum
1172 839 1343 898 Martinum
1360 848 1539 915 emptorum

268 958 298 1008 et
320 949 536 1021 undecumque
560 954 590 1005 et
614 946 883 1019 qualitercumque
896 945 1029 1002 eundem
1045 946 1312 1018 concernencium,
1329 963 1426 1021 quam
1443 949 1538 1006 eciam

267 1072 325 1131 per
339 1054 464 1113 eosdem
474 1054 589 1126 pariter
613 1053 759 1110 hactenus
783 1051 1008 1125 acquisitorum
1020 1059 1051 1109 et
1074 1050 1258 1111 infuturum
1275 1054 1538 1126 acquirendorum

268 1160 368 1219 eidem
384 1160 461 1230 Ehe,
482 1158 569 1216 fratri
586 1172 642 1214 suo
658 1157 784 1228 carnali,
800 1152 962 1230 ipsiusque
980 1155 1147 1215 heredibus
1169 1164 1200 1217 et
1214 1160 1453 1233 posteritatibus
1475 1159 1537 1217 uni-

266 1266 364 1325 versis
375 1266 417 1323 ob
432 1276 571 1322 amorem
581 1263 756 1321 fraternalis
775 1261 953 1323 dileccionis
967 1262 1110 1334 dedisset,
1123 1262 1267 1323 donasset
1281 1272 1314 1321 et
1333 1264 1537 1340 propinasset,

267 1373 366 1431 immo
382 1371 474 1440 dedit,
499 1370 626 1428 donavit
648 1375 679 1428 et
703 1370 882 1443 propinavit
906 1385 1012 1429 coram
1035 1371 1126 1429 nobis
1147 1368 1215 1446 jure
1238 1378 1394 1444 perpetuo
1418 1379 1448 1429 et
1465 1373 1538 1431 irre·

191 1549 195 1556 ³
267 1477 451 1536 vocabiliter
460 1475 613 1546 tenendas,
626 1475 836 1549 possidendas,
846 1477 960 1548 pariter
974 1483 1004 1534 et
1017 1475 1175 1534 habendas
1184 1478 1315 1535 aciuxta
1324 1477 1536 1536 condicionem

268 1584 401 1641 civitatis
424 1589 585 1656 prenotate
608 1583 650 1639 ab
673 1581 801 1654 antiquo
826 1581 1066 1655 privilegialiter
1096 1584 1306 1656 approbatam
1339 1598 1537 1657 quocumque

268 1689 402 1748 voluerit
425 1687 648 1761 disponendas;
671 1688 731 1747 hoc
754 1687 889 1761 denique
912 1703 1059 1762 expresse
1088 1688 1254 1760 declarato,
1287 1690 1372 1762 quod
1402 1690 1430 1748 si
1462 1695 1537 1747 tem·

268 1809 379 1868 porum
405 1795 435 1851 in
460 1809 605 1867 processu
629 1794 733 1852 divina
757 1795 882 1853 volente
905 1795 1082 1866 clemencia,
1099 1795 1149 1853 cui
1172 1796 1325 1854 humanus
1348 1796 1458 1869 nequit
1483 1795 1537 1852 ob·

269 1902 353 1958 viare
367 1899 554 1970 intellectus,
579 1916 677 1957 uuum
702 1901 841 1973 ipsorum
866 1901 953 1974 prius
977 1916 1072 1974 quam
1094 1900 1226 1959 alterum
1251 1903 1372 1977 absque
1387 1901 1536 1960 heredum

269 2007 385 2065 solacio
409 2006 447 2063 de
471 2007 528 2063 hac
553 2010 618 2064 vita
642 2008 777 2079 migrare
800 2009 965 2080 contingat,
989 2015 1102 2069 extunc
1132 2008 1200 2083 ipse
1231 2008 1367 2067 moriens
1399 2008 1439 2066 de
1473 2009 1536 2066 uni·

269 2114 369 2171 versis
394 2112 483 2171 bonis
506 2112 679 2170 mobilibus
703 2119 733 2170 et
756 2113 974 2171 immobilibus
990 2113 1028 2170 ad
1046 2129 1135 2172 suam
1150 2115 1330 2188 porcionem
1348 2114 1535 2182 cedentibus,

268 2218 396 2292 dempta
420 2217 582 2277 dumtaxat
605 2219 752 2291 porcione
783 2218 959 2290 domorum,
992 2235 1052 2292 que
1083 2222 1282 2294 superstitem
1312 2226 1344 2278 et
1378 2221 1533 2279 viventem

268 2324 453 2383 devolvetur
475 2325 543 2397 ipso
567 2324 657 2396 facto,
682 2325 867 2399 cuicumque
890 2332 920 2384 et
944 2341 1141 2400 quocumque
1162 2327 1309 2386 maluerit
1326 2328 1462 2387 liberam
1484 2327 1534 2386 ha·

269 2432 340 2490 beat
363 2431 549 2505 disponendi
572 2430 760 2490 facultatem.
786 2431 818 2490 Si
844 2447 919 2490 vero
942 2432 1100 2506 quispiam
1122 2433 1305 2492 eorumdem
1326 2441 1404 2492 nutu
1429 2434 1533 2493 divino

269 2537 397 2597 heredes
421 2538 577 2607 habuerit,
599 2538 703 2596 totalis
727 2538 834 2611 porcio
859 2538 1074 2596 universorum
1100 2540 1255 2599 bonorum
1278 2545 1344 2599 tam
1369 2539 1532 2600 domorum

269 2658 364 2716 quam
385 2643 482 2700 eciam
518 2644 651 2700 aliarum
687 2643 918 2716 possessionum
950 2645 1201 2719 prescriptamm
1230 2647 1329 2720 ipsius
1364 2646 1532 2717 morientis,

268 2756 418 2822 preterea
440 2765 500 2821 que
524 2748 563 2805 ad
588 2749 639 2822 pia
663 2764 759 2823 opera
789 2755 917 2809 testatus
950 2750 1051 2822 tuerit,
1086 2751 1118 2809 in
1142 2751 1287 2811 heredem
1320 2769 1375 2813 seu
1407 2753 1532 2812 heredes

267 2856 447 2928 superstites
470 2854 658 2913 redundabit
680 2862 710 2913 et
741 2855 986 2914 condescendere
1020 2857 1155 2916 debebit.
1190 2858 1240 2916 Ad
1271 2876 1332 2934 que
1368 2862 1473 2920 omnia
1503 2866 1532 2918 et

267 2961 388 3033 singula
411 2960 544 3018 firmiter
565 2962 760 3020 observanda
783 2962 878 3020 iidem
905 2965 1055 3021 Martinus
1074 2971 1104 3022 et
1115 2965 1200 3023 Elias
1215 2965 1279 3025 fide
1294 2967 1437 3042 ipsorum
1454 2969 1531 3026 bona

267 3067 432 3133 christiana
456 3066 611 3125 mediante
635 3084 666 3124 se
690 3069 872 3142 obligarunt
895 3084 1000 3127 coram
1022 3072 1121 3131 nobis.
1137 3072 1173 3129 lu
1184 3073 1270 3130 cuius
1286 3073 1332 3131 rei
1349 3076 1530 3133 memoriam

266 3182 358 3245 atque
382 3173 601 3245 testimonium,
625 3174 868 3248 firmitatemque
884 3183 1076 3250 perpetuam.
1101 3179 1297 3250 presentibus
1320 3180 1463 3253 sigillum
1478 3196 1529 3239 no·

266 3285 365 3335 strum
391 3294 556 3336 commune
591 3279 737 3337 duximus
766 3280 1014 3353 appendendum.
1046 3283 1161 3340 Datum
1193 3284 1271 3343 feria
1299 3286 1434 3344 secunda
1464 3293 1530 3361 post

267 3383 453 3442 dominicam
479 3386 774 3458 Ramispalmarum.
799 3389 887 3445 Anno
912 3387 1030 3446 domini
1046 3389 1528 3466 millesimoquadringentesimo

266 3491 465 3562 nonagesimo
490 3491 600 3564 primo.
1435 3486 1437 3490 ’

370 3626 502 3690 Originale
521 3628 548 3675 in
567 3628 722 3682 membrana.
743 3630 770 3678 A
786 3638 858 3695 tergo
877 3633 1030 3696 impressum
1047 3641 1086 3682 est
1105 3634 1220 3698 sigillum
1240 3639 1392 3691 communis.
1415 3641 1447 3689 In
1462 3638 1527 3689 arch·

265 3714 325 3764 incl.
346 3715 429 3767 Acad.
449 3716 544 3766 Scient.
564 3717 661 3768 Slavor.
681 3718 770 3767 merid.

861 3949 946 4016 359.

370 4104 451 4153 Auno
474 4115 547 4166 1491,
570 4118 610 4167 29.
631 4108 790 4172 septembris,
813 4111 960 4172 Zagrabiae

381 4234 513 4316 Joannes
537 4238 698 4308 Corvinus,
722 4238 893 4310 Slavoniae,
918 4240 1080 4314 Liptoviae
1101 4248 1131 4300 et
1154 4243 1293 4317 Opaviae
1316 4245 1391 4319 dux,
1415 4247 1446 4306 in
1469 4246 1528 4306 civi

264 4343 326 4396 tate
362 4357 424 4411 sua,
461 4336 506 4418 (ut
530 4344 584 4401 ille
608 4339 701 4421 dicit),
727 4347 840 4404 montis
875 4347 1036 4406 Grecensis
1066 4350 1281 4423 zagrabieusis‚
1312 4352 1459 4412 ladislao
1491 4353 1527 4410 de

264 4444 419 4516 Egervara
441 4463 607 4519 regnorum
638 4467 765 4509 suorum
797 4453 981 4525 Dalmatiae,
1011 4453 1152 4514 Croatiae
1181 4462 1210 4515 et
1241 4456 1409 4517 Slavoniae
1440 4461 1526 4536 bauo,

264 4550 429 4621 vicebanis.
448 4555 521 4610 item
543 4556 677 4614 Antonio
702 4557 740 4614 de
765 4558 848 4615 Poolr
872 4552 989 4636 (castri)
1013 4561 1061 4618 sui
1085 4561 1204 4621 Medwe
1227 4568 1258 4621 et
1282 4564 1428 4625 Michaeli
1450 4566 1526 4625 Oroz

264 4660 295 4711 et
318 4655 469 4728 Gregorio
495 4659 667 4719 Benkovich
692 4663 826 4721 civitatis
848 4681 921 4723 suae
945 4667 1150 4738 zagrahieusis
1173 4670 1349 4742 capetaneis
1372 4671 1527 4732 modernis

264 4767 293 4816 et
317 4760 447 4833 futuris;
472 4766 553 4837 quia,
578 4775 670 4839 prout
694 4785 802 4827 revera
826 4771 978 4829 intellexit
1003 4781 1033 4830 et
1056 4774 1121 4848 ipse
1145 4784 1291 4848 expertus
1305 4779 1363 4850 est}
1379 4779 1527 4838 Mathiam

263 4881 380 4938 regem,
414 4870 572 4941 quondam
607 4875 777 4944 genitorem
812 4877 918 4951 ipsius,
954 4879 1126 4952 capitulum
1161 4882 1361 4955 zagrabiense
1396 4885 1525 4960 speciali
