3278 5348
634 438 707 497 Doc.
729 449 796 514 147.
821 471 864 480 -
889 438 944 495 An.
967 451 1061 515 1449.
1403 457 1461 511 205

193 649 309 706 zeduar
332 651 507 723 predictum
533 658 563 710 et
588 653 740 710 tributum
763 654 823 710 sub
847 652 957 711 eodem
992 660 1093 711 castro
1128 654 1210 725 exigi
1245 654 1373 711 solitum
1409 654 1464 712 du·

193 768 323 826 centem,
348 758 506 828 quandam
529 758 625 816 aliam
649 773 764 815 novam
788 760 874 816 viam
899 774 1006 816 versus
1042 759 1270 833 possessionem
1306 759 1464 818 Ztulbicza

192 866 223 919 et
237 863 280 919 ab
297 863 368 920 inde
384 864 422 921 ad
441 865 612 938 Krapinam
638 864 811 923 tendentem
835 865 1065 923 adinvenientes
1081 871 1110 923 et
1134 866 1282 938 sibiipsis
1306 866 1462 939 eligentes,

191 974 256 1026 tam
279 970 313 1026 in
336 969 418 1028 dicto
442 971 511 1028 loco
535 971 633 1044 ipsius
655 973 702 1029 sui
726 972 835 1030 tributi
859 972 918 1028 sub
942 971 1024 1030 dicto
1048 978 1149 1030 castro
1166 972 1357 1030 Zomzeduar
1381 973 1463 1045 exigi
1543 1008 1547 1015 -

191 1075 284 1146 soliti,
309 1091 405 1149 quam
428 1077 525 1134 eciam
549 1077 580 1135 in
603 1077 684 1135 dicta
708 1078 769 1135 alia
792 1091 873 1134 nova
898 1079 948 1134 via
984 1094 1039 1150 per
1073 1077 1200 1135 eosdem
1227 1077 1392 1135 adinventa
1424 1077 1462 1135 de

189 1181 285 1239 rebus
309 1188 340 1240 et
361 1183 549 1241 animalibus
573 1184 713 1257 ipsorum
737 1184 899 1241 venalibus
921 1200 959 1241 ex
983 1185 1164 1241 mercanciis
1196 1185 1313 1242 tributa
1335 1186 1395 1243 sibi
1432 1191 1462 1243 et

190 1287 254 1345 suis
278 1288 451 1346 tributariis
475 1289 549 1347 dare
571 1296 600 1347 et
624 1290 787 1348 exsolvere
810 1292 928 1349 nollent
951 1297 980 1348 et
1008 1297 1184 1349 recusarent
1199 1293 1230 1348 in
1245 1307 1337 1348 suum
1359 1293 1461 1366 preiu·

189 1391 308 1452 dicium
332 1401 361 1451 et
385 1395 557 1470 dampnum
580 1395 674 1453 valde
697 1413 854 1469 magnum,
878 1414 915 1455 ex
942 1403 1029 1471 parte
1053 1412 1187 1470 quorum
1221 1398 1281 1455 sibi
1315 1414 1371 1471 per
1405 1413 1461 1456 nos

188 1495 341 1574 judicium
364 1508 393 1558 et
414 1500 569 1576 justiciam
593 1505 765 1577 postulavit
788 1505 950 1578 impertiri.
974 1504 1044 1575 Quo
1068 1503 1174 1561 audito
1198 1502 1311 1576 prefati
1328 1504 1458 1575 Blasius,

190 1605 348 1664 Corardus
364 1615 394 1665 et
409 1609 559 1680 Matheus‚
576 1611 667 1680 cives,
683 1611 714 1667 in
738 1611 879 1683 ipsorum
903 1616 932 1666 et
955 1609 1109 1667 dictorum
1133 1608 1253 1684 judicis,
1276 1607 1459 1684 juratorum,

190 1712 388 1786 aliorumque
435 1716 551 1773 civium
588 1721 617 1774 et
655 1717 899 1775 inhabitatorum
935 1715 1054 1790 prefate
1089 1717 1222 1774 civitatis
1253 1717 1460 1788 zagrahiensis

188 1820 367 1877 nominibus
391 1829 420 1878 et
443 1822 474 1878 in
498 1823 638 1895 personis
661 1829 803 1880 nostram
827 1832 1010 1896 exurgentes
1046 1824 1077 1880 in
1104 1823 1296 1896 presenciam
1332 1838 1459 1897 respon·

189 1923 301 1983 derunt
324 1942 362 1984 ex
378 1926 525 1985 adverso:
550 1929 708 2000 quomodo
731 1929 800 2001 ipsi,
817 1929 1037 2002 predictusque
1052 1928 1155 2004 judex,
1177 1926 1279 2004 jurati,
1304 1930 1459 2003 ceterique

188 2029 272 2089 cives
296 2038 325 2090 et
349 2034 573 2091 inhabitatores
608 2034 689 2093 dicte
722 2036 855 2094 civitatis
889 2036 1097 2108 zagrahiensis
1130 2037 1212 2093 intra
1247 2037 1396 2094 terminos
1429 2042 1459 2095 et

188 2135 305 2194 limites
326 2140 415 2212 regni
438 2140 596 2213 Hungarie
620 2146 649 2198 et
673 2141 815 2214 parcium
838 2142 899 2199 sibi
922 2143 1132 2201 subiectarum
1169 2147 1233 2199 tarn
1257 2141 1295 2199 de
1319 2144 1458 2216 personis

188 2258 283 2316 quam
307 2244 345 2302 de
368 2247 462 2303 rehus
485 2253 514 2303 et
538 2248 747 2305 mercimoniis
771 2263 880 2306 eorum
915 2249 1108 2321 quibuslibet
1143 2249 1301 2306 tributum
1334 2249 1457 2306 solvere

187 2365 248 2407 non
269 2357 419 2424 tenentur,
443 2357 473 2409 et
495 2354 527 2411 in
550 2352 728 2411 huiusmodi
751 2355 1043 2428 comprobationem
1083 2355 1203 2412 litteras
1226 2355 1304 2412 olim
1328 2356 1457 2413 serenis·
1508 2376 1510 2380 ⁴
1533 2397 1537 2405 .

186 2457 258 2514 simi
282 2458 432 2532 principis
455 2458 574 2517 domini
586 2459 659 2516 Bele
674 2461 754 2532 regis
772 2461 883 2533 quarti,
907 2476 986 2518 anno
1010 2460 1129 2518 domini
1152 2461 1321 2518 millesimo
1345 2460 1457 2519 ducen-

186 2563 297 2620 tesimo
325 2565 517 2636 sexagesimo
541 2571 636 2636 sexto,
660 2580 740 2623 nono
776 2565 924 2623 kalendas
959 2566 1144 2637 decembris,
1168 2568 1255 2639 regni
1277 2571 1381 2624 autem
1408 2569 1456 2625 sui

187 2669 345 2727 tricesimo
367 2671 471 2743 primo
495 2672 735 2744 privilegialiter
751 2682 919 2746 emanatas,
940 2672 1080 2745 dupplici
1102 2687 1158 2729 suo
1174 2672 1279 2745 sigillo
1302 2673 1455 2731 autentico

187 2775 334 2848 vallatas,
359 2791 464 2834 coram
488 2778 579 2835 nobis
602 2784 749 2835 curarunt
772 2779 926 2848 exhibere,
951 2779 982 2835 in
1017 2778 1130 2850 quibus
1164 2779 1244 2836 inter
1277 2784 1377 2836 cetera
1399 2780 1455 2837 hec

186 2882 329 2940 clausula
352 2882 624 2943 adinveniebatur:
648 2884 724 2941 Item
748 2885 868 2942 tributa
891 2884 971 2942 infra
995 2885 1115 2956 regales
1139 2885 1288 2942 terminos
1310 2885 1342 2942 in
1364 2885 1453 2942 nullo

185 2989 254 3047 loeo
277 2989 400 3047 solvere
424 2996 590 3048 teneantur.
616 2990 739 3063 Quibus
763 2991 909 3048 exhibitis
935 2990 1074 3065 prefatus
1110 2991 1285 3063 Hennyngh
1316 2991 1452 3062 alegavit

184 3096 239 3152 tali
263 3095 373 3153 modo:
397 3096 480 3169 quod
505 3099 649 3170 quamvis
673 3096 812 3170 prefatus
835 3097 967 3156 condam
991 3096 1136 3154 dominus
1160 3097 1233 3154 Bela
1258 3113 1314 3154 rex
1356 3097 1451 3170 preli·

183 3202 265 3259 batis
288 3203 409 3260 civibus
446 3204 699 3276 zagrahiensibus
724 3209 895 3277 pretactam
919 3204 1096 3260 libertatem
1120 3205 1150 3260 in
1175 3202 1296 3277 prelata
1311 3203 1453 3260 clausula

183 3309 213 3366 in
236 3311 426 3383 prenarratis
449 3310 561 3368 litteris
584 3310 648 3368 suis
670 3310 869 3367 adinventam
893 3309 1084 3367 declaratam
1108 3309 1228 3367 dederit
1257 3315 1286 3366 et
1324 3324 1451 3366 consen·

182 3416 264 3487 serit,
287 3422 391 3474 tamen
415 3418 487 3490 quia
509 3418 541 3474 in
575 3415 754 3474 huiusmodi
787 3417 927 3474 clausula
963 3416 1023 3489 ipsi
1054 3417 1137 3473 cives
1172 3416 1388 3488 zagrahienses
1412 3415 1451 3473 de

182 3522 276 3579 rebus
301 3538 408 3580 eorum
433 3524 720 3582 mercimonialihus
736 3538 754 3579 a
771 3523 930 3580 solucione
943 3522 1017 3580 dicti
1042 3523 1150 3580 tributi
1166 3523 1298 3580 minime
1313 3523 1451 3595 exempti

183 3627 249 3686 lore
271 3628 501 3701 denotarentur,
524 3629 566 3686 ob
589 3630 648 3687 hoc
671 3630 731 3703 ipsi
755 3628 838 3687 cives
862 3628 1020 3702 prefatum
1044 3630 1198 3687 tributum
1234 3628 1272 3686 de
1304 3629 1450 3702 pretactis

180 3734 324 3809 ipsorum
346 3737 440 3793 rebus
466 3743 496 3792 et
518 3736 707 3794 animalibus
731 3737 762 3793 in
785 3736 856 3793 loco
880 3735 954 3793 dicti
977 3736 1025 3793 sui
1060 3736 1170 3793 tributi
1205 3736 1296 3793 sicuti
1331 3735 1449 3793 aliasa

180 3841 340 3899 nonnullis
361 3843 521 3900 retroactis
545 3844 739 3916 temporibus
771 3858 869 3915 usque
904 3844 949 3912 in,
970 3843 1200 3915 presenciarum
1236 3841 1448 3912 exsolvissent,

180 3946 255 4006 dare
279 3955 307 4005 et
332 3949 511 4022 persolvere
535 3948 682 4007 deberent
707 3956 736 4007 et
760 3955 944 4007 tenerentur.
969 3949 1002 4006 ln
1027 3948 1109 4007 facto
1133 3954 1238 4006 autem
1266 3948 1447 4022 pretitulato

179 4054 228 4112 sui
250 4055 360 4112 tributi
383 4056 557 4127 antiquiora
582 4061 611 4112 et
634 4054 808 4112 efficaciora
831 4053 908 4130 jura,
943 4071 1037 4127 quam
1062 4054 1197 4128 predicti
1220 4051 1322 4128 judex,
1344 4051 1446 4128 jurati,

181 4159 326 4234 civesque
343 4166 373 4218 et
389 4161 610 4219 inhabitatores
634 4167 793 4235 prenotate
817 4161 952 4218 civitatis
974 4161 1190 4232 zagrahiensis,
1214 4160 1342 4216 haberet
1363 4173 1445 4215 ema·

177 4273 258 4337 nata,
281 4283 341 4340 que
364 4282 426 4325 non
448 4267 487 4325 ad
512 4284 645 4341 presens,
670 4267 724 4325 sed
748 4268 777 4324 in
795 4267 926 4325 termino
943 4268 1093 4337 ulteriori,
1112 4283 1168 4340 per
1184 4281 1240 4322 nos
1257 4265 1316 4322 sibi
1333 4264 1445 4336 dando,

178 4387 282 4431 coram
306 4374 397 4432 nobis
420 4374 591 4448 producere
615 4380 644 4430 et
668 4374 815 4431 exhibere
839 4379 1004 4448 promptus
1028 4379 1107 4431 esset
1137 4378 1167 4430 et
1190 4377 1324 4446 paratus.
1356 4370 1445 4430 Unde

176 4494 232 4538 nos
254 4480 315 4538 hiis
338 4482 492 4555 perceptis
526 4479 694 4556 judicantes
728 4481 942 4537 commisimus
980 4495 1016 4537 eo
1052 4479 1155 4549 modo,
1191 4485 1225 4535 ut
1252 4483 1443 4535 memoratus

176 4585 352 4659 Hennyngh
376 4587 430 4644 sed
453 4593 483 4645 et
506 4589 643 4644 annotati
666 4585 769 4662 judex,
791 4585 884 4661 jurati
908 4593 937 4643 et
971 4587 1054 4643 cives
1087 4585 1261 4659 prescripta
1297 4585 1438 4657 ipsorum

176 4689 246 4769 jura
270 4700 299 4751 et
323 4694 460 4751 literaria
483 4694 693 4764 instrumenta,
717 4709 778 4766 que
801 4693 832 4751 in
865 4691 945 4750 iacto
980 4692 1110 4765 pretacti
1146 4691 1255 4749 tributi
1291 4690 1443 4747 haberent

178 4799 325 4871 confecta,
348 4800 379 4857 in
402 4800 520 4857 octavis
544 4799 614 4858 festi
636 4800 718 4857 beati
740 4800 850 4882 Jacobi
873 4799 1017 4872 apostoli,
1040 4815 1121 4856 nunc
1145 4797 1292 4868 venturis,
1315 4797 1347 4855 in
1370 4795 1442 4854 sede

179 4905 371 4981 zagrahiensi
394 4920 499 4964 coram
523 4908 613 4965 nobis
636 4908 782 4964 exhibere
805 4911 973 4977 teneantur,
997 4912 1030 4963 ut
1055 4906 1115 4964 hiis
1139 4905 1213 4963 visis
1235 4902 1385 4979 judicium
1410 4909 1441 4961 et
