3278 5348
200 411 261 472 190
604 393 678 452 Dor.
703 404 769 469 135.
794 425 836 436 —
859 394 917 450 An.
943 406 1033 470 1443.

195 608 265 666 aliis
286 606 471 683 jurisperitis
506 609 714 667 assessoribus
744 608 857 667 nostris
888 608 1052 665 nobiscum
1084 622 1142 681 pro
1174 606 1317 665 faciendo
1350 605 1456 683 judicio

196 715 390 772 moderativo
406 713 650 785 consedentibus,
675 730 843 788 causasque
866 719 1048 771 cunctorum
1071 729 1177 772 coram
1200 714 1292 772 nobis
1315 714 1458 787 littigarie

195 836 341 893 processu
365 795 610 894 proponencium
635 818 717 896 justo
738 818 815 895 juris
839 821 963 878 tramite
979 818 1230 889 discucientibus,
1247 819 1400 879 discretus
1416 820 1458 876 rir

194 927 338 985 dominus
362 927 523 1000 Georgius,
545 934 634 985 natus
657 928 793 999 Fabiani,
817 927 856 985 de
886 926 1028 1000 Neglech
1050 928 1205 1000 presbiter
1228 932 1258 984 et
1287 926 1458 999 predicator

194 1032 323 1091 diocesis
345 1034 561 1105 zagrabiensis,
586 1049 702 1091 necnon
734 1035 881 1105 magister
911 1033 1019 1090 altaris
1044 1033 1133 1090 beate
1157 1032 1253 1090 Marie
1279 1031 1458 1104 Magdalene

193 1139 223 1195 iu
259 1139 341 1196 dicta
375 1139 505 1196 ecclesia
540 1140 732 1211 zagrabiensi
768 1138 887 1196 fundati
922 1154 983 1196 una
1016 1154 1087 1195 eum
1118 1139 1247 1196 notariis
1272 1138 1411 1211 publicis
1432 1141 1459 1194 et

193 1246 323 1303 testibus
346 1245 551 1317 infrascriptis
573 1246 605 1302 in
627 1252 818 1303 nostramet
842 1245 1024 1303 eorumdem
1058 1259 1249 1303 assessorum
1282 1250 1458 1302 nostrorum

192 1351 370 1424 exurgeudo
394 1351 585 1424 presenciam
609 1368 665 1425 per
689 1351 818 1409 modum
842 1358 872 1409 et
895 1351 1029 1409 formam
1054 1351 1206 1423 legittime
1229 1350 1390 1408 citacionis
1406 1350 1458 1407 ob

191 1458 345 1515 servando
361 1459 518 1515 accionem
532 1464 562 1515 et
578 1459 828 1532 proposicionem
845 1474 933 1515 suam
958 1465 1063 1516 contra
1087 1462 1118 1516 et
1140 1457 1291 1515 adversus
1310 1455 1458 1529 providos

192 1569 222 1622 et
245 1565 483 1638 circumspectos
516 1566 602 1622 viros
637 1565 801 1622 Nicolaum
836 1564 1040 1636 aurifabrum,
1066 1563 1250 1622 modernum
1273 1578 1309 1621 ac
1333 1563 1458 1621 Petrum

191 1670 384 1742 Huugarum,
408 1670 582 1738 Nicolaum,
606 1670 713 1743 llenlry
736 1671 862 1742 dictum,
885 1671 1058 1753 Johannem
1082 1670 1261 1742 Perowych,
1279 1670 1457 1737 Martinum,

192 1774 339 1847 Blasium,
363 1776 441 1833 alias
464 1773 590 1850 judiees,
615 1783 756 1850 preterea
779 1776 943 1834 Nicolaum
967 1777 1149 1848 litteratum,
1180 1773 1384 1848 Gregwrych,
1414 1776 1457 1833 al·

190 1887 292 1939 terum
309 1882 504 1954 Gregorium,
528 1883 739 1954 Wrecharych
762 1889 983 1955 nuncupatum,
1007 1883 1166 1954 Mathiam,
1190 1881 1309 1939 dictum
1333 1881 1457 1952 Farlras,

191 1987 361 2060 Georgium
386 1989 570 2059 carnificem,
595 1989 692 2045 alium
717 1988 889 2059 Georgium
912 1994 1072 2060 sartorem,
1103 1988 1279 2046 Emericum
1310 1995 1455 2059 sutorem,

190 2095 323 2152 alterum
348 2095 532 2166 Emericum,
555 2093 634 2167 Sega
657 2092 970 2162 dictummodernos.
988 2094 1192 2168 Valenthych,
1215 2094 1319 2152 filium
1343 2096 1456 2152 Micha-

190 2201 255 2269 elis
280 2201 356 2257 alias
379 2198 523 2274 juratum,
547 2207 726 2274 ceterosque
750 2201 919 2275 complices
942 2200 1133 2272 eorumdem,
1157 2201 1248 2271 cives,
1265 2201 1405 2274 hospites
1427 2205 1455 2258 et

190 2310 287 2363 totam
311 2308 564 2364 communitatem
588 2308 721 2365 civitatis
744 2309 859 2365 montis
883 2307 1066 2366 Grechensis
1098 2306 1137 2364 de
1160 2308 1245 2365 iuxta
1269 2306 1455 2380 Zagrabiam

188 2426 293 2469 coram
317 2412 406 2470 nobis
430 2418 460 2469 et
483 2412 599 2470 eisdem
623 2414 829 2471 assessoribus
852 2414 965 2471 nostris
989 2407 1057 2490 (nee
1079 2405 1153 2490 non)
1169 2413 1298 2471 notariis
1315 2412 1451 2486 publicis

189 2521 220 2575 et
243 2519 371 2576 testibus
394 2517 552 2577 declarare
576 2521 696 2578 curavit
718 2522 750 2579 in
773 2521 855 2578 hunc
872 2520 1017 2578 modum:
1042 2519 1200 2595 quomodo
1224 2521 1291 2594 ipse
1308 2520 1454 2578 Nicolaus

188 2624 353 2696 aurifaber,
375 2623 468 2698 judex
491 2633 520 2683 et
544 2627 598 2684 alii
621 2628 775 2700 prenotati
798 2643 835 2684 ex
865 2634 1071 2701 preconcepta
1094 2633 1201 2684 contra
1232 2627 1353 2684 clerum
1385 2642 1453 2684 ran·

189 2731 268 2787 coris
292 2731 415 2788 malicia
440 2731 517 2790 feria
541 2734 648 2806 quinta
672 2733 816 2791 videlicet
840 2735 871 2791 in
894 2735 1002 2806 vigilia
1027 2733 1097 2791 festi
1128 2733 1212 2791 beati
1242 2733 1453 2791 Bartholomei

188 2837 330 2909 apostoli,
353 2839 495 2910 proxime
519 2840 669 2913 preteriti,
693 2839 861 2912 quemdam
893 2840 1051 2897 hominem
1082 2844 1114 2897 et
1144 2838 1332 2896 familiarem
1356 2839 1452 2912 ipsius

188 2941 305 2999 domini
330 2943 456 3016 Georgii
477 2946 690 3020 predicatoris,
715 2947 914 3004 Dominicum
949 2947 1083 3017 nomine,
1107 2939 1227 3023 (nullis)
1257 2945 1322 3003 suis
1353 2946 1452 3020 culpis

188 3049 380 3122 exigentibus
403 3052 436 3108 in
459 3053 525 3125 ipsa
549 3053 674 3111 civitate
698 3053 812 3110 montis
844 3052 1005 3110 Greeensis
1036 3052 1196 3125 captivari,
1228 3059 1452 3125 camptumque

187 3156 361 3213 carceribus
392 3159 563 3232 mancipari
587 3165 616 3216 et
640 3158 759 3215 diucius
790 3159 967 3216 conservari
998 3165 1027 3215 et
1058 3159 1226 3216 enormiter
1259 3159 1450 3228 tormentari,

191 3262 393 3335 quamplures
429 3279 553 3337 quoque
587 3281 635 3322 res
670 3270 699 3322 et
733 3266 814 3322 bona
848 3281 884 3322 ac
917 3266 1063 3338 pecunias
1098 3271 1163 3321 tam
1196 3264 1294 3338 ipsius
1332 3263 1450 3322 domini

187 3365 312 3439 Georgii
337 3385 431 3441 quam
455 3371 551 3427 eciam
578 3371 650 3428 dicti
675 3371 808 3428 hominis
832 3371 879 3428 sui
902 3377 1054 3445 protunc
1077 3385 1151 3443 erga
1182 3370 1287 3442 ipsum
1310 3377 1450 3443 repertas

186 3482 216 3529 et
240 3475 371 3546 inventa,
395 3476 545 3549 recipiet
569 3477 692 3534 aufferri
729 3483 759 3534 et
793 3478 833 3534 ab
869 3477 979 3534 eodem
1003 3477 1149 3549 pecunias
1183 3476 1363 3550 extorqueri
1397 3475 1449 3533 vel

185 3580 313 3652 spoliari
338 3580 497 3651 fecissent;
515 3589 631 3639 etcum
655 3583 721 3655 ipse
744 3581 887 3640 dominus
904 3582 1057 3654 Georgius
1076 3581 1252 3656 predicator
1269 3580 1347 3640 feria
1364 3588 1451 3639 sexta

185 3687 329 3755 proxima
345 3686 423 3744 ande
448 3687 560 3745 festum
584 3689 667 3746 beati
683 3687 784 3761 Egidii
801 3689 931 3757 abbatis,
956 3689 1101 3746 similiter
1123 3704 1205 3746 nunc
1230 3688 1385 3763 elapsum,
1409 3687 1448 3745 ad

186 3793 391 3864 prescriptam
416 3795 573 3850 civitatem
597 3795 711 3851 montis
735 3794 896 3852 Greccnsis
920 3803 949 3851 et
972 3810 1029 3868 per
1053 3809 1243 3867 consequens
1266 3794 1373 3852 sedem
1402 3792 1449 3870 ju·

184 3896 352 3968 diciariam,
377 3899 430 3955 ubi
453 3898 547 3955 iidem
571 3900 653 3955 cives
678 3915 764 3957 more
788 3901 881 3957 solito
916 3906 946 3957 et
976 3910 1122 3958 consveto
1157 3900 1284 3958 insimul
1318 3899 1449 3959 fuissent

182 4004 367 4075 congregati,
399 4004 602 4076 personaliter
636 4007 811 4063 accessisset
846 4022 881 4062 ac
916 4006 954 4062 de
989 4007 1168 4079 captivitate
1202 4011 1233 4064 et
1267 4006 1446 4065 detencioue

180 4110 279 4181 ipsius
302 4108 432 4182 predicti
456 4110 589 4167 hominis
612 4113 668 4182 sui,
692 4127 809 4169 necnon
834 4113 994 4169 oblacione
1017 4119 1047 4169 et
1077 4113 1257 4187 recepcione
1287 4128 1394 4171 rerum
1416 4119 1446 4171 et

183 4215 336 4271 bonorum
371 4215 583 4287 predictorum
617 4218 676 4274 sibi
711 4219 770 4292 ipsi
805 4218 954 4276 iudicium
987 4225 1016 4275 et
1051 4219 1204 4276 iusticiam
1238 4220 1324 4277 iuxta
1358 4219 1446 4293 regni

181 4319 433 4378 consvetudinem
457 4330 487 4378 et
510 4323 607 4396 ipsius
622 4324 754 4382 civitatis
770 4325 1012 4397 expostulasset;
1029 4331 1101 4382 tunc
1116 4330 1279 4384 annotatus
1297 4326 1443 4384 Nicolaus

180 4426 337 4485 aurifaber
359 4425 453 4502 judex
477 4436 507 4486 et
530 4429 584 4486 alii
607 4429 736 4503 predicti
761 4432 929 4504 complices
963 4433 1011 4489 sui
1034 4433 1138 4489 animo
1162 4429 1281 4490 furioso
1312 4438 1343 4490 et
1374 4447 1442 4491 ran·

181 4548 288 4591 coroso
322 4534 354 4591 in
388 4535 491 4607 ipsum
525 4534 687 4593 dominum
719 4535 889 4608 Georgium
921 4537 1148 4611 predicatorem
1171 4552 1266 4595 manu
1289 4539 1441 4612 sacrilega

181 4639 335 4711 irruendo,
351 4640 544 4715 eundemque
562 4658 618 4716 per
634 4657 781 4716 precones
797 4644 938 4716 ipsorum
961 4644 1113 4717 captivari
1136 4647 1166 4701 et
1188 4643 1334 4703 hincinde
1356 4659 1444 4706 enor-

181 4746 271 4803 miter
288 4746 436 4806 trucldari
451 4753 480 4805 et
496 4747 689 4806 dehonestari
706 4741 873 4827 (fecissent)
890 4756 919 4808 et
943 4751 1047 4808 verbis
1065 4750 1181 4809 illicitis
1197 4756 1228 4809 et
1244 4751 1444 4827 vituperiosis

179 4850 263 4910 affici
297 4862 327 4911 et
362 4855 465 4928 ipsum
494 4870 557 4912 non
593 4871 701 4912 verum
735 4855 928 4914 sacerdotem
959 4857 1014 4915 sed
1038 4873 1145 4916 canem
1169 4873 1237 4917 esse
1260 4864 1291 4917 et
1309 4855 1445 4918 'existere'
