3278 5348
605 417 678 476 Doc.
702 426 748 492 71.
774 450 814 459 -
839 417 896 475 An.
920 431 1011 495 1434.
1403 436 1440 494 9¹

176 629 259 690 dicte
282 632 421 690 civitatis
442 631 522 691 nihil
546 633 672 690 omnino
693 633 872 692 huiusmodi
896 635 1147 691 commissionem
1175 632 1305 708 predicti
1329 631 1446 691 domini

176 738 317 812 episcopi
339 745 483 797 curantes
505 753 559 796 seu
583 737 779 797 advertentes
803 755 877 797 mox
900 746 929 797 et
952 741 983 798 in
1006 740 1181 812 continenti,
1209 746 1333 798 mortuo
1353 752 1446 796 anno·

176 850 240 902 tato
263 843 398 902 condam
423 844 551 903 domino
573 845 713 928 johanne
736 845 885 920 episcopo
909 846 1111 918 zagrabiensi‚
1134 846 1306 920 sepissimis
1325 845 1447 904 vicibus

177 964 325 1024 magnam
348 956 471 1025 partem
494 956 657 1021 terrarum,
680 967 854 1023 nemorum,
880 951 1022 1010 senilium
1055 958 1085 1010 et
1116 959 1279 1025 pratorum
1310 952 1447 1010 annotati

178 1057 308 1131 capituli
331 1061 440 1114 contra
462 1056 561 1130 ipsius
584 1057 715 1131 capituli
739 1058 942 1116 inhibiciones
975 1064 1177 1132 occupassent
1206 1059 1237 1116 in
1268 1056 1447 1131 eisdemque

119 1194 128 1215 2
179 1161 293 1220 multas
315 1162 542 1236 extirpaciones
566 1161 707 1221 iaciendo
730 1163 854 1221 easdem
876 1165 1086 1235 seminassent,
1119 1164 1287 1238 feniliaque
1321 1163 1447 1238 depasci

179 1281 211 1325 ac
233 1269 414 1327 conculcari
437 1275 468 1326 et
490 1270 674 1327 annichilari
697 1269 848 1341 fecissent,
872 1270 1051 1345 eisdemque
1074 1272 1175 1346 terris,
1207 1270 1363 1340 fenilibus,
1394 1285 1446 1326 ne·

179 1374 320 1433 moribus
344 1379 374 1433 et
397 1376 517 1435 rubetis
540 1376 579 1435 ad
601 1377 745 1451 ipsorum
769 1377 895 1435 libitum
919 1383 1079 1437 uterentur
1109 1379 1207 1436 eciam
1242 1377 1281 1436 de
1312 1375 1447 1451 presenti

174 1481 320 1554 potencia
343 1481 507 1552 mediante,
523 1483 554 1541 in
577 1483 785 1557 preludicium
808 1481 886 1559 juris
909 1485 990 1543 dicte
1024 1485 1152 1543 ecclesie
1175 1491 1205 1542 et
1228 1488 1445 1542 annotatorum

175 1585 378 1646 dominorum
408 1589 629 1648 canonicorum
663 1591 737 1647 satis
759 1589 885 1663 grande.
910 1590 980 1664 Quo
1003 1590 1118 1662 audito,
1142 1590 1256 1665 prelati
1278 1590 1446 1673 Johannesr

171 1693 261 1752 filius
295 1693 432 1766 Peronis,
466 1692 560 1771 judex
593 1712 629 1754 ac
665 1696 831 1768 Anthonya
865 1697 1017 1768 ithalieus,
1050 1698 1158 1755 Petrus
1181 1698 1357 1770 Hungarus,
1380 1693 1445 1752 Ste-

172 1800 299 1874 phanus
322 1801 401 1860 alias
423 1801 569 1861 similiter
590 1800 717 1877 judices,
740 1819 796 1860 nec
819 1817 880 1860 non
906 1803 1051 1872 Thomas,
1076 1803 1238 1876 Georgius,
1255 1801 1446 1872 Benedictus,

172 1912 319 1976 sartores,
354 1913 385 1966 et
416 1907 582 1981 Fabyanus
616 1910 780 1980 litteratus,
803 1908 897 1984 jurati
928 1918 957 1967 et
977 1911 1060 1968 cives
1084 1909 1221 1984 predicte
1244 1909 1386 1979 civitatis,
1412 1914 1447 1965 ut

174 2013 383 2087 premittitur,
408 2029 466 2088 pro
490 2031 523 2072 se
552 2016 628 2089 ipsis
659 2016 863 2090 personaliter
893 2023 922 2073 et
951 2032 1009 2090 pro
1040 2017 1121 2074 aliis
1143 2015 1290 2090 predictis
1321 2014 1443 2073 civibus

177 2132 247 2176 curn
271 2119 370 2191 pleno
393 2120 541 2178 mandato
572 2121 603 2178 in
627 2126 764 2179 nostram
801 2121 979 2194 exurgendo
1005 2122 1195 2195 presenciam
1219 2121 1445 2194 responderunt

178 2241 215 2282 ex
237 2225 390 2285 adverso:
415 2226 499 2300 quod
523 2227 584 2300 ipsi
607 2232 679 2300 post
709 2227 913 2301 prescriptam
946 2229 1133 2286 revisionem
1165 2228 1341 2285 metharum
1375 2243 1444 2300 pre·

179 2330 331 2390 dictarum
362 2332 460 2391 nichil
489 2333 613 2406 penitus
644 2332 681 2390 de
713 2333 831 2391 eisdem
855 2335 953 2404 terris,
977 2335 1158 2392 nemoribus
1182 2339 1212 2392 et
1236 2334 1332 2408 pratis
1355 2347 1444 2391 occu·

180 2442 301 2511 passent
324 2443 354 2496 et
378 2439 437 2497 hoc
459 2440 612 2497 revisione
635 2440 756 2497 oculata
780 2441 953 2513 proborum
977 2448 1006 2497 et
1030 2441 1184 2499 nobilium
1208 2441 1350 2498 virorum
1374 2454 1443 2512 pos·

179 2550 243 2603 sent
275 2545 493 2619 comprobare,
530 2551 667 2619 petentes
701 2561 765 2616 nos,
801 2554 835 2603 ut
869 2546 994 2604 easdem
1029 2548 1149 2605 methas
1183 2545 1317 2605 revideri
1342 2544 1442 2602 lacere

181 2649 388 2724 dignaremur.
412 2651 475 2709 Nos
497 2652 593 2724 igitur
616 2654 797 2710 auctoritate
820 2655 918 2727 ipsius
942 2654 1061 2712 domini
1084 2654 1182 2711 nostri
1197 2653 1394 2727 imperatoris
1411 2657 1441 2708 et

180 2759 264 2831 regni
286 2757 447 2830 Hungarie
470 2758 552 2830 regis
576 2758 606 2816 in
629 2758 687 2815 hac
710 2767 798 2832 parte
821 2760 911 2818 nobis
927 2761 1085 2828 attributa,
1104 2766 1207 2833 partes
1223 2760 1301 2817 inter
1316 2758 1440 2815 easdem

178 2863 316 2921 volentes
338 2879 434 2938 super
456 2864 617 2939 premissis
640 2873 723 2922 certo
747 2866 864 2923 cercius
886 2867 1021 2940 experiri
1044 2871 1075 2924 et
1098 2865 1229 2936 edoceri,
1248 2865 1390 2938 egregios
1414 2871 1443 2920 et

178 2970 297 3030 nobiles
332 2971 416 3028 viros
448 2969 642 3044 Stephanum
671 2971 825 3043 Bychkele
849 2972 887 3029 de
911 2972 1080 3044 Zelnawar,
1104 2972 1276 3044 Georgium
1300 2970 1337 3027 de
1361 2969 1443 3042 Byk-

177 3076 258 3148 raad,
297 3076 464 3149 Andream,
498 3077 603 3136 filium
634 3078 762 3136 Vithecz
797 3079 835 3136 de
870 3080 1054 3149 Kamarcha,
1091 3078 1302 3153 Stephanum,
1338 3077 1442 3135 tilium

179 3180 313 3241 Farkasii
336 3181 376 3240 de
398 3183 495 3242 Ebres
519 3189 550 3241 et
572 3183 729 3257 prelatum
754 3186 940 3257 magistrum
963 3185 1148 3242 Michaelem
1172 3200 1208 3242 ac
1231 3186 1310 3242 alios
1333 3199 1442 3258 quam·

179 3287 281 3360 plures
304 3289 427 3347 nobiles
450 3295 480 3347 et
502 3290 619 3364 probos
644 3291 728 3348 viros
753 3290 792 3349 ad
816 3293 1003 3350 revisionem
1035 3291 1188 3349 dictarum
1219 3291 1441 3365 occupancium

179 3390 371 3452 duxissemus
406 3395 611 3455 destinandos.
648 3397 709 3470 Qui
744 3397 868 3455 tandem
905 3397 1015 3455 exinde
1049 3397 1088 3455 ad
1113 3414 1170 3456 nos
1192 3398 1310 3455 reversi
1333 3402 1363 3453 et
1388 3413 1442 3470 per

178 3515 229 3558 nos
252 3501 396 3575 requisiti
416 3501 589 3575 diligenter,
614 3504 809 3577 presentibus
832 3503 947 3561 eisdem
973 3506 1122 3577 partibus,
1139 3505 1228 3562 nobis
1246 3503 1442 3562 uniformiter

179 3608 348 3665 retulerunt
372 3623 408 3666 eo
431 3607 541 3666 modo:
566 3610 650 3683 quod
675 3610 805 3684 pretacti
827 3611 910 3667 cives
927 3617 997 3683 post
1013 3611 1239 3684 preallegatam
1256 3610 1440 3668 revisionem

179 3714 352 3772 metharum
375 3720 405 3771 et
435 3718 589 3773 terrarum
620 3716 831 3791 predictarum
866 3732 1010 3788 magnam
1043 3722 1165 3790 partem
1198 3717 1441 3790 prescriptarum

179 3824 327 3878 terrarum
351 3821 528 3892 arabilium,
550 3820 692 3880 senilium
716 3830 745 3880 et
768 3824 952 3880 rubetorum
984 3840 1037 3881 seu
1062 3839 1225 3881 nemorum
1257 3823 1339 3880 ultra
1370 3839 1441 3880 con·

177 3926 381 3999 signacionem
406 3942 462 4001 per
485 3928 617 3985 eundem
641 3928 804 3987 dominum
828 3930 1009 4003 episcopum
1035 3937 1175 4004 tempore
1199 3936 1341 3987 annotate
1361 3933 1440 3988 revi-

177 4033 267 4091 sionis
292 4031 414 4104 factam,
438 4041 640 4108 occupassent
662 4040 692 4092 et
715 4035 837 4093 easdem
864 4043 960 4093 terras
996 4037 1155 4110 extirpari,
1180 4038 1333 4108 seminari,
1366 4037 1441 4095 feni·

176 4137 277 4212 liaque
301 4137 427 4212 depasci
449 4143 479 4197 et
502 4141 687 4198 annichilari
712 4140 861 4198 fecissent.
885 4142 921 4198 iit
956 4143 1026 4199 licet
1051 4142 1125 4200 dicti
1148 4143 1230 4200 cives
1255 4158 1312 4215 pro
1338 4143 1441 4199 huius·

176 4244 258 4304 modi
279 4245 413 4304 accionis
435 4247 576 4320 ipsorum
600 4248 787 4321 potenciarie
810 4253 927 4320 segetes
946 4250 976 4306 in
1008 4249 1124 4306 eisdem
1155 4249 1245 4306 terris
1275 4249 1440 4306 seminatas

175 4352 300 4410 omnino
324 4350 454 4424 perdere
477 4351 665 4423 debuissent,
688 4363 790 4411 tamen
815 4370 870 4411 nos
900 4355 1017 4411 eisdem
1048 4358 1184 4428 rigorem
1216 4356 1333 4412 iusticie
1364 4355 1440 4412 levi-

174 4464 233 4517 tate
268 4456 482 4516 misericordie
517 4466 691 4532 temperare
725 4460 873 4530 volentes,
905 4462 1028 4519 easdem
1063 4466 1180 4534 segetes
1203 4461 1278 4534 ipsis
1303 4475 1359 4534 pro
1383 4461 1440 4517 hac

173 4563 240 4623 rice
263 4563 401 4622 metendi
425 4574 455 4622 et
479 4566 650 4639 recipiendi
673 4568 844 4626 annuimus.
869 4567 928 4626 Sed
951 4570 1023 4641 quia
1047 4585 1110 4639 nos,
1135 4569 1205 4625 aliis
1229 4568 1334 4625 arduis
1351 4567 1439 4625 iactis

173 4670 272 4745 ipsius
295 4668 412 4729 domini
439 4672 537 4729 nostri
560 4672 758 4746 imperatoris
782 4677 924 4749 occupati
947 4676 985 4732 arl
1011 4692 1136 4749 presens
1160 4674 1253 4730 finem
1271 4682 1300 4730 et
1316 4675 1438 4732 conclu-

173 4775 292 4835 sionem
318 4774 398 4835 lacto
422 4779 453 4835 in
477 4777 587 4835 eodem
611 4779 690 4835 inter
714 4789 816 4852 partes
834 4781 988 4854 predictas
1004 4774 1104 4837 facere
1123 4795 1182 4837 non
1201 4780 1351 4851 valemus,
1369 4780 1439 4839 ideo

172 4896 230 4941 nos
252 4884 356 4957 ipsam
385 4898 510 4942 causam
533 4884 655 4944 racione
690 4885 769 4943 dicte
803 4888 1016 4961 occupacionis
1048 4886 1259 4961 predictarum
1285 4894 1437 4946 terrarum
