3278 5348
567 411 644 470 Boc.
667 420 717 487 47.
741 443 784 453 -
806 410 862 471 An.
885 420 974 486 1427.
1356 428 1395 487 57

131 625 256 683 bianum
279 626 504 700 presbiterum,
527 626 714 699 magistrum
738 627 847 686 altaris
870 628 954 686 beati
976 627 1138 686 Michaelis
1162 629 1340 701 archangeli
1363 629 1395 689 in

136 730 216 790 dicta
238 732 371 791 ecclesia
395 737 502 790 nostra
524 732 691 792 constructi
714 731 754 790 ad
777 732 1009 808 infrascriptam
1025 734 1262 807 inquisicionem
1286 733 1398 793 facien·

134 838 205 898 dam
239 843 348 898 nostro
382 854 441 913 pro
464 839 641 899 testimonio
664 841 894 899 transmisimus
916 840 979 899 fide
1012 839 1149 912 dignum.
1185 839 1248 913 Qui
1270 838 1397 899 tandem

134 945 243 1004 exinde
265 945 307 1003 ad
325 960 383 1004 nos
405 945 531 1017 reversi,
554 946 645 1004 nobis
668 946 867 1007 uniformiter
898 947 1076 1006 retulerint:
1112 946 1197 1020 quod
1228 947 1288 1021 ipsi
1319 945 1397 1007 feria

132 1057 216 1110 sexta
239 1053 386 1126 proxima
408 1054 480 1126 post
503 1050 617 1110 festum
648 1053 874 1127 Penthecostes,
906 1053 1049 1128 proxime
1080 1054 1273 1126 preteritum,
1303 1053 1399 1112 simul

132 1157 328 1231 procedendo
361 1157 403 1216 ab
435 1159 590 1230 omnibus,
624 1173 642 1216 a
674 1159 790 1232 quibus
825 1159 978 1218 decuisset
1003 1164 1033 1217 et
1065 1159 1215 1231 licuisset,
1238 1160 1345 1234 palam
1368 1166 1399 1217 et

131 1266 250 1324 occulte
274 1264 441 1338 diligenter
463 1263 502 1323 de
525 1264 732 1340 infrascriptis
762 1265 957 1339 inquirendo,
994 1265 1090 1324 talem
1120 1266 1282 1325 scivissent
1316 1267 1399 1324 veri·

132 1377 240 1429 tatem:
266 1370 440 1445 quodcum
463 1371 541 1429 feria
564 1376 676 1445 quarta
699 1372 845 1445 proxima
863 1379 934 1430 ante
951 1370 1065 1429 festum
1081 1371 1313 1430 Purificacionis
1335 1373 1398 1431 vir·

131 1478 208 1550 ginis
232 1477 378 1550 gloriose,
401 1479 548 1551 proxime
571 1479 724 1552 elapsum,
747 1478 941 1536 honorabilis
965 1478 1022 1550 vir,
1053 1477 1198 1536 dominus
1229 1478 1394 1562 Johannes,

132 1591 238 1642 cantor
261 1588 292 1642 et
317 1584 482 1643 canonicus
506 1584 645 1642 eiusdem
669 1585 798 1642 ecclesie
813 1584 1031 1657 zagrabiensis,
1047 1589 1110 1642 tres
1127 1583 1297 1642 familiares
1313 1599 1395 1656 suos,

131 1690 263 1750 scilicet:
287 1705 385 1749 unum
407 1691 636 1749 mercenarium
659 1691 824 1749 Nicolaum
846 1692 979 1762 nomine,
1004 1705 1063 1765 pro
1093 1689 1275 1749 inducendis
1305 1690 1398 1762 lignis

131 1802 159 1854 et
181 1796 389 1870 apportandis
411 1797 443 1855 in
467 1802 560 1871 portu
581 1798 683 1855 insule
706 1796 780 1856 dicti
803 1797 934 1870 capituli
963 1797 1061 1880 Jarun
1094 1801 1211 1867 vocate,
1246 1810 1304 1870 pro
1338 1812 1397 1854 usu

129 1904 214 1961 curie
238 1902 315 1962 dicti
338 1903 458 1962 domini
481 1905 615 1962 cantoris
639 1904 815 1977 aggregatis
839 1907 869 1960 et
891 1904 1036 1977 repositis
1060 1918 1132 1962 curn
1156 1902 1279 1961 duobus
1311 1902 1399 1977 equis

129 2013 158 2067 et
181 2026 244 2068 uuo
267 2010 430 2080 vehiculo;
451 2010 535 2068 alios
557 2025 633 2068 vero
668 2009 755 2080 duos,
788 2009 935 2068 videlicet
969 2010 1163 2080 Michaelem,
1199 2009 1302 2067 filium
1336 2009 1397 2066 De·

129 2116 237 2174 metrii
260 2116 299 2174 de
321 2115 510 2173 Adamowcz
534 2121 564 2173 et
587 2115 779 2189 Stephanum
809 2115 848 2172 de
878 2115 1091 2173 Sub-Kemlek
1122 2130 1180 2187 pro
1211 2117 1302 2173 certis
1333 2115 1397 2172 suis

130 2222 270 2296 negociis
293 2221 495 2296 expediendis
517 2221 557 2279 ad
579 2221 755 2297 predictam
777 2223 912 2280 insulam
933 2222 1030 2305 Jarun
1050 2221 1240 2292 destinasset,
1268 2226 1298 2279 et
1326 2236 1399 2279 cum

129 2329 190 2401 ipsi
220 2328 354 2386 Michael
384 2333 414 2386 et
444 2327 620 2402 Stephanus
650 2327 761 2386 eodem
790 2329 935 2387 vehiculo
963 2327 1104 2385 sedentes
1126 2333 1156 2384 et
1180 2327 1319 2400 prefatus
1343 2326 1395 2385 Ni·

131 2434 239 2492 colaus
272 2435 481 2493 mercenarius
513 2435 625 2509 ipsum·
659 2435 839 2492 vehiculum
861 2436 894 2493 in
917 2449 997 2507 equo
1032 2433 1168 2492 sedendo
1192 2432 1395 2503 conducebat,

132 2541 172 2599 ad
194 2541 313 2599 dictum
337 2548 465 2616 portum
490 2541 722 2615 applicuissent,
746 2546 819 2600 tunc
841 2542 990 2599 Martinus
1014 2546 1115 2598 sartor
1135 2541 1212 2598 civis
1232 2547 1262 2598 et
1281 2542 1395 2613 hospes

131 2647 265 2705 civitatis
288 2648 402 2706 montis
425 2647 589 2706 Grecensis
613 2663 746 2706 unacum
770 2649 840 2705 aliis
864 2648 1072 2721 complicibus
1095 2651 1126 2704 et
1139 2647 1230 2704 sociis
1245 2647 1309 2703 suis
1325 2660 1396 2703 con-

131 2754 251 2812 civibus
285 2770 325 2811 ex
351 2769 511 2825 consensu,
546 2755 746 2827 instigacione
770 2759 800 2811 et
822 2753 951 2828 speciali
985 2754 1218 2811 transmissione
1248 2753 1398 2811 Anthonii

133 2859 170 2917 de
192 2860 363 2932 Florencia‚
386 2858 507 2937 judicis,
538 2876 575 2918 ac
605 2862 743 2932 Maximi,
773 2861 925 2919 Demetrii
957 2865 987 2917 et
1008 2861 1142 2917 aliorum
1165 2857 1340 2934 juratorum
1361 2874 1397 2916 ac

133 2966 249 3024 civium
272 2965 353 3025 dicte
376 2968 512 3025 civitatis
536 2983 607 3026 cum
631 2968 736 3039 armis,
752 2968 872 3040 sagittis
888 2971 918 3024 et
934 2967 1117 3040 cuspidibus
1133 2983 1171 3024 ex
1188 2971 1396 3041 preconcepta

132 3072 262 3130 racionis
285 3073 409 3131 malicia
433 3073 464 3131 in
481 3073 639 3146 quaddam
655 3074 735 3132 silva
751 3073 890 3132 eiusdem
907 3074 1035 3147 capituli
1052 3074 1132 3131 circa
1149 3074 1253 3145 ipsum
1269 3077 1397 3145 portum

133 3178 237 3236 habita
261 3180 440 3251 congregati
464 3185 495 3237 et
515 3173 571 3258 (in)
594 3179 713 3238 insidiis
736 3181 829 3253 positi
853 3181 884 3236 in
918 3180 1003 3253 ipsos
1036 3180 1189 3236 lautenter
1226 3180 1396 3249 irruissent,

132 3284 288 3357 prefatum
312 3285 494 3343 Michaelem
519 3286 653 3345 letaliter
676 3287 706 3343 in
733 3287 834 3359 capite
856 3286 1080 3356 vulnerassent,
1097 3292 1305 3342 memoratum
1323 3299 1398 3342 vero

132 3388 323 3465 Stephanum
345 3390 385 3448 ad
421 3397 537 3450 terram
567 3399 797 3466 prosternentes
831 3393 863 3449 in
896 3392 1006 3464 capite,
1030 3392 1175 3449 manibus
1199 3397 1229 3448 et
1252 3391 1397 3461 brachiis,

132 3502 257 3571 totoque
280 3512 411 3571 corpore
427 3499 577 3570 gravibus
593 3499 778 3556 verberibus
795 3498 965 3556 afficientes
981 3499 1170 3555 semivivum
1190 3499 1397 3571 reliquissent,

132 3602 168 3660 de
191 3603 280 3661 cuius
302 3604 366 3661 vita
389 3602 522 3662 dubium
539 3606 720 3674 haberetur;
744 3606 936 3680 prelibatum
959 3609 1063 3662 autem
1081 3597 1250 3664 Nicolaum
1282 3619 1398 3661 merce·

131 3710 254 3768 narium
279 3711 424 3768 similiter
446 3712 595 3783 gravibus
608 3713 794 3769 verberibus
817 3719 848 3770 et
867 3713 1050 3769 vulneribus
1066 3712 1236 3769 sauciantes
1253 3711 1399 3769 omnibus

132 3830 240 3874 eorum
264 3818 359 3875 rebus
383 3822 413 3874 et
437 3819 534 3889 boniS,
559 3818 715 3887 videlicet,
737 3819 843 3889 armis,
868 3818 990 3876 faretris
1021 3834 1091 3875 cum
1115 3819 1235 3891 sagittis
1270 3823 1300 3876 et
1334 3818 1398 3875 bic·

131 3922 220 3980 eellis
243 3928 274 3981 et
296 3924 452 3981 crumenis
475 3940 531 3982 nec
555 3939 616 3982 non
639 3926 779 3999 pecuniis
803 3940 861 3998 pro
886 3933 958 3982 tunc
974 3940 1048 3997 erga
1063 3926 1148 3998 ipsos
1163 3926 1295 3999 repertis
1311 3939 1399 3983 more

131 4028 305 4103 predonum
328 4036 359 4088 et
382 4031 543 4089 latronum
566 4032 759 4107 spoliassent,
784 4031 990 4104 quosquidem
1025 4033 1124 4097 arcus,
1161 4032 1289 4090 feretras
1325 4047 1396 4089 cum

132 4137 251 4209 sagittis
274 4141 304 4194 et
327 4137 470 4195 biccellis
492 4137 605 4211 prefati
629 4139 779 4195 Martinus
802 4143 904 4195 sartor
926 4154 997 4195 cum
1022 4137 1111 4195 dictis
1127 4140 1335 4212 complicibus
1359 4137 1399 4196 ad

131 4241 236 4300 aedem
259 4241 464 4318 judiciariam,
487 4245 542 4302 ubi
566 4245 626 4318 ipsi
648 4242 764 4320 judices
788 4250 818 4301 et
842 4245 925 4301 cives
948 4245 1049 4301 solent
1071 4247 1262 4318 congregari,
1286 4244 1398 4302 eadem

131 4347 179 4407 die
203 4354 420 4424 apportantes,
456 4352 652 4423 presentibus
687 4350 804 4409 ibidem
840 4351 997 4408 nonnullis
1031 4352 1200 4421 nobilibus,
1236 4350 1398 4409 videlicet:

131 4455 274 4527 Mathew,
296 4455 365 4516 filio
387 4456 546 4540 Johannis,
562 4457 675 4515 comite
690 4458 892 4530 zagrabiensi,
910 4456 1001 4514 Petro
1016 4456 1055 4515 de
1071 4456 1228 4528 Rakonolr,
1252 4454 1399 4512 ladislao

130 4560 168 4619 de
189 4560 310 4634 Gepevv
331 4567 362 4619 et
384 4563 454 4620 aliis
476 4562 720 4637 quampluribus
742 4563 904 4621 nobilibus
927 4570 958 4620 et
980 4564 1089 4637 probis
1124 4564 1211 4633 viris,
1246 4561 1300 4633 qui
1334 4575 1394 4634 pro

130 4672 202 4726 tunc
222 4667 264 4727 sd
285 4669 474 4742 peticionem
496 4669 652 4727 dictorum
675 4669 875 4728 dominorum
898 4669 937 4727 de
960 4669 1100 4743 capitulo
1116 4669 1156 4727 ad
1172 4667 1397 4726 notificandum

129 4780 160 4831 et
182 4773 402 4833 insinuandum
424 4774 515 4833 dictis
537 4772 635 4850 judici
658 4783 688 4834 et
710 4773 821 4851 juratis
844 4781 875 4833 et
896 4776 967 4834 aliis
990 4776 1113 4834 civibus
1130 4774 1302 4848 predictam
1319 4773 1398 4847 ipsis

129 4881 174 4939 sic
195 4881 319 4940 illatum
341 4878 489 4957 injuriam
511 4879 642 4939 fuissent
665 4882 852 4955 congregati,
876 4895 981 4939 coram
1013 4879 1130 4939 eisdem
1161 4879 1262 4957 judice
1291 4886 1321 4937 et
1351 4877 1385 4955 ju
