3278 5348
619 452 693 509 Doc.
710 462 784 526 325.
809 482 851 492 —
875 451 931 509 An.
956 447 1046 528 1481.
1397 471 1460 532 4¹3

196 669 379 728 earumdem
411 667 580 740 existendo,
604 673 728 740 tempus
751 667 988 740 prescripcionis
1011 667 1215 725 ecclesiastice
1238 669 1357 742 dudum
1380 687 1464 730 com·

196 775 333 850 plevisse
356 781 386 832 et
417 773 666 845 transscendisse,
697 772 837 846 prefatus
868 778 1050 847 procurator
1074 773 1148 846 dicti
1179 774 1298 836 domini
1322 779 1462 852 episcopi

195 882 301 941 nullas
316 882 436 940 litteras
452 880 674 956 prohibitorias
697 884 750 937 aut
766 879 843 937 alias
867 880 930 937 litis
946 880 1120 938 mocionem
1144 880 1332 955 denotantes,
1349 885 1463 957 quibus

193 989 459 1064 prescripcionem
481 986 612 1045 eandem
635 1001 782 1061 rumpere
797 987 948 1060 potuisset
968 987 1115 1045 exhibere
1131 987 1275 1060 valuisse,
1293 1004 1331 1048 ex
1355 1004 1462 1064 preer-

194 1095 367 1154 hibitarum
397 1094 575 1152 litterarum
605 1091 812 1150 antefatorum
843 1091 1041 1151 dominorum
1071 1093 1253 1167 Eberhardi,
1287 1096 1409 1155 Andree
1432 1102 1462 1155 et

193 1201 344 1285 Johannis
368 1201 588 1274 episcoporum
604 1214 641 1256 ac
655 1204 832 1256 nostrorum
852 1196 1054 1257 affirmatorie
1070 1199 1229 1257 tenoribus
1246 1201 1330 1259 clare
1346 1208 1376 1260 et
1398 1219 1463 1260 ma·

194 1299 303 1365 niseste
334 1306 577 1381 reperiebantur,
613 1303 849 1379 propterquod
879 1310 1016 1378 pretacte
1046 1311 1127 1363 terre
1146 1306 1280 1364 arabiles
1303 1311 1334 1366 et
1356 1307 1462 1367 senilia

193 1414 314 1487 absque
336 1414 422 1472 omni
445 1412 591 1471 decimali
614 1418 642 1470 et
659 1411 720 1470 alia
744 1410 885 1485 qualibet
907 1412 1064 1470 solucione
1088 1412 1217 1487 prefatis
1242 1413 1375 1472 dominis
1391 1430 1461 1488 pre·

192 1519 352 1579 bendariis
373 1524 403 1577 et
433 1518 581 1576 altaristis
604 1533 686 1575 nunc
715 1518 889 1575 constitutis
918 1524 947 1576 et
971 1516 1165 1577 infuturum
1188 1519 1408 1579 constituendis
1430 1521 1462 1581 in

193 1634 382 1702 perpetuum
413 1624 620 1684 readiudicari
651 1629 681 1683 et
711 1625 845 1698 relinqui
875 1624 1005 1694 debere;
1029 1626 1088 1698 ipsi
1112 1640 1236 1698 quoque
1260 1627 1461 1700 prebendarii

192 1732 307 1791 amodo
331 1732 476 1805 deinceps
510 1731 614 1789 nullas
645 1736 744 1789 terras
774 1736 805 1789 et
836 1729 942 1788 senilia
973 1746 1010 1787 ac
1043 1732 1121 1789 alias
1144 1732 1330 1791 hereditates
1353 1748 1370 1790 a
1394 1734 1461 1807 qui·

192 1840 388 1912 buscumque
403 1837 582 1896 hominibus
598 1837 672 1895 dicti
696 1837 892 1911 episcopatus
908 1838 1026 1910 absque
1038 1852 1186 1896 consensu
1210 1844 1240 1896 et
1256 1839 1460 1911 permissione

194 1945 269 2004 dicti
293 1944 412 2003 domini
442 1944 581 2002 Oswaldi
603 1944 742 2018 episcopi
766 1957 963 2017 quocumque
986 1944 1078 2002 titulo
1102 1945 1244 2002 obtentas
1267 1949 1298 2002 et
1321 1951 1460 2018 receptas

193 2066 231 2110 ac
253 2052 297 2110 eis
320 2050 438 2108 dandas
461 2056 491 2108 et
514 2044 661 2124 legandas
684 2051 783 2122 aliter,
806 2050 865 2108 nisi
889 2065 960 2107 cum
983 2050 1122 2109 serviciis
1145 2056 1174 2108 et
1194 2050 1406 2109 solucionibus
1422 2050 1460 2109 de

192 2157 312 2216 eisdem
335 2156 412 2215 fisco
433 2157 604 2232 episcopali
627 2157 891 2230 provenientibus,
908 2163 1010 2214 tenere
1034 2172 1124 2230 posse
1140 2163 1170 2215 et
1186 2157 1300 2227 valere,
1315 2157 1407 2215 nobis
1423 2172 1459 2215 ac

189 2264 299 2324 ceteris
334 2263 468 2322 dominis
501 2264 638 2337 prelatis,
674 2263 844 2322 baronibus
879 2272 909 2321 et
932 2265 1019 2337 regni
1049 2264 1217 2335 nobilibus,
1241 2264 1459 2337 magistrisque

191 2370 436 2446 prothonotariis
471 2384 506 2427 ac
539 2367 648 2446 juratis
673 2370 881 2428 assessoribus
914 2371 1211 2428 nostrisnobiscum
1236 2367 1403 2445 injudicio
1426 2376 1457 2428 et

191 2477 335 2535 examine
358 2491 448 2534 cause
460 2477 611 2550 premisse
634 2476 837 2534 existentibus
860 2482 890 2534 et
912 2475 1078 2549 superinde
1102 2476 1222 2533 diucius
1245 2477 1456 2548 tractantibus

190 2583 424 2656 agnoscebatur.
448 2582 508 2640 Pro
531 2597 568 2640 eo
591 2580 775 2640 eorumdem
797 2583 997 2640 dominorum
1021 2583 1222 2656 prelatorum,
1248 2583 1400 2640 baronum
1425 2588 1455 2641 et

189 2689 278 2761 regni
293 2688 457 2759 nobilium,
474 2689 758 2761 magistrorumque
776 2690 1083 2763 prothonotariorum
1101 2704 1137 2747 ac
1151 2687 1323 2764 juratorum
1336 2696 1458 2747 nostro·

188 2811 260 2853 rum
293 2810 485 2853 assessorum
520 2795 641 2868 quesito
676 2800 706 2852 et
741 2802 903 2869 assumpto
927 2796 1094 2868 superinde
1117 2796 1250 2853 consilio
1275 2803 1457 2869 prematuro

188 2907 343 2976 pretactas
366 2908 464 2959 terras
487 2901 622 2959 arabiles
645 2908 675 2958 et
699 2899 805 2959 senilia
830 2902 972 2974 superius
996 2901 1180 2958 nominatim
1214 2901 1404 2973 conscriptas
1428 2906 1458 2957 et

187 3007 351 3077 declarata,
375 3022 493 3065 necnon
518 3006 623 3065 vineas
647 3008 678 3064 in
703 3007 903 3081 preallegatis
927 3007 1038 3065 litteris
1055 3006 1210 3064 dictorum
1235 3006 1457 3079 episcoporum

186 3112 380 3188 specificatae
403 3119 434 3170 et
456 3120 613 3171 contentas
637 3112 765 3187 prefatis
779 3112 993 3187 prebendariis
1009 3120 1038 3170 et
1062 3112 1209 3170 altaristis
1233 3127 1291 3186 pro
1314 3119 1456 3184 tempore

187 3219 362 3277 constitutis
385 3233 421 3276 ac
443 3219 584 3292 ipsorum
609 3219 670 3277 aris
694 3219 865 3291 prenotatis
889 3219 920 3275 in
944 3218 1025 3276 dicta
1050 3217 1178 3276 ecclesia
1201 3219 1457 3291 zagrabiensiha·

188 3325 263 3383 bitis
286 3331 317 3383 et
348 3325 532 3384 constructis
568 3323 635 3400 jure
651 3325 783 3399 pristino
806 3325 850 3383 eis
874 3340 912 3382 ex
935 3325 1095 3398 premissis
1118 3324 1309 3382 incumbenti
1332 3325 1364 3382 in
1387 3340 1457 3398 per·

188 3438 320 3506 petuum
351 3430 596 3489 readiudicantes
630 3431 837 3505 relinquimus
868 3437 898 3488 et
921 3432 1136 3489 commisimus
1159 3437 1269 3501 tenere,
1293 3430 1453 3505 possidere

184 3543 216 3597 et
239 3538 356 3595 habere
380 3538 564 3596 auctoritate
586 3543 691 3597 nostra
714 3537 874 3596 iudiciaria
897 3537 1061 3610 mediante,
1087 3539 1174 3595 salvo
1198 3536 1265 3612 jure
1289 3539 1398 3596 alieno.
1418 3537 1454 3595 ln

184 3644 273 3702 cuius
296 3645 340 3702 rei
372 3644 566 3715 memoriam,
589 3643 833 3718 firmitatemque
865 3651 1048 3718 perpetuam
1082 3649 1237 3717 presentes
1262 3644 1380 3702 litteras
1402 3659 1456 3701 no·

183 3757 263 3808 atras
287 3750 500 3824 privilegiales
524 3751 725 3825 pendentium
748 3752 976 3837 autenticorum
996 3751 1174 3822 sigillorum
1191 3758 1368 3807 nostrorum
1383 3764 1450 3807 mu·

182 3857 301 3914 nimine
318 3857 487 3928 roboratas,
504 3857 619 3915 eisdem
636 3856 852 3931 prebendariis
868 3863 898 3914 et
911 3857 973 3914 aris
989 3871 1098 3913 eorum
1122 3856 1291 3929 prenotatis
1307 3854 1455 3912 duximus

184 3960 404 4020 concedendas.
435 3962 552 4021 Datum
577 3964 729 4036 vigesimo
752 3964 885 4037 septimo
910 3962 959 4020 die
983 3962 1234 4033 congregacionis
1258 3967 1363 4018 nostre
1387 3976 1456 4033 pre-

183 4068 265 4127 dicte
294 4070 325 4127 in
360 4069 430 4127 loco
465 4079 647 4128 memorato.
684 4073 773 4129 Anno
796 4070 914 4128 domini
948 4068 1119 4127 millesimo
1148 4065 1453 4139 quadringentesimo

185 4177 396 4249 octuagesimo
421 4178 532 4251 primo.

287 4401 311 4450 E
330 4408 492 4467 transumpto
516 4418 581 4450 saec.
607 4402 687 4454 XVI.
706 4402 738 4450 In
757 4400 861 4450 archivo
880 4415 937 4451 ven.
958 4399 1065 4464 capituli
1085 4399 1178 4464 zagrab
1205 4399 1266 4448 sasc.
1288 4408 1328 4460 31.
1348 4412 1386 4449 nr.
1409 4408 1442 4460 30
