<?xml version="1.0" encoding="UTF-8"?>
<!DOCTYPE html PUBLIC "-//W3C//DTD XHTML 1.0 Transitional//EN"
    "http://www.w3.org/TR/xhtml1/DTD/xhtml1-transitional.dtd">
<html xmlns="http://www.w3.org/1999/xhtml" xml:lang="en" lang="en">
 <head>
  <title>
</title>
<meta http-equiv="Content-Type" content="text/html;charset=utf-8" />
  <meta name='ocr-system' content='tesseract 3.04.00' />
  <meta name='ocr-capabilities' content='ocr_page ocr_carea ocr_par ocr_line ocrx_word'/>
</head>
<body>
  <div class='ocr_page' id='page_1' title='image "./monumentahistor01laszgoog_0489.png"; bbox 0 0 3278 5348; ppageno 0'>
   <div class='ocr_carea' id='block_1_1' title="bbox 176 429 1452 4977">
    <p class='ocr_par' dir='ltr' id='par_1_1' title="bbox 176 429 1452 4977">
     <span class='ocr_line' id='line_1_1' title="bbox 605 429 1443 511; baseline -0.001 -19"><span class='ocrx_word' id='word_1_1' title='bbox 605 434 679 496; x_wconf 88' lang='lat' dir='ltr'>Doc.</span> <span class='ocrx_word' id='word_1_2' title='bbox 702 429 771 492; x_wconf 78' lang='lat'><em>162.</em></span> <span class='ocrx_word' id='word_1_3' title='bbox 797 466 837 477; x_wconf 93' lang='lat'><em>-</em></span> <span class='ocrx_word' id='word_1_4' title='bbox 857 433 913 492; x_wconf 89' lang='lat' dir='ltr'>An.</span> <span class='ocrx_word' id='word_1_5' title='bbox 938 445 1025 511; x_wconf 72' lang='lat'><em>1452.</em></span> <span class='ocrx_word' id='word_1_6' title='bbox 1387 450 1443 492; x_wconf 84' lang='lat' dir='ltr'>aar</span> 
     </span>
     <span class='ocr_line' id='line_1_2' title="bbox 183 624 1449 723; baseline -0.001 -15"><span class='ocrx_word' id='word_1_7' title='bbox 183 658 294 722; x_wconf 82' lang='lat' dir='ltr'>tomm,</span> <span class='ocrx_word' id='word_1_8' title='bbox 319 656 556 723; x_wconf 89' lang='lat' dir='ltr'>ceterarumque</span> <span class='ocrx_word' id='word_1_9' title='bbox 578 665 685 709; x_wconf 87' lang='lat' dir='ltr'>rerum</span> <span class='ocrx_word' id='word_1_10' title='bbox 715 657 746 708; x_wconf 90' lang='lat' dir='ltr'>et</span> <span class='ocrx_word' id='word_1_11' title='bbox 769 650 923 708; x_wconf 92' lang='lat' dir='ltr'>bonorum</span> <span class='ocrx_word' id='word_1_12' title='bbox 958 624 1131 721; x_wconf 86' lang='lat' dir='ltr'>utriusque</span> <span class='ocrx_word' id='word_1_13' title='bbox 1154 664 1245 706; x_wconf 83' lang='lat' dir='ltr'>sexus</span> <span class='ocrx_word' id='word_1_14' title='bbox 1277 649 1449 720; x_wconf 90' lang='lat' dir='ltr'>hominum,</span> 
     </span>
     <span class='ocr_line' id='line_1_3' title="bbox 182 753 1449 831; baseline -0.002 -16"><span class='ocrx_word' id='word_1_15' title='bbox 182 757 220 814; x_wconf 89' lang='lat' dir='ltr'>ab</span> <span class='ocrx_word' id='word_1_16' title='bbox 235 758 296 815; x_wconf 93' lang='lat' dir='ltr'>hac</span> <span class='ocrx_word' id='word_1_17' title='bbox 312 756 383 815; x_wconf 91' lang='lat' dir='ltr'>luce</span> <span class='ocrx_word' id='word_1_18' title='bbox 400 757 433 815; x_wconf 95' lang='lat' dir='ltr'>in</span> <span class='ocrx_word' id='word_1_19' title='bbox 448 757 516 831; x_wconf 94' lang='lat' dir='ltr'>ipsa</span> <span class='ocrx_word' id='word_1_20' title='bbox 538 757 663 815; x_wconf 90' lang='lat' dir='ltr'>civitate</span> <span class='ocrx_word' id='word_1_21' title='bbox 680 756 792 815; x_wconf 87' lang='lat' dir='ltr'>montis</span> <span class='ocrx_word' id='word_1_22' title='bbox 816 754 978 813; x_wconf 85' lang='lat' dir='ltr'>Greceusis</span> <span class='ocrx_word' id='word_1_23' title='bbox 1001 753 1227 825; x_wconf 72' lang='lat' dir='ltr'>decedendum,</span> <span class='ocrx_word' id='word_1_24' title='bbox 1252 762 1358 813; x_wconf 89' lang='lat' dir='ltr'>contra</span> <span class='ocrx_word' id='word_1_25' title='bbox 1380 771 1449 829; x_wconf 88' lang='lat' dir='ltr'>pre·</span> 
     </span>
     <span class='ocr_line' id='line_1_4' title="bbox 182 861 1451 936; baseline 0.001 -16"><span class='ocrx_word' id='word_1_26' title='bbox 182 861 282 921; x_wconf 90' lang='lat' dir='ltr'>fatum</span> <span class='ocrx_word' id='word_1_27' title='bbox 317 862 481 921; x_wconf 90' lang='lat' dir='ltr'>dominum</span> <span class='ocrx_word' id='word_1_28' title='bbox 504 863 654 921; x_wconf 87' lang='lat' dir='ltr'>Mathiam</span> <span class='ocrx_word' id='word_1_29' title='bbox 677 863 834 935; x_wconf 83' lang='lat' dir='ltr'>abbatem,</span> <span class='ocrx_word' id='word_1_30' title='bbox 857 877 975 920; x_wconf 84' lang='lat' dir='ltr'>necnon</span> <span class='ocrx_word' id='word_1_31' title='bbox 991 869 1090 920; x_wconf 91' lang='lat' dir='ltr'>totum</span> <span class='ocrx_word' id='word_1_32' title='bbox 1113 866 1297 920; x_wconf 89' lang='lat' dir='ltr'>conventum</span> <span class='ocrx_word' id='word_1_33' title='bbox 1321 862 1451 936; x_wconf 76' lang='lat' dir='ltr'>predicti</span> 
     </span>
     <span class='ocr_line' id='line_1_5' title="bbox 182 967 1450 1042; baseline 0.001 -16"><span class='ocrx_word' id='word_1_34' title='bbox 182 969 363 1027; x_wconf 89' lang='lat' dir='ltr'>monasterii</span> <span class='ocrx_word' id='word_1_35' title='bbox 387 970 476 1027; x_wconf 91' lang='lat' dir='ltr'>beate</span> <span class='ocrx_word' id='word_1_36' title='bbox 506 969 603 1027; x_wconf 89' lang='lat' dir='ltr'>Marie</span> <span class='ocrx_word' id='word_1_37' title='bbox 627 969 755 1042; x_wconf 91' lang='lat' dir='ltr'>virginis</span> <span class='ocrx_word' id='word_1_38' title='bbox 771 974 801 1026; x_wconf 93' lang='lat' dir='ltr'>et</span> <span class='ocrx_word' id='word_1_39' title='bbox 817 968 927 1027; x_wconf 88' lang='lat' dir='ltr'>fratres</span> <span class='ocrx_word' id='word_1_40' title='bbox 942 967 1090 1040; x_wconf 90' lang='lat' dir='ltr'>eiusdem,</span> <span class='ocrx_word' id='word_1_41' title='bbox 1114 983 1231 1026; x_wconf 83' lang='lat' dir='ltr'>necnon</span> <span class='ocrx_word' id='word_1_42' title='bbox 1248 967 1368 1026; x_wconf 88' lang='lat' dir='ltr'>futuros</span> <span class='ocrx_word' id='word_1_43' title='bbox 1384 970 1450 1027; x_wconf 93' lang='lat' dir='ltr'>uni·</span> 
     </span>
     <span class='ocr_line' id='line_1_6' title="bbox 181 1073 1449 1149; baseline 0.001 -17"><span class='ocrx_word' id='word_1_44' title='bbox 181 1090 289 1133; x_wconf 88' lang='lat' dir='ltr'>versos</span> <span class='ocrx_word' id='word_1_45' title='bbox 324 1075 464 1134; x_wconf 93' lang='lat' dir='ltr'>eiusdem</span> <span class='ocrx_word' id='word_1_46' title='bbox 500 1076 677 1134; x_wconf 88' lang='lat' dir='ltr'>monasterii</span> <span class='ocrx_word' id='word_1_47' title='bbox 700 1075 838 1145; x_wconf 86' lang='lat' dir='ltr'>abbates,</span> <span class='ocrx_word' id='word_1_48' title='bbox 861 1075 893 1133; x_wconf 93' lang='lat' dir='ltr'>in</span> <span class='ocrx_word' id='word_1_49' title='bbox 916 1089 962 1146; x_wconf 92' lang='lat' dir='ltr'>eo,</span> <span class='ocrx_word' id='word_1_50' title='bbox 986 1073 1070 1147; x_wconf 93' lang='lat' dir='ltr'>quod</span> <span class='ocrx_word' id='word_1_51' title='bbox 1093 1075 1159 1149; x_wconf 89' lang='lat' dir='ltr'>ipse</span> <span class='ocrx_word' id='word_1_52' title='bbox 1183 1073 1328 1132; x_wconf 91' lang='lat' dir='ltr'>dominus</span> <span class='ocrx_word' id='word_1_53' title='bbox 1350 1076 1449 1149; x_wconf 89' lang='lat' dir='ltr'>abbas</span> 
     </span>
     <span class='ocr_line' id='line_1_7' title="bbox 180 1179 1450 1254; baseline -0.001 -14"><span class='ocrx_word' id='word_1_54' title='bbox 180 1182 352 1241; x_wconf 92' lang='lat' dir='ltr'>modernus</span> <span class='ocrx_word' id='word_1_55' title='bbox 375 1190 405 1240; x_wconf 93' lang='lat' dir='ltr'>et</span> <span class='ocrx_word' id='word_1_56' title='bbox 439 1182 536 1240; x_wconf 89' lang='lat' dir='ltr'>futuri</span> <span class='ocrx_word' id='word_1_57' title='bbox 558 1183 687 1242; x_wconf 85' lang='lat' dir='ltr'>abbates</span> <span class='ocrx_word' id='word_1_58' title='bbox 711 1181 786 1239; x_wconf 88' lang='lat' dir='ltr'>dicti</span> <span class='ocrx_word' id='word_1_59' title='bbox 808 1181 987 1238; x_wconf 92' lang='lat' dir='ltr'>monasterii</span> <span class='ocrx_word' id='word_1_60' title='bbox 1021 1179 1059 1238; x_wconf 94' lang='lat' dir='ltr'>de</span> <span class='ocrx_word' id='word_1_61' title='bbox 1084 1181 1235 1238; x_wconf 88' lang='lat' dir='ltr'>universis</span> <span class='ocrx_word' id='word_1_62' title='bbox 1267 1185 1297 1238; x_wconf 92' lang='lat' dir='ltr'>et</span> <span class='ocrx_word' id='word_1_63' title='bbox 1320 1181 1450 1254; x_wconf 90' lang='lat' dir='ltr'>singulis</span> 
     </span>
     <span class='ocr_line' id='line_1_8' title="bbox 182 1286 1450 1370; baseline 0.001 -25"><span class='ocrx_word' id='word_1_64' title='bbox 182 1288 433 1370; x_wconf 88' lang='lat' dir='ltr'>quibuscumque</span> <span class='ocrx_word' id='word_1_65' title='bbox 456 1288 550 1346; x_wconf 92' lang='lat' dir='ltr'>rebus</span> <span class='ocrx_word' id='word_1_66' title='bbox 574 1295 639 1346; x_wconf 88' lang='lat' dir='ltr'>tam</span> <span class='ocrx_word' id='word_1_67' title='bbox 663 1287 857 1345; x_wconf 88' lang='lat' dir='ltr'>funeralibus</span> <span class='ocrx_word' id='word_1_68' title='bbox 881 1302 976 1360; x_wconf 90' lang='lat' dir='ltr'>quam</span> <span class='ocrx_word' id='word_1_69' title='bbox 1000 1286 1038 1344; x_wconf 95' lang='lat' dir='ltr'>de</span> <span class='ocrx_word' id='word_1_70' title='bbox 1063 1287 1133 1344; x_wconf 91' lang='lat' dir='ltr'>aliis</span> <span class='ocrx_word' id='word_1_71' title='bbox 1156 1286 1450 1361; x_wconf 88' lang='lat' dir='ltr'>quomodocumque</span> 
     </span>
     <span class='ocr_line' id='line_1_9' title="bbox 185 1392 1450 1468; baseline 0.002 -17"><span class='ocrx_word' id='word_1_72' title='bbox 185 1394 324 1453; x_wconf 87' lang='lat' dir='ltr'>dimissis</span> <span class='ocrx_word' id='word_1_73' title='bbox 346 1402 400 1452; x_wconf 92' lang='lat' dir='ltr'>aut</span> <span class='ocrx_word' id='word_1_74' title='bbox 423 1394 545 1453; x_wconf 91' lang='lat' dir='ltr'>donatis</span> <span class='ocrx_word' id='word_1_75' title='bbox 568 1409 625 1468; x_wconf 90' lang='lat' dir='ltr'>per</span> <span class='ocrx_word' id='word_1_76' title='bbox 649 1393 869 1468; x_wconf 85' lang='lat' dir='ltr'>parrochianos</span> <span class='ocrx_word' id='word_1_77' title='bbox 891 1409 943 1450; x_wconf 92' lang='lat' dir='ltr'>seu</span> <span class='ocrx_word' id='word_1_78' title='bbox 980 1392 1160 1466; x_wconf 90' lang='lat' dir='ltr'>plebizanos</span> <span class='ocrx_word' id='word_1_79' title='bbox 1192 1392 1307 1466; x_wconf 89' lang='lat' dir='ltr'>prefati</span> <span class='ocrx_word' id='word_1_80' title='bbox 1330 1393 1450 1453; x_wconf 91' lang='lat' dir='ltr'>domini</span> 
     </span>
     <span class='ocr_line' id='line_1_10' title="bbox 183 1497 1450 1576; baseline 0 -18"><span class='ocrx_word' id='word_1_81' title='bbox 183 1501 306 1560; x_wconf 80' lang='lat' dir='ltr'>Nicolai</span> <span class='ocrx_word' id='word_1_82' title='bbox 331 1502 458 1576; x_wconf 87' lang='lat' dir='ltr'>plebani</span> <span class='ocrx_word' id='word_1_83' title='bbox 484 1501 624 1576; x_wconf 86' lang='lat' dir='ltr'>predicte</span> <span class='ocrx_word' id='word_1_84' title='bbox 647 1501 775 1559; x_wconf 91' lang='lat' dir='ltr'>ecclesie</span> <span class='ocrx_word' id='word_1_85' title='bbox 798 1499 894 1558; x_wconf 91' lang='lat' dir='ltr'>sancti</span> <span class='ocrx_word' id='word_1_86' title='bbox 916 1499 1013 1556; x_wconf 87' lang='lat' dir='ltr'>Marci</span> <span class='ocrx_word' id='word_1_87' title='bbox 1037 1498 1075 1555; x_wconf 93' lang='lat' dir='ltr'>de</span> <span class='ocrx_word' id='word_1_88' title='bbox 1099 1497 1181 1556; x_wconf 92' lang='lat' dir='ltr'>dicto</span> <span class='ocrx_word' id='word_1_89' title='bbox 1216 1504 1321 1557; x_wconf 90' lang='lat' dir='ltr'>monte</span> <span class='ocrx_word' id='word_1_90' title='bbox 1344 1499 1450 1573; x_wconf 89' lang='lat' dir='ltr'>Grecz,</span> 
     </span>
     <span class='ocr_line' id='line_1_11' title="bbox 185 1604 1449 1680; baseline 0.001 -15"><span class='ocrx_word' id='word_1_91' title='bbox 185 1607 270 1665; x_wconf 89' lang='lat' dir='ltr'>cives</span> <span class='ocrx_word' id='word_1_92' title='bbox 294 1607 441 1665; x_wconf 92' lang='lat' dir='ltr'>videlicet</span> <span class='ocrx_word' id='word_1_93' title='bbox 463 1607 597 1666; x_wconf 86' lang='lat' dir='ltr'>civitatis</span> <span class='ocrx_word' id='word_1_94' title='bbox 620 1606 759 1665; x_wconf 91' lang='lat' dir='ltr'>eiusdem</span> <span class='ocrx_word' id='word_1_95' title='bbox 783 1606 897 1664; x_wconf 92' lang='lat' dir='ltr'>montis</span> <span class='ocrx_word' id='word_1_96' title='bbox 920 1604 1082 1663; x_wconf 89' lang='lat' dir='ltr'>Greceusis</span> <span class='ocrx_word' id='word_1_97' title='bbox 1100 1605 1138 1662; x_wconf 92' lang='lat' dir='ltr'>de</span> <span class='ocrx_word' id='word_1_98' title='bbox 1154 1605 1240 1663; x_wconf 85' lang='lat' dir='ltr'>iuxta</span> <span class='ocrx_word' id='word_1_99' title='bbox 1256 1605 1449 1680; x_wconf 85' lang='lat' dir='ltr'>Zagrabiam,</span> 
     </span>
     <span class='ocr_line' id='line_1_12' title="bbox 185 1711 1450 1787; baseline 0.002 -17"><span class='ocrx_word' id='word_1_100' title='bbox 185 1713 297 1785; x_wconf 90' lang='lat' dir='ltr'>quiin</span> <span class='ocrx_word' id='word_1_101' title='bbox 328 1714 391 1770; x_wconf 89' lang='lat' dir='ltr'>suis</span> <span class='ocrx_word' id='word_1_102' title='bbox 425 1713 572 1772; x_wconf 80' lang='lat' dir='ltr'>extremis</span> <span class='ocrx_word' id='word_1_103' title='bbox 605 1729 659 1771; x_wconf 92' lang='lat' dir='ltr'>seu</span> <span class='ocrx_word' id='word_1_104' title='bbox 692 1712 812 1771; x_wconf 90' lang='lat' dir='ltr'>ultimis</span> <span class='ocrx_word' id='word_1_105' title='bbox 846 1711 1060 1770; x_wconf 89' lang='lat' dir='ltr'>voluntatibus</span> <span class='ocrx_word' id='word_1_106' title='bbox 1095 1712 1388 1787; x_wconf 90' lang='lat' dir='ltr'>quomodocumque</span> <span class='ocrx_word' id='word_1_107' title='bbox 1421 1724 1450 1773; x_wconf 96' lang='lat' dir='ltr'>et</span> 
     </span>
     <span class='ocr_line' id='line_1_13' title="bbox 184 1819 1451 1895; baseline 0.003 -19"><span class='ocrx_word' id='word_1_108' title='bbox 184 1819 454 1893; x_wconf 87' lang='lat' dir='ltr'>qualitercumque</span> <span class='ocrx_word' id='word_1_109' title='bbox 477 1821 538 1895; x_wconf 90' lang='lat' dir='ltr'>ipsi</span> <span class='ocrx_word' id='word_1_110' title='bbox 554 1819 681 1878; x_wconf 92' lang='lat' dir='ltr'>domino</span> <span class='ocrx_word' id='word_1_111' title='bbox 709 1820 823 1877; x_wconf 89' lang='lat' dir='ltr'>Mathie</span> <span class='ocrx_word' id='word_1_112' title='bbox 839 1819 946 1876; x_wconf 91' lang='lat' dir='ltr'>abbati</span> <span class='ocrx_word' id='word_1_113' title='bbox 959 1831 1017 1891; x_wconf 93' lang='lat' dir='ltr'>pro</span> <span class='ocrx_word' id='word_1_114' title='bbox 1031 1834 1112 1874; x_wconf 91' lang='lat' dir='ltr'>nunc</span> <span class='ocrx_word' id='word_1_115' title='bbox 1127 1819 1269 1877; x_wconf 86' lang='lat' dir='ltr'>existenti</span> <span class='ocrx_word' id='word_1_116' title='bbox 1293 1825 1322 1877; x_wconf 91' lang='lat' dir='ltr'>et</span> <span class='ocrx_word' id='word_1_117' title='bbox 1339 1819 1451 1880; x_wconf 89' lang='lat' dir='ltr'>futuris</span> 
     </span>
     <span class='ocr_line' id='line_1_14' title="bbox 186 1924 1450 1997; baseline 0.002 -15"><span class='ocrx_word' id='word_1_118' title='bbox 186 1925 356 1984; x_wconf 87' lang='lat' dir='ltr'>abbatibus</span> <span class='ocrx_word' id='word_1_119' title='bbox 378 1927 410 1983; x_wconf 94' lang='lat' dir='ltr'>in</span> <span class='ocrx_word' id='word_1_120' title='bbox 432 1924 543 1984; x_wconf 89' lang='lat' dir='ltr'>ecdem</span> <span class='ocrx_word' id='word_1_121' title='bbox 566 1926 754 1984; x_wconf 91' lang='lat' dir='ltr'>monasterio</span> <span class='ocrx_word' id='word_1_122' title='bbox 786 1925 970 1997; x_wconf 88' lang='lat' dir='ltr'>degentibus</span> <span class='ocrx_word' id='word_1_123' title='bbox 994 1924 1167 1996; x_wconf 86' lang='lat' dir='ltr'>legaverint</span> <span class='ocrx_word' id='word_1_124' title='bbox 1190 1931 1219 1982; x_wconf 91' lang='lat' dir='ltr'>et</span> <span class='ocrx_word' id='word_1_125' title='bbox 1255 1932 1450 1985; x_wconf 87' lang='lat' dir='ltr'>testamenta·</span> 
     </span>
     <span class='ocr_line' id='line_1_15' title="bbox 184 2030 1451 2105; baseline 0.002 -16"><span class='ocrx_word' id='word_1_126' title='bbox 184 2031 256 2091; x_wconf 92' lang='lat' dir='ltr'>liter</span> <span class='ocrx_word' id='word_1_127' title='bbox 279 2031 462 2098; x_wconf 83' lang='lat' dir='ltr'>dimiserint.</span> <span class='ocrx_word' id='word_1_128' title='bbox 486 2038 516 2090; x_wconf 91' lang='lat' dir='ltr'>et</span> <span class='ocrx_word' id='word_1_129' title='bbox 539 2033 724 2105; x_wconf 84' lang='lat' dir='ltr'>generaliter</span> <span class='ocrx_word' id='word_1_130' title='bbox 760 2031 798 2089; x_wconf 91' lang='lat' dir='ltr'>de</span> <span class='ocrx_word' id='word_1_131' title='bbox 821 2031 938 2087; x_wconf 91' lang='lat' dir='ltr'>cunctis</span> <span class='ocrx_word' id='word_1_132' title='bbox 962 2030 1215 2101; x_wconf 90' lang='lat' dir='ltr'>obvencionibus,</span> <span class='ocrx_word' id='word_1_133' title='bbox 1239 2030 1451 2104; x_wconf 89' lang='lat' dir='ltr'>legacionibus</span> 
     </span>
     <span class='ocr_line' id='line_1_16' title="bbox 184 2136 1451 2213; baseline 0.003 -19"><span class='ocrx_word' id='word_1_134' title='bbox 184 2138 422 2196; x_wconf 88' lang='lat' dir='ltr'>testamentariis</span> <span class='ocrx_word' id='word_1_135' title='bbox 446 2139 696 2212; x_wconf 91' lang='lat' dir='ltr'>quibuscumque</span> <span class='ocrx_word' id='word_1_136' title='bbox 730 2145 760 2194; x_wconf 91' lang='lat' dir='ltr'>et</span> <span class='ocrx_word' id='word_1_137' title='bbox 794 2136 1063 2210; x_wconf 90' lang='lat' dir='ltr'>qualitercumque</span> <span class='ocrx_word' id='word_1_138' title='bbox 1097 2142 1127 2194; x_wconf 89' lang='lat' dir='ltr'>et</span> <span class='ocrx_word' id='word_1_139' title='bbox 1158 2137 1451 2213; x_wconf 89' lang='lat' dir='ltr'>quomodocumque</span> 
     </span>
     <span class='ocr_line' id='line_1_17' title="bbox 176 2243 1451 2318; baseline 0.003 -17"><span class='ocrx_word' id='word_1_140' title='bbox 176 2243 222 2302; x_wconf 85' lang='lat' dir='ltr'>ad</span> <span class='ocrx_word' id='word_1_141' title='bbox 246 2258 461 2317; x_wconf 88' lang='lat' dir='ltr'>quoscumque</span> <span class='ocrx_word' id='word_1_142' title='bbox 484 2259 558 2301; x_wconf 92' lang='lat' dir='ltr'>usus</span> <span class='ocrx_word' id='word_1_143' title='bbox 589 2244 707 2302; x_wconf 90' lang='lat' dir='ltr'>invita</span> <span class='ocrx_word' id='word_1_144' title='bbox 730 2243 839 2302; x_wconf 86' lang='lat' dir='ltr'>settin</span> <span class='ocrx_word' id='word_1_145' title='bbox 863 2243 971 2300; x_wconf 89' lang='lat' dir='ltr'>mortis</span> <span class='ocrx_word' id='word_1_146' title='bbox 1006 2243 1137 2300; x_wconf 90' lang='lat' dir='ltr'>articulo</span> <span class='ocrx_word' id='word_1_147' title='bbox 1176 2243 1264 2315; x_wconf 89' lang='lat' dir='ltr'>datis,</span> <span class='ocrx_word' id='word_1_148' title='bbox 1287 2244 1397 2318; x_wconf 92' lang='lat' dir='ltr'>legatis</span> <span class='ocrx_word' id='word_1_149' title='bbox 1421 2254 1451 2304; x_wconf 92' lang='lat' dir='ltr'>et</span> 
     </span>
     <span class='ocr_line' id='line_1_18' title="bbox 183 2348 1450 2423; baseline 0.003 -16"><span class='ocrx_word' id='word_1_150' title='bbox 183 2349 329 2421; x_wconf 91' lang='lat' dir='ltr'>dimissis,</span> <span class='ocrx_word' id='word_1_151' title='bbox 352 2350 412 2423; x_wconf 93' lang='lat' dir='ltr'>ipsi</span> <span class='ocrx_word' id='word_1_152' title='bbox 435 2349 553 2408; x_wconf 90' lang='lat' dir='ltr'>domini</span> <span class='ocrx_word' id='word_1_153' title='bbox 576 2350 706 2408; x_wconf 92' lang='lat' dir='ltr'>abbates</span> <span class='ocrx_word' id='word_1_154' title='bbox 726 2350 893 2407; x_wconf 90' lang='lat' dir='ltr'>modernus</span> <span class='ocrx_word' id='word_1_155' title='bbox 909 2356 940 2406; x_wconf 90' lang='lat' dir='ltr'>et</span> <span class='ocrx_word' id='word_1_156' title='bbox 962 2348 1058 2406; x_wconf 90' lang='lat' dir='ltr'>futuri</span> <span class='ocrx_word' id='word_1_157' title='bbox 1073 2350 1253 2423; x_wconf 90' lang='lat' dir='ltr'>porcionem</span> <span class='ocrx_word' id='word_1_158' title='bbox 1272 2354 1450 2410; x_wconf 90' lang='lat' dir='ltr'>canonicam</span> 
     </span>
     <span class='ocr_line' id='line_1_19' title="bbox 184 2454 1450 2532; baseline 0.002 -17"><span class='ocrx_word' id='word_1_159' title='bbox 184 2472 237 2515; x_wconf 85' lang='lat' dir='ltr'>seu</span> <span class='ocrx_word' id='word_1_160' title='bbox 262 2462 407 2530; x_wconf 89' lang='lat' dir='ltr'>quartam</span> <span class='ocrx_word' id='word_1_161' title='bbox 442 2454 565 2530; x_wconf 90' lang='lat' dir='ltr'>prefato</span> <span class='ocrx_word' id='word_1_162' title='bbox 588 2455 714 2514; x_wconf 86' lang='lat' dir='ltr'>domino</span> <span class='ocrx_word' id='word_1_163' title='bbox 750 2455 880 2514; x_wconf 89' lang='lat' dir='ltr'>Nicolao</span> <span class='ocrx_word' id='word_1_164' title='bbox 913 2454 1064 2513; x_wconf 90' lang='lat' dir='ltr'>moderno</span> <span class='ocrx_word' id='word_1_165' title='bbox 1097 2461 1128 2513; x_wconf 92' lang='lat' dir='ltr'>et</span> <span class='ocrx_word' id='word_1_166' title='bbox 1162 2455 1274 2514; x_wconf 92' lang='lat' dir='ltr'>futuris</span> <span class='ocrx_word' id='word_1_167' title='bbox 1308 2459 1450 2532; x_wconf 87' lang='lat' dir='ltr'>plebanis</span> 
     </span>
     <span class='ocr_line' id='line_1_20' title="bbox 185 2561 1449 2639; baseline 0.003 -19"><span class='ocrx_word' id='word_1_168' title='bbox 185 2561 322 2636; x_wconf 89' lang='lat' dir='ltr'>predicte</span> <span class='ocrx_word' id='word_1_169' title='bbox 346 2561 473 2621; x_wconf 81' lang='lat' dir='ltr'>ecclesie</span> <span class='ocrx_word' id='word_1_170' title='bbox 496 2563 594 2620; x_wconf 89' lang='lat' dir='ltr'>sancti</span> <span class='ocrx_word' id='word_1_171' title='bbox 614 2562 710 2620; x_wconf 89' lang='lat' dir='ltr'>Marci</span> <span class='ocrx_word' id='word_1_172' title='bbox 745 2561 818 2620; x_wconf 92' lang='lat' dir='ltr'>dare</span> <span class='ocrx_word' id='word_1_173' title='bbox 851 2567 993 2621; x_wconf 90' lang='lat' dir='ltr'>tenentur</span> <span class='ocrx_word' id='word_1_174' title='bbox 1028 2567 1058 2620; x_wconf 92' lang='lat' dir='ltr'>et</span> <span class='ocrx_word' id='word_1_175' title='bbox 1089 2563 1215 2620; x_wconf 89' lang='lat' dir='ltr'>realiter</span> <span class='ocrx_word' id='word_1_176' title='bbox 1249 2565 1449 2639; x_wconf 84' lang='lat' dir='ltr'>respondere,</span> 
     </span>
     <span class='ocr_line' id='line_1_21' title="bbox 182 2667 1450 2744; baseline 0.002 -17"><span class='ocrx_word' id='word_1_177' title='bbox 182 2672 354 2727; x_wconf 88' lang='lat' dir='ltr'>sentencias</span> <span class='ocrx_word' id='word_1_178' title='bbox 386 2667 569 2726; x_wconf 89' lang='lat' dir='ltr'>diffinitivas</span> <span class='ocrx_word' id='word_1_179' title='bbox 593 2668 776 2727; x_wconf 89' lang='lat' dir='ltr'>obtinuisset</span> <span class='ocrx_word' id='word_1_180' title='bbox 800 2674 830 2726; x_wconf 90' lang='lat' dir='ltr'>et</span> <span class='ocrx_word' id='word_1_181' title='bbox 853 2675 1050 2743; x_wconf 87' lang='lat' dir='ltr'>reportasset,</span> <span class='ocrx_word' id='word_1_182' title='bbox 1074 2668 1113 2725; x_wconf 94' lang='lat' dir='ltr'>ad</span> <span class='ocrx_word' id='word_1_183' title='bbox 1149 2670 1363 2744; x_wconf 90' lang='lat' dir='ltr'>plurimasque</span> <span class='ocrx_word' id='word_1_184' title='bbox 1386 2689 1450 2730; x_wconf 92' lang='lat' dir='ltr'>am-</span> 
     </span>
     <span class='ocr_line' id='line_1_22' title="bbox 185 2774 1450 2849; baseline 0.003 -16"><span class='ocrx_word' id='word_1_185' title='bbox 185 2776 375 2834; x_wconf 87' lang='lat' dir='ltr'>moniciones</span> <span class='ocrx_word' id='word_1_186' title='bbox 398 2791 454 2849; x_wconf 92' lang='lat' dir='ltr'>per</span> <span class='ocrx_word' id='word_1_187' title='bbox 477 2782 577 2833; x_wconf 86' lang='lat' dir='ltr'>certos</span> <span class='ocrx_word' id='word_1_188' title='bbox 601 2774 753 2848; x_wconf 91' lang='lat' dir='ltr'>plebanos</span> <span class='ocrx_word' id='word_1_189' title='bbox 776 2774 878 2833; x_wconf 91' lang='lat' dir='ltr'>eidem</span> <span class='ocrx_word' id='word_1_190' title='bbox 901 2774 1027 2833; x_wconf 91' lang='lat' dir='ltr'>domino</span> <span class='ocrx_word' id='word_1_191' title='bbox 1044 2776 1159 2833; x_wconf 88' lang='lat' dir='ltr'>Mathie</span> <span class='ocrx_word' id='word_1_192' title='bbox 1177 2777 1284 2834; x_wconf 91' lang='lat' dir='ltr'>abbati</span> <span class='ocrx_word' id='word_1_193' title='bbox 1301 2777 1450 2837; x_wconf 92' lang='lat' dir='ltr'>moderno</span> 
     </span>
     <span class='ocr_line' id='line_1_23' title="bbox 186 2879 1451 2959; baseline 0.004 -21"><span class='ocrx_word' id='word_1_194' title='bbox 186 2879 289 2952; x_wconf 87' lang='lat' dir='ltr'>factas,</span> <span class='ocrx_word' id='word_1_195' title='bbox 306 2880 391 2938; x_wconf 93' lang='lat' dir='ltr'>idem</span> <span class='ocrx_word' id='word_1_196' title='bbox 407 2880 551 2938; x_wconf 92' lang='lat' dir='ltr'>dominus</span> <span class='ocrx_word' id='word_1_197' title='bbox 567 2881 666 2939; x_wconf 91' lang='lat' dir='ltr'>abbas</span> <span class='ocrx_word' id='word_1_198' title='bbox 682 2880 720 2938; x_wconf 89' lang='lat' dir='ltr'>de</span> <span class='ocrx_word' id='word_1_199' title='bbox 736 2881 914 2938; x_wconf 92' lang='lat' dir='ltr'>huiusmodi</span> <span class='ocrx_word' id='word_1_200' title='bbox 931 2883 1075 2939; x_wconf 89' lang='lat' dir='ltr'>canonica</span> <span class='ocrx_word' id='word_1_201' title='bbox 1091 2883 1245 2954; x_wconf 90' lang='lat' dir='ltr'>porcione,</span> <span class='ocrx_word' id='word_1_202' title='bbox 1263 2900 1315 2940; x_wconf 91' lang='lat' dir='ltr'>seu</span> <span class='ocrx_word' id='word_1_203' title='bbox 1333 2894 1451 2959; x_wconf 86' lang='lat' dir='ltr'>quarta,</span> 
     </span>
     <span class='ocr_line' id='line_1_24' title="bbox 184 2986 1451 3061; baseline 0.005 -17"><span class='ocrx_word' id='word_1_204' title='bbox 184 2986 223 3045; x_wconf 93' lang='lat' dir='ltr'>de</span> <span class='ocrx_word' id='word_1_205' title='bbox 257 2987 410 3045; x_wconf 89' lang='lat' dir='ltr'>universis</span> <span class='ocrx_word' id='word_1_206' title='bbox 444 2987 538 3044; x_wconf 91' lang='lat' dir='ltr'>rebus</span> <span class='ocrx_word' id='word_1_207' title='bbox 572 2987 742 3061; x_wconf 88' lang='lat' dir='ltr'>prenotatis</span> <span class='ocrx_word' id='word_1_208' title='bbox 775 2987 897 3044; x_wconf 92' lang='lat' dir='ltr'>nullam</span> <span class='ocrx_word' id='word_1_209' title='bbox 929 2987 1110 3061; x_wconf 80' lang='lat' dir='ltr'>impendere</span> <span class='ocrx_word' id='word_1_210' title='bbox 1147 2988 1249 3045; x_wconf 91' lang='lat' dir='ltr'>eidem</span> <span class='ocrx_word' id='word_1_211' title='bbox 1281 2993 1451 3050; x_wconf 85' lang='lat' dir='ltr'>curavisset</span> 
     </span>
     <span class='ocr_line' id='line_1_25' title="bbox 184 3092 1451 3167; baseline 0.004 -16"><span class='ocrx_word' id='word_1_212' title='bbox 184 3092 441 3162; x_wconf 85' lang='lat' dir='ltr'>satisfaccionem,</span> <span class='ocrx_word' id='word_1_213' title='bbox 476 3093 509 3150; x_wconf 92' lang='lat' dir='ltr'>in</span> <span class='ocrx_word' id='word_1_214' title='bbox 541 3092 748 3167; x_wconf 89' lang='lat' dir='ltr'>preiudicium</span> <span class='ocrx_word' id='word_1_215' title='bbox 782 3093 857 3151; x_wconf 92' lang='lat' dir='ltr'>iuris</span> <span class='ocrx_word' id='word_1_216' title='bbox 892 3093 939 3150; x_wconf 88' lang='lat' dir='ltr'>sui</span> <span class='ocrx_word' id='word_1_217' title='bbox 963 3099 993 3150; x_wconf 90' lang='lat' dir='ltr'>et</span> <span class='ocrx_word' id='word_1_218' title='bbox 1017 3092 1096 3150; x_wconf 91' lang='lat' dir='ltr'>dicte</span> <span class='ocrx_word' id='word_1_219' title='bbox 1130 3095 1256 3151; x_wconf 88' lang='lat' dir='ltr'>ecclesie</span> <span class='ocrx_word' id='word_1_220' title='bbox 1290 3112 1344 3153; x_wconf 90' lang='lat' dir='ltr'>sue</span> <span class='ocrx_word' id='word_1_221' title='bbox 1378 3101 1451 3157; x_wconf 92' lang='lat' dir='ltr'>satis</span> 
     </span>
     <span class='ocr_line' id='line_1_26' title="bbox 184 3199 1448 3276; baseline 0.004 -19"><span class='ocrx_word' id='word_1_222' title='bbox 184 3199 309 3272; x_wconf 80' lang='lat' dir='ltr'>grande.</span> <span class='ocrx_word' id='word_1_223' title='bbox 333 3199 370 3255; x_wconf 87' lang='lat' dir='ltr'>Et</span> <span class='ocrx_word' id='word_1_224' title='bbox 385 3200 416 3256; x_wconf 91' lang='lat' dir='ltr'>in</span> <span class='ocrx_word' id='word_1_225' title='bbox 440 3200 506 3256; x_wconf 92' lang='lat' dir='ltr'>vim</span> <span class='ocrx_word' id='word_1_226' title='bbox 529 3199 666 3273; x_wconf 88' lang='lat' dir='ltr'>predicte</span> <span class='ocrx_word' id='word_1_227' title='bbox 689 3216 743 3257; x_wconf 92' lang='lat' dir='ltr'>sue</span> <span class='ocrx_word' id='word_1_228' title='bbox 766 3200 898 3257; x_wconf 89' lang='lat' dir='ltr'>accionis</span> <span class='ocrx_word' id='word_1_229' title='bbox 934 3206 1093 3256; x_wconf 88' lang='lat' dir='ltr'>annotatas</span> <span class='ocrx_word' id='word_1_230' title='bbox 1130 3202 1300 3258; x_wconf 88' lang='lat' dir='ltr'>sentencias</span> <span class='ocrx_word' id='word_1_231' title='bbox 1337 3204 1448 3276; x_wconf 90' lang='lat' dir='ltr'>prefati</span> 
     </span>
     <span class='ocr_line' id='line_1_27' title="bbox 184 3303 1451 3380; baseline 0.003 -16"><span class='ocrx_word' id='word_1_232' title='bbox 184 3304 304 3364; x_wconf 88' lang='lat' dir='ltr'>domini</span> <span class='ocrx_word' id='word_1_233' title='bbox 327 3303 475 3378; x_wconf 88' lang='lat' dir='ltr'>Stephani</span> <span class='ocrx_word' id='word_1_234' title='bbox 497 3305 706 3364; x_wconf 89' lang='lat' dir='ltr'>archidiaconi</span> <span class='ocrx_word' id='word_1_235' title='bbox 729 3304 928 3377; x_wconf 88' lang='lat' dir='ltr'>kathedralis,</span> <span class='ocrx_word' id='word_1_236' title='bbox 958 3306 1193 3364; x_wconf 89' lang='lat' dir='ltr'>locumtenentis</span> <span class='ocrx_word' id='word_1_237' title='bbox 1222 3309 1369 3380; x_wconf 89' lang='lat' dir='ltr'>prelibati</span> <span class='ocrx_word' id='word_1_238' title='bbox 1397 3311 1451 3368; x_wconf 93' lang='lat' dir='ltr'>do·</span> 
     </span>
     <span class='ocr_line' id='line_1_28' title="bbox 185 3410 1451 3487; baseline 0.005 -18"><span class='ocrx_word' id='word_1_239' title='bbox 185 3413 262 3470; x_wconf 89' lang='lat' dir='ltr'>mini</span> <span class='ocrx_word' id='word_1_240' title='bbox 285 3410 437 3468; x_wconf 92' lang='lat' dir='ltr'>Leonardi</span> <span class='ocrx_word' id='word_1_241' title='bbox 461 3412 569 3469; x_wconf 87' lang='lat' dir='ltr'>vicarii</span> <span class='ocrx_word' id='word_1_242' title='bbox 591 3413 689 3470; x_wconf 92' lang='lat' dir='ltr'>nostri</span> <span class='ocrx_word' id='word_1_243' title='bbox 712 3413 743 3470; x_wconf 92' lang='lat' dir='ltr'>in</span> <span class='ocrx_word' id='word_1_244' title='bbox 767 3412 982 3487; x_wconf 90' lang='lat' dir='ltr'>spiritualibus</span> <span class='ocrx_word' id='word_1_245' title='bbox 1005 3414 1168 3484; x_wconf 89' lang='lat' dir='ltr'>generalis,</span> <span class='ocrx_word' id='word_1_246' title='bbox 1201 3430 1318 3472; x_wconf 89' lang='lat' dir='ltr'>necnon</span> <span class='ocrx_word' id='word_1_247' title='bbox 1353 3418 1451 3475; x_wconf 91' lang='lat' dir='ltr'>eciam</span> 
     </span>
     <span class='ocr_line' id='line_1_29' title="bbox 185 3518 1451 3594; baseline 0.003 -17"><span class='ocrx_word' id='word_1_248' title='bbox 185 3520 356 3577; x_wconf 89' lang='lat' dir='ltr'>sentencias</span> <span class='ocrx_word' id='word_1_249' title='bbox 380 3519 512 3577; x_wconf 89' lang='lat' dir='ltr'>condam</span> <span class='ocrx_word' id='word_1_250' title='bbox 534 3519 662 3578; x_wconf 89' lang='lat' dir='ltr'>alterius</span> <span class='ocrx_word' id='word_1_251' title='bbox 685 3520 878 3578; x_wconf 88' lang='lat' dir='ltr'>honorabilis</span> <span class='ocrx_word' id='word_1_252' title='bbox 904 3520 963 3577; x_wconf 92' lang='lat' dir='ltr'>viri</span> <span class='ocrx_word' id='word_1_253' title='bbox 986 3518 1105 3577; x_wconf 91' lang='lat' dir='ltr'>domini</span> <span class='ocrx_word' id='word_1_254' title='bbox 1129 3520 1277 3594; x_wconf 88' lang='lat' dir='ltr'>Stephani</span> <span class='ocrx_word' id='word_1_255' title='bbox 1301 3522 1451 3581; x_wconf 89' lang='lat' dir='ltr'>archidia-</span> 
     </span>
     <span class='ocr_line' id='line_1_30' title="bbox 186 3623 1451 3700; baseline 0.003 -17"><span class='ocrx_word' id='word_1_256' title='bbox 186 3626 256 3684; x_wconf 88' lang='lat' dir='ltr'>coni</span> <span class='ocrx_word' id='word_1_257' title='bbox 280 3623 426 3696; x_wconf 86' lang='lat' dir='ltr'>Kemlulr,</span> <span class='ocrx_word' id='word_1_258' title='bbox 449 3640 508 3700; x_wconf 95' lang='lat' dir='ltr'>pro</span> <span class='ocrx_word' id='word_1_259' title='bbox 539 3632 611 3684; x_wconf 92' lang='lat' dir='ltr'>tunc</span> <span class='ocrx_word' id='word_1_260' title='bbox 646 3626 754 3684; x_wconf 90' lang='lat' dir='ltr'>vicarii</span> <span class='ocrx_word' id='word_1_261' title='bbox 784 3624 947 3682; x_wconf 90' lang='lat' dir='ltr'>reverendi</span> <span class='ocrx_word' id='word_1_262' title='bbox 981 3626 1012 3682; x_wconf 83' lang='lat' dir='ltr'>in</span> <span class='ocrx_word' id='word_1_263' title='bbox 1035 3625 1159 3684; x_wconf 91' lang='lat' dir='ltr'>Christo</span> <span class='ocrx_word' id='word_1_264' title='bbox 1190 3628 1296 3700; x_wconf 90' lang='lat' dir='ltr'>patris,</span> <span class='ocrx_word' id='word_1_265' title='bbox 1334 3628 1451 3688; x_wconf 90' lang='lat' dir='ltr'>domini</span> 
     </span>
     <span class='ocr_line' id='line_1_31' title="bbox 185 3730 1450 3806; baseline 0.006 -19"><span class='ocrx_word' id='word_1_266' title='bbox 185 3730 369 3801; x_wconf 86' lang='lat' dir='ltr'>Eberhardi,</span> <span class='ocrx_word' id='word_1_267' title='bbox 392 3732 530 3806; x_wconf 89' lang='lat' dir='ltr'>episcopi</span> <span class='ocrx_word' id='word_1_268' title='bbox 552 3731 691 3790; x_wconf 89' lang='lat' dir='ltr'>eiusdem</span> <span class='ocrx_word' id='word_1_269' title='bbox 715 3732 843 3790; x_wconf 90' lang='lat' dir='ltr'>ecclesie</span> <span class='ocrx_word' id='word_1_270' title='bbox 866 3731 1083 3804; x_wconf 83' lang='lat' dir='ltr'>zagrabiensis‚</span> <span class='ocrx_word' id='word_1_271' title='bbox 1109 3732 1336 3805; x_wconf 90' lang='lat' dir='ltr'>predecessoris</span> <span class='ocrx_word' id='word_1_272' title='bbox 1353 3739 1450 3794; x_wconf 83' lang='lat' dir='ltr'>nostri</span> 
     </span>
     <span class='ocr_line' id='line_1_32' title="bbox 186 3837 1451 3912; baseline 0.004 -18"><span class='ocrx_word' id='word_1_273' title='bbox 186 3837 370 3906; x_wconf 88' lang='lat' dir='ltr'>charissimi,</span> <span class='ocrx_word' id='word_1_274' title='bbox 395 3837 502 3895; x_wconf 91' lang='lat' dir='ltr'>vicarii</span> <span class='ocrx_word' id='word_1_275' title='bbox 533 3838 678 3895; x_wconf 89' lang='lat' dir='ltr'>similiter</span> <span class='ocrx_word' id='word_1_276' title='bbox 701 3839 732 3897; x_wconf 92' lang='lat' dir='ltr'>in</span> <span class='ocrx_word' id='word_1_277' title='bbox 755 3839 973 3912; x_wconf 85' lang='lat' dir='ltr'>spiritualibus</span> <span class='ocrx_word' id='word_1_278' title='bbox 996 3839 1165 3911; x_wconf 89' lang='lat' dir='ltr'>generalis;</span> <span class='ocrx_word' id='word_1_279' title='bbox 1189 3839 1315 3898; x_wconf 91' lang='lat' dir='ltr'>demum</span> <span class='ocrx_word' id='word_1_280' title='bbox 1341 3841 1451 3900; x_wconf 91' lang='lat' dir='ltr'>confir-</span> 
     </span>
     <span class='ocr_line' id='line_1_33' title="bbox 187 3943 1452 4018; baseline 0.003 -18"><span class='ocrx_word' id='word_1_281' title='bbox 187 3943 361 4000; x_wconf 91' lang='lat' dir='ltr'>macionem</span> <span class='ocrx_word' id='word_1_282' title='bbox 384 3943 537 4001; x_wconf 91' lang='lat' dir='ltr'>sentencie</span> <span class='ocrx_word' id='word_1_283' title='bbox 568 3945 704 4002; x_wconf 89' lang='lat' dir='ltr'>annotati</span> <span class='ocrx_word' id='word_1_284' title='bbox 739 3943 872 4002; x_wconf 92' lang='lat' dir='ltr'>condam</span> <span class='ocrx_word' id='word_1_285' title='bbox 907 3944 1025 4002; x_wconf 93' lang='lat' dir='ltr'>domini</span> <span class='ocrx_word' id='word_1_286' title='bbox 1061 3944 1209 4018; x_wconf 87' lang='lat' dir='ltr'>Stephani</span> <span class='ocrx_word' id='word_1_287' title='bbox 1243 3946 1452 4004; x_wconf 84' lang='lat' dir='ltr'>archidiaconi</span> 
     </span>
     <span class='ocr_line' id='line_1_34' title="bbox 187 4047 1451 4125; baseline 0.004 -20"><span class='ocrx_word' id='word_1_288' title='bbox 187 4047 226 4106; x_wconf 92' lang='lat' dir='ltr'>de</span> <span class='ocrx_word' id='word_1_289' title='bbox 257 4048 402 4121; x_wconf 86' lang='lat' dir='ltr'>Kemluir,</span> <span class='ocrx_word' id='word_1_290' title='bbox 436 4050 544 4107; x_wconf 88' lang='lat' dir='ltr'>vicarii</span> <span class='ocrx_word' id='word_1_291' title='bbox 579 4051 628 4107; x_wconf 89' lang='lat' dir='ltr'>sui</span> <span class='ocrx_word' id='word_1_292' title='bbox 661 4051 833 4123; x_wconf 93' lang='lat' dir='ltr'>spiritualis</span> <span class='ocrx_word' id='word_1_293' title='bbox 867 4067 923 4125; x_wconf 91' lang='lat' dir='ltr'>per</span> <span class='ocrx_word' id='word_1_294' title='bbox 958 4051 1091 4109; x_wconf 88' lang='lat' dir='ltr'>eundem</span> <span class='ocrx_word' id='word_1_295' title='bbox 1126 4050 1257 4108; x_wconf 88' lang='lat' dir='ltr'>condam</span> <span class='ocrx_word' id='word_1_296' title='bbox 1289 4050 1451 4109; x_wconf 92' lang='lat' dir='ltr'>dominum</span> 
     </span>
     <span class='ocr_line' id='line_1_35' title="bbox 188 4153 1451 4232; baseline 0.003 -21"><span class='ocrx_word' id='word_1_297' title='bbox 188 4153 403 4212; x_wconf 86' lang='lat' dir='ltr'>Eberhardum</span> <span class='ocrx_word' id='word_1_298' title='bbox 428 4155 498 4214; x_wconf 90' lang='lat' dir='ltr'>date</span> <span class='ocrx_word' id='word_1_299' title='bbox 521 4163 550 4214; x_wconf 88' lang='lat' dir='ltr'>et</span> <span class='ocrx_word' id='word_1_300' title='bbox 566 4158 713 4216; x_wconf 91' lang='lat' dir='ltr'>roborate</span> <span class='ocrx_word' id='word_1_301' title='bbox 729 4159 870 4217; x_wconf 83' lang='lat' dir='ltr'>exhibuit</span> <span class='ocrx_word' id='word_1_302' title='bbox 886 4164 916 4216; x_wconf 90' lang='lat' dir='ltr'>et</span> <span class='ocrx_word' id='word_1_303' title='bbox 939 4159 1129 4232; x_wconf 88' lang='lat' dir='ltr'>presentavit</span> <span class='ocrx_word' id='word_1_304' title='bbox 1145 4172 1249 4215; x_wconf 92' lang='lat' dir='ltr'>coram</span> <span class='ocrx_word' id='word_1_305' title='bbox 1266 4157 1363 4215; x_wconf 92' lang='lat' dir='ltr'>nobis.</span> <span class='ocrx_word' id='word_1_306' title='bbox 1382 4158 1451 4230; x_wconf 82' lang='lat' dir='ltr'>Quo</span> 
     </span>
     <span class='ocr_line' id='line_1_36' title="bbox 188 4259 1452 4335; baseline 0.002 -16"><span class='ocrx_word' id='word_1_307' title='bbox 188 4259 293 4319; x_wconf 84' lang='lat' dir='ltr'>audito</span> <span class='ocrx_word' id='word_1_308' title='bbox 319 4260 457 4335; x_wconf 90' lang='lat' dir='ltr'>prefatus</span> <span class='ocrx_word' id='word_1_309' title='bbox 480 4261 625 4320; x_wconf 90' lang='lat' dir='ltr'>dominus</span> <span class='ocrx_word' id='word_1_310' title='bbox 660 4265 791 4321; x_wconf 84' lang='lat' dir='ltr'>Mathias</span> <span class='ocrx_word' id='word_1_311' title='bbox 827 4265 934 4335; x_wconf 90' lang='lat' dir='ltr'>abbas,</span> <span class='ocrx_word' id='word_1_312' title='bbox 970 4280 1026 4322; x_wconf 92' lang='lat' dir='ltr'>suo</span> <span class='ocrx_word' id='word_1_313' title='bbox 1062 4271 1091 4320; x_wconf 90' lang='lat' dir='ltr'>et</span> <span class='ocrx_word' id='word_1_314' title='bbox 1126 4263 1249 4320; x_wconf 91' lang='lat' dir='ltr'>nomine</span> <span class='ocrx_word' id='word_1_315' title='bbox 1284 4271 1452 4321; x_wconf 90' lang='lat' dir='ltr'>conventus</span> 
     </span>
     <span class='ocr_line' id='line_1_37' title="bbox 187 4365 1451 4443; baseline 0.003 -20"><span class='ocrx_word' id='word_1_316' title='bbox 187 4367 286 4424; x_wconf 89' lang='lat' dir='ltr'>tocius</span> <span class='ocrx_word' id='word_1_317' title='bbox 311 4365 442 4425; x_wconf 81' lang='lat' dir='ltr'>fratrum</span> <span class='ocrx_word' id='word_1_318' title='bbox 465 4368 598 4442; x_wconf 89' lang='lat' dir='ltr'>predicti</span> <span class='ocrx_word' id='word_1_319' title='bbox 621 4370 799 4428; x_wconf 90' lang='lat' dir='ltr'>monasterii</span> <span class='ocrx_word' id='word_1_320' title='bbox 822 4386 927 4429; x_wconf 93' lang='lat' dir='ltr'>coram</span> <span class='ocrx_word' id='word_1_321' title='bbox 951 4371 1042 4428; x_wconf 86' lang='lat' dir='ltr'>nobis</span> <span class='ocrx_word' id='word_1_322' title='bbox 1077 4368 1281 4443; x_wconf 90' lang='lat' dir='ltr'>personaliter</span> <span class='ocrx_word' id='word_1_323' title='bbox 1315 4369 1451 4441; x_wconf 88' lang='lat' dir='ltr'>astando,</span> 
     </span>
     <span class='ocr_line' id='line_1_38' title="bbox 188 4472 1449 4549; baseline 0.002 -20"><span class='ocrx_word' id='word_1_324' title='bbox 188 4472 348 4546; x_wconf 86' lang='lat' dir='ltr'>respondit</span> <span class='ocrx_word' id='word_1_325' title='bbox 370 4488 408 4531; x_wconf 87' lang='lat' dir='ltr'>ex</span> <span class='ocrx_word' id='word_1_326' title='bbox 432 4473 564 4532; x_wconf 89' lang='lat' dir='ltr'>adverso</span> <span class='ocrx_word' id='word_1_327' title='bbox 580 4490 616 4532; x_wconf 93' lang='lat' dir='ltr'>eo</span> <span class='ocrx_word' id='word_1_328' title='bbox 633 4474 743 4533; x_wconf 93' lang='lat' dir='ltr'>modo:</span> <span class='ocrx_word' id='word_1_329' title='bbox 760 4477 844 4549; x_wconf 92' lang='lat' dir='ltr'>quod</span> <span class='ocrx_word' id='word_1_330' title='bbox 869 4478 940 4534; x_wconf 88' lang='lat' dir='ltr'>licet</span> <span class='ocrx_word' id='word_1_331' title='bbox 965 4475 1103 4549; x_wconf 91' lang='lat' dir='ltr'>prefatus</span> <span class='ocrx_word' id='word_1_332' title='bbox 1127 4474 1271 4531; x_wconf 87' lang='lat' dir='ltr'>dominus</span> <span class='ocrx_word' id='word_1_333' title='bbox 1303 4475 1449 4533; x_wconf 87' lang='lat' dir='ltr'>Nicolaus</span> 
     </span>
     <span class='ocr_line' id='line_1_39' title="bbox 187 4573 1451 4654; baseline 0.003 -19"><span class='ocrx_word' id='word_1_334' title='bbox 187 4578 341 4653; x_wconf 91' lang='lat' dir='ltr'>plebanus</span> <span class='ocrx_word' id='word_1_335' title='bbox 363 4579 502 4652; x_wconf 83' lang='lat' dir='ltr'>predicte</span> <span class='ocrx_word' id='word_1_336' title='bbox 524 4581 653 4639; x_wconf 88' lang='lat' dir='ltr'>ecclesie</span> <span class='ocrx_word' id='word_1_337' title='bbox 675 4584 771 4640; x_wconf 85' lang='lat' dir='ltr'>sancti</span> <span class='ocrx_word' id='word_1_338' title='bbox 809 4584 904 4640; x_wconf 82' lang='lat' dir='ltr'>Marci</span> <span class='ocrx_word' id='word_1_339' title='bbox 942 4573 1121 4640; x_wconf 92' lang='lat' dir='ltr'>huiusmodi</span> <span class='ocrx_word' id='word_1_340' title='bbox 1151 4581 1321 4638; x_wconf 86' lang='lat' dir='ltr'>sentencias</span> <span class='ocrx_word' id='word_1_341' title='bbox 1358 4598 1451 4654; x_wconf 90' lang='lat' dir='ltr'>super</span> 
     </span>
     <span class='ocr_line' id='line_1_40' title="bbox 187 4687 1449 4762; baseline 0.002 -20"><span class='ocrx_word' id='word_1_342' title='bbox 187 4691 333 4743; x_wconf 89' lang='lat' dir='ltr'>annotata</span> <span class='ocrx_word' id='word_1_343' title='bbox 355 4687 502 4760; x_wconf 92' lang='lat' dir='ltr'>porcione</span> <span class='ocrx_word' id='word_1_344' title='bbox 524 4688 669 4746; x_wconf 91' lang='lat' dir='ltr'>canonica</span> <span class='ocrx_word' id='word_1_345' title='bbox 685 4705 738 4746; x_wconf 91' lang='lat' dir='ltr'>seu</span> <span class='ocrx_word' id='word_1_346' title='bbox 752 4696 862 4762; x_wconf 89' lang='lat' dir='ltr'>quarta</span> <span class='ocrx_word' id='word_1_347' title='bbox 879 4689 1047 4746; x_wconf 89' lang='lat' dir='ltr'>obtinuerit</span> <span class='ocrx_word' id='word_1_348' title='bbox 1063 4692 1093 4745; x_wconf 92' lang='lat' dir='ltr'>et</span> <span class='ocrx_word' id='word_1_349' title='bbox 1113 4687 1328 4762; x_wconf 86' lang='lat' dir='ltr'>reportaverit,</span> <span class='ocrx_word' id='word_1_350' title='bbox 1348 4693 1449 4746; x_wconf 89' lang='lat' dir='ltr'>tamen</span> 
     </span>
     <span class='ocr_line' id='line_1_41' title="bbox 188 4790 1452 4869; baseline 0.003 -21"><span class='ocrx_word' id='word_1_351' title='bbox 188 4790 256 4864; x_wconf 90' lang='lat' dir='ltr'>ipse</span> <span class='ocrx_word' id='word_1_352' title='bbox 280 4791 461 4851; x_wconf 90' lang='lat' dir='ltr'>huiusmodi</span> <span class='ocrx_word' id='word_1_353' title='bbox 485 4800 628 4867; x_wconf 87' lang='lat' dir='ltr'>quartam</span> <span class='ocrx_word' id='word_1_354' title='bbox 653 4811 706 4853; x_wconf 91' lang='lat' dir='ltr'>seu</span> <span class='ocrx_word' id='word_1_355' title='bbox 730 4796 909 4853; x_wconf 89' lang='lat' dir='ltr'>canonicam</span> <span class='ocrx_word' id='word_1_356' title='bbox 932 4795 1113 4869; x_wconf 91' lang='lat' dir='ltr'>porcionem</span> <span class='ocrx_word' id='word_1_357' title='bbox 1137 4794 1265 4852; x_wconf 89' lang='lat' dir='ltr'>minime</span> <span class='ocrx_word' id='word_1_358' title='bbox 1282 4793 1356 4852; x_wconf 91' lang='lat' dir='ltr'>dare</span> <span class='ocrx_word' id='word_1_359' title='bbox 1372 4794 1452 4852; x_wconf 93' lang='lat' dir='ltr'>obli·</span> 
     </span>
     <span class='ocr_line' id='line_1_42' title="bbox 187 4899 1452 4977; baseline 0.004 -23"><span class='ocrx_word' id='word_1_360' title='bbox 187 4903 323 4970; x_wconf 88' lang='lat' dir='ltr'>garetur,</span> <span class='ocrx_word' id='word_1_361' title='bbox 344 4899 417 4971; x_wconf 91' lang='lat' dir='ltr'>quia</span> <span class='ocrx_word' id='word_1_362' title='bbox 440 4899 616 4974; x_wconf 90' lang='lat' dir='ltr'>predictum</span> <span class='ocrx_word' id='word_1_363' title='bbox 640 4902 863 4960; x_wconf 89' lang='lat' dir='ltr'>monasterium</span> <span class='ocrx_word' id='word_1_364' title='bbox 886 4917 943 4975; x_wconf 92' lang='lat' dir='ltr'>per</span> <span class='ocrx_word' id='word_1_365' title='bbox 966 4902 1072 4959; x_wconf 90' lang='lat' dir='ltr'>sedem</span> <span class='ocrx_word' id='word_1_366' title='bbox 1095 4901 1301 4977; x_wconf 90' lang='lat' dir='ltr'>apostolicam</span> <span class='ocrx_word' id='word_1_367' title='bbox 1325 4902 1365 4959; x_wconf 93' lang='lat' dir='ltr'>ab</span> <span class='ocrx_word' id='word_1_368' title='bbox 1386 4915 1452 4959; x_wconf 93' lang='lat' dir='ltr'>om·</span> 
     </span>
    </p>
   </div>
   <div class='ocr_carea' id='block_1_2' title="bbox 0 0 1648 5348">
    <p class='ocr_par' dir='ltr' id='par_1_2' title="bbox 0 0 1648 5348">
     <span class='ocr_line' id='line_1_43' title="bbox 0 0 1648 5348; baseline 0 0"><span class='ocrx_word' id='word_1_369' title='bbox 0 0 1648 5348; x_wconf 95' lang='lat' dir='ltr'> </span> 
     </span>
    </p>
   </div>
  </div>
 </body>
</html>
