<?xml version="1.0" encoding="UTF-8"?>
<!DOCTYPE html PUBLIC "-//W3C//DTD XHTML 1.0 Transitional//EN"
    "http://www.w3.org/TR/xhtml1/DTD/xhtml1-transitional.dtd">
<html xmlns="http://www.w3.org/1999/xhtml" xml:lang="en" lang="en">
 <head>
  <title>
</title>
<meta http-equiv="Content-Type" content="text/html;charset=utf-8" />
  <meta name='ocr-system' content='tesseract 3.04.00' />
  <meta name='ocr-capabilities' content='ocr_page ocr_carea ocr_par ocr_line ocrx_word'/>
</head>
<body>
  <div class='ocr_page' id='page_1' title='image "./monumentahistor01laszgoog_0543.png"; bbox 0 0 3278 5348; ppageno 0'>
   <div class='ocr_carea' id='block_1_1' title="bbox 601 468 1447 545">
    <p class='ocr_par' dir='ltr' id='par_1_1' title="bbox 601 468 1447 545">
     <span class='ocr_line' id='line_1_1' title="bbox 601 468 1447 545; baseline 0.002 -19"><span class='ocrx_word' id='word_1_1' title='bbox 601 468 675 527; x_wconf 87' lang='lat' dir='ltr'><strong>Doc.</strong></span> <span class='ocrx_word' id='word_1_2' title='bbox 698 480 765 544; x_wconf 85' lang='lat'><em>215.</em></span> <span class='ocrx_word' id='word_1_3' title='bbox 786 501 830 511; x_wconf 91' lang='lat'><em>—</em></span> <span class='ocrx_word' id='word_1_4' title='bbox 853 468 909 526; x_wconf 69' lang='lat' dir='ltr'><strong>Ao</strong></span> <span class='ocrx_word' id='word_1_5' title='bbox 932 479 1022 545; x_wconf 76' lang='lat'><em>1459.</em></span> <span class='ocrx_word' id='word_1_6' title='bbox 1388 484 1447 540; x_wconf 76' lang='lat' dir='ltr'><strong>ars</strong></span> 
     </span>
    </p>
   </div>
   <div class='ocr_carea' id='block_1_2' title="bbox 182 681 1456 3519">
    <p class='ocr_par' dir='ltr' id='par_1_2' title="bbox 182 681 1456 2988">
     <span class='ocr_line' id='line_1_2' title="bbox 183 681 1454 758; baseline 0 -15"><span class='ocrx_word' id='word_1_7' title='bbox 183 685 322 758; x_wconf 83' lang='lat' dir='ltr'><strong>alegavit</strong></span> <span class='ocrx_word' id='word_1_8' title='bbox 345 685 401 743; x_wconf 87' lang='lat' dir='ltr'><strong>tali</strong></span> <span class='ocrx_word' id='word_1_9' title='bbox 424 683 535 742; x_wconf 87' lang='lat' dir='ltr'><strong>modo:</strong></span> <span class='ocrx_word' id='word_1_10' title='bbox 560 683 645 758; x_wconf 89' lang='lat' dir='ltr'><strong>quod</strong></span> <span class='ocrx_word' id='word_1_11' title='bbox 667 683 812 757; x_wconf 86' lang='lat' dir='ltr'><strong>quamvis</strong></span> <span class='ocrx_word' id='word_1_12' title='bbox 833 683 972 758; x_wconf 83' lang='lat' dir='ltr'><strong>prefatus</strong></span> <span class='ocrx_word' id='word_1_13' title='bbox 994 681 1127 741; x_wconf 89' lang='lat' dir='ltr'><strong>condam</strong></span> <span class='ocrx_word' id='word_1_14' title='bbox 1150 682 1294 742; x_wconf 88' lang='lat' dir='ltr'><strong>dominus</strong></span> <span class='ocrx_word' id='word_1_15' title='bbox 1308 684 1383 742; x_wconf 89' lang='lat' dir='ltr'><strong>Bela</strong></span> <span class='ocrx_word' id='word_1_16' title='bbox 1398 701 1454 743; x_wconf 85' lang='lat' dir='ltr'><strong>rex</strong></span> 
     </span>
     <span class='ocr_line' id='line_1_3' title="bbox 184 789 1454 865; baseline 0.001 -17"><span class='ocrx_word' id='word_1_17' title='bbox 184 791 350 865; x_wconf 87' lang='lat' dir='ltr'><strong>prelibatis</strong></span> <span class='ocrx_word' id='word_1_18' title='bbox 372 791 494 849; x_wconf 86' lang='lat' dir='ltr'><strong>civibus</strong></span> <span class='ocrx_word' id='word_1_19' title='bbox 528 789 780 862; x_wconf 82' lang='lat' dir='ltr'><strong>zagrabiensibus</strong></span> <span class='ocrx_word' id='word_1_20' title='bbox 815 795 987 863; x_wconf 91' lang='lat' dir='ltr'><strong>pretactam</strong></span> <span class='ocrx_word' id='word_1_21' title='bbox 1017 789 1196 847; x_wconf 88' lang='lat' dir='ltr'><strong>libertatem</strong></span> <span class='ocrx_word' id='word_1_22' title='bbox 1226 790 1259 847; x_wconf 92' lang='lat' dir='ltr'><strong>in</strong></span> <span class='ocrx_word' id='word_1_23' title='bbox 1280 791 1454 865; x_wconf 90' lang='lat' dir='ltr'><strong>prescripta</strong></span> 
     </span>
     <span class='ocr_line' id='line_1_4' title="bbox 183 895 1454 970; baseline 0 -15"><span class='ocrx_word' id='word_1_24' title='bbox 183 897 325 956; x_wconf 86' lang='lat' dir='ltr'><strong>clausula</strong></span> <span class='ocrx_word' id='word_1_25' title='bbox 348 898 379 954; x_wconf 95' lang='lat' dir='ltr'><strong>in</strong></span> <span class='ocrx_word' id='word_1_26' title='bbox 403 896 592 970; x_wconf 87' lang='lat' dir='ltr'><strong>prenarratis</strong></span> <span class='ocrx_word' id='word_1_27' title='bbox 616 895 729 953; x_wconf 88' lang='lat' dir='ltr'><strong>litteris</strong></span> <span class='ocrx_word' id='word_1_28' title='bbox 751 896 815 953; x_wconf 90' lang='lat' dir='ltr'><strong>suis</strong></span> <span class='ocrx_word' id='word_1_29' title='bbox 838 895 1013 966; x_wconf 88' lang='lat' dir='ltr'><strong>adinventa,</strong></span> <span class='ocrx_word' id='word_1_30' title='bbox 1049 895 1248 965; x_wconf 89' lang='lat' dir='ltr'><strong>declaratam,</strong></span> <span class='ocrx_word' id='word_1_31' title='bbox 1280 896 1400 954; x_wconf 84' lang='lat' dir='ltr'><strong>dederit</strong></span> <span class='ocrx_word' id='word_1_32' title='bbox 1423 902 1454 955; x_wconf 88' lang='lat' dir='ltr'><strong>et</strong></span> 
     </span>
     <span class='ocr_line' id='line_1_5' title="bbox 184 1001 1453 1076; baseline -0.001 -14"><span class='ocrx_word' id='word_1_33' title='bbox 184 1004 378 1075; x_wconf 81' lang='lat' dir='ltr'><strong>concesserit,</strong></span> <span class='ocrx_word' id='word_1_34' title='bbox 409 1010 512 1061; x_wconf 90' lang='lat' dir='ltr'><strong>tamen</strong></span> <span class='ocrx_word' id='word_1_35' title='bbox 535 1003 608 1076; x_wconf 89' lang='lat' dir='ltr'><strong>quia</strong></span> <span class='ocrx_word' id='word_1_36' title='bbox 631 1002 662 1060; x_wconf 93' lang='lat' dir='ltr'><strong>in</strong></span> <span class='ocrx_word' id='word_1_37' title='bbox 686 1001 866 1061; x_wconf 91' lang='lat' dir='ltr'><strong>huiusmodi</strong></span> <span class='ocrx_word' id='word_1_38' title='bbox 887 1001 1028 1060; x_wconf 88' lang='lat' dir='ltr'><strong>clausula</strong></span> <span class='ocrx_word' id='word_1_39' title='bbox 1050 1002 1110 1075; x_wconf 92' lang='lat' dir='ltr'><strong>ipsi</strong></span> <span class='ocrx_word' id='word_1_40' title='bbox 1134 1002 1217 1059; x_wconf 88' lang='lat' dir='ltr'><strong>cives</strong></span> <span class='ocrx_word' id='word_1_41' title='bbox 1240 1003 1453 1074; x_wconf 81' lang='lat' dir='ltr'><strong>zagrabienses</strong></span> 
     </span>
     <span class='ocr_line' id='line_1_6' title="bbox 184 1107 1453 1168; baseline 0 -1"><span class='ocrx_word' id='word_1_42' title='bbox 184 1108 223 1167; x_wconf 90' lang='lat' dir='ltr'><strong>de</strong></span> <span class='ocrx_word' id='word_1_43' title='bbox 253 1110 348 1167; x_wconf 91' lang='lat' dir='ltr'><strong>rebus</strong></span> <span class='ocrx_word' id='word_1_44' title='bbox 382 1123 491 1167; x_wconf 90' lang='lat' dir='ltr'><strong>eorum</strong></span> <span class='ocrx_word' id='word_1_45' title='bbox 526 1108 814 1167; x_wconf 89' lang='lat' dir='ltr'><strong>mercimoniallbus</strong></span> <span class='ocrx_word' id='word_1_46' title='bbox 838 1123 856 1165; x_wconf 88' lang='lat' dir='ltr'><strong>a</strong></span> <span class='ocrx_word' id='word_1_47' title='bbox 880 1108 1038 1166; x_wconf 88' lang='lat' dir='ltr'><strong>solucione</strong></span> <span class='ocrx_word' id='word_1_48' title='bbox 1073 1107 1148 1166; x_wconf 91' lang='lat' dir='ltr'><strong>dicti</strong></span> <span class='ocrx_word' id='word_1_49' title='bbox 1182 1108 1291 1166; x_wconf 90' lang='lat' dir='ltr'><strong>tributi</strong></span> <span class='ocrx_word' id='word_1_50' title='bbox 1325 1109 1453 1168; x_wconf 90' lang='lat' dir='ltr'><strong>minime</strong></span> 
     </span>
     <span class='ocr_line' id='line_1_7' title="bbox 184 1214 1453 1289; baseline 0.001 -16"><span class='ocrx_word' id='word_1_51' title='bbox 184 1216 323 1289; x_wconf 84' lang='lat' dir='ltr'><strong>exempti</strong></span> <span class='ocrx_word' id='word_1_52' title='bbox 345 1214 412 1273; x_wconf 86' lang='lat' dir='ltr'><strong>fore</strong></span> <span class='ocrx_word' id='word_1_53' title='bbox 446 1214 673 1286; x_wconf 88' lang='lat' dir='ltr'><strong>denotarentur,</strong></span> <span class='ocrx_word' id='word_1_54' title='bbox 708 1215 750 1272; x_wconf 91' lang='lat' dir='ltr'><strong>ob</strong></span> <span class='ocrx_word' id='word_1_55' title='bbox 772 1215 832 1272; x_wconf 93' lang='lat' dir='ltr'><strong>hoc</strong></span> <span class='ocrx_word' id='word_1_56' title='bbox 855 1215 916 1287; x_wconf 90' lang='lat' dir='ltr'><strong>ipsi</strong></span> <span class='ocrx_word' id='word_1_57' title='bbox 949 1215 1031 1272; x_wconf 87' lang='lat' dir='ltr'><strong>cives</strong></span> <span class='ocrx_word' id='word_1_58' title='bbox 1066 1214 1276 1288; x_wconf 90' lang='lat' dir='ltr'><strong>prescriptum</strong></span> <span class='ocrx_word' id='word_1_59' title='bbox 1299 1215 1453 1274; x_wconf 91' lang='lat' dir='ltr'><strong>tributum</strong></span> 
     </span>
     <span class='ocr_line' id='line_1_8' title="bbox 183 1320 1454 1395; baseline 0.001 -16"><span class='ocrx_word' id='word_1_60' title='bbox 183 1321 224 1379; x_wconf 90' lang='lat' dir='ltr'><strong>de</strong></span> <span class='ocrx_word' id='word_1_61' title='bbox 243 1321 391 1395; x_wconf 88' lang='lat' dir='ltr'><strong>pretactis</strong></span> <span class='ocrx_word' id='word_1_62' title='bbox 423 1321 565 1394; x_wconf 90' lang='lat' dir='ltr'><strong>ipsorum</strong></span> <span class='ocrx_word' id='word_1_63' title='bbox 596 1321 690 1379; x_wconf 88' lang='lat' dir='ltr'><strong>rebus</strong></span> <span class='ocrx_word' id='word_1_64' title='bbox 714 1326 744 1378; x_wconf 90' lang='lat' dir='ltr'><strong>et</strong></span> <span class='ocrx_word' id='word_1_65' title='bbox 774 1320 963 1379; x_wconf 88' lang='lat' dir='ltr'><strong>animalibus</strong></span> <span class='ocrx_word' id='word_1_66' title='bbox 993 1321 1024 1378; x_wconf 95' lang='lat' dir='ltr'><strong>in</strong></span> <span class='ocrx_word' id='word_1_67' title='bbox 1058 1320 1127 1378; x_wconf 90' lang='lat' dir='ltr'><strong>loco</strong></span> <span class='ocrx_word' id='word_1_68' title='bbox 1158 1320 1233 1379; x_wconf 91' lang='lat' dir='ltr'><strong>dicti</strong></span> <span class='ocrx_word' id='word_1_69' title='bbox 1262 1321 1310 1379; x_wconf 93' lang='lat' dir='ltr'><strong>sui</strong></span> <span class='ocrx_word' id='word_1_70' title='bbox 1345 1322 1454 1380; x_wconf 91' lang='lat' dir='ltr'><strong>tributi</strong></span> 
     </span>
     <span class='ocr_line' id='line_1_9' title="bbox 184 1413 1454 1500; baseline 0.002 -15"><span class='ocrx_word' id='word_1_71' title='bbox 184 1427 274 1489; x_wconf 87' lang='lat' dir='ltr'><strong>sicuti</strong></span> <span class='ocrx_word' id='word_1_72' title='bbox 298 1426 377 1485; x_wconf 88' lang='lat' dir='ltr'><strong>alias</strong></span> <span class='ocrx_word' id='word_1_73' title='bbox 400 1442 418 1484; x_wconf 87' lang='lat' dir='ltr'><strong>a</strong></span> <span class='ocrx_word' id='word_1_74' title='bbox 441 1427 599 1485; x_wconf 89' lang='lat' dir='ltr'><strong>nonnullis</strong></span> <span class='ocrx_word' id='word_1_75' title='bbox 634 1428 795 1486; x_wconf 88' lang='lat' dir='ltr'><strong>retroactis</strong></span> <span class='ocrx_word' id='word_1_76' title='bbox 825 1428 1022 1500; x_wconf 90' lang='lat' dir='ltr'><strong>temporibus</strong></span> <span class='ocrx_word' id='word_1_77' title='bbox 1045 1413 1143 1500; x_wconf 87' lang='lat' dir='ltr'><strong>usque</strong></span> <span class='ocrx_word' id='word_1_78' title='bbox 1166 1427 1199 1484; x_wconf 91' lang='lat' dir='ltr'><strong>in</strong></span> <span class='ocrx_word' id='word_1_79' title='bbox 1222 1429 1454 1500; x_wconf 88' lang='lat' dir='ltr'><strong>presenciarum</strong></span> 
     </span>
     <span class='ocr_line' id='line_1_10' title="bbox 182 1532 1454 1607; baseline 0.002 -16"><span class='ocrx_word' id='word_1_80' title='bbox 182 1532 397 1605; x_wconf 87' lang='lat' dir='ltr'><strong>exsolvissent,</strong></span> <span class='ocrx_word' id='word_1_81' title='bbox 422 1532 497 1591; x_wconf 91' lang='lat' dir='ltr'><strong>dare</strong></span> <span class='ocrx_word' id='word_1_82' title='bbox 519 1540 550 1591; x_wconf 91' lang='lat' dir='ltr'><strong>et</strong></span> <span class='ocrx_word' id='word_1_83' title='bbox 566 1533 745 1607; x_wconf 89' lang='lat' dir='ltr'><strong>persolvere</strong></span> <span class='ocrx_word' id='word_1_84' title='bbox 761 1532 911 1591; x_wconf 90' lang='lat' dir='ltr'><strong>deberent</strong></span> <span class='ocrx_word' id='word_1_85' title='bbox 926 1539 957 1591; x_wconf 92' lang='lat' dir='ltr'><strong>et</strong></span> <span class='ocrx_word' id='word_1_86' title='bbox 973 1538 1164 1605; x_wconf 90' lang='lat' dir='ltr'><strong>tenerentur;</strong></span> <span class='ocrx_word' id='word_1_87' title='bbox 1189 1533 1220 1591; x_wconf 93' lang='lat' dir='ltr'><strong>in</strong></span> <span class='ocrx_word' id='word_1_88' title='bbox 1244 1532 1326 1592; x_wconf 86' lang='lat' dir='ltr'><strong>facto</strong></span> <span class='ocrx_word' id='word_1_89' title='bbox 1349 1542 1454 1592; x_wconf 90' lang='lat' dir='ltr'><strong>autem</strong></span> 
     </span>
     <span class='ocr_line' id='line_1_11' title="bbox 184 1637 1455 1715; baseline 0.001 -17"><span class='ocrx_word' id='word_1_90' title='bbox 184 1641 366 1714; x_wconf 91' lang='lat' dir='ltr'><strong>pretitulato</strong></span> <span class='ocrx_word' id='word_1_91' title='bbox 396 1640 444 1697; x_wconf 90' lang='lat' dir='ltr'><strong>sui</strong></span> <span class='ocrx_word' id='word_1_92' title='bbox 478 1641 586 1698; x_wconf 93' lang='lat' dir='ltr'><strong>tributi</strong></span> <span class='ocrx_word' id='word_1_93' title='bbox 621 1641 796 1713; x_wconf 89' lang='lat' dir='ltr'><strong>antiquiora</strong></span> <span class='ocrx_word' id='word_1_94' title='bbox 820 1646 850 1698; x_wconf 90' lang='lat' dir='ltr'><strong>et</strong></span> <span class='ocrx_word' id='word_1_95' title='bbox 881 1639 1057 1698; x_wconf 82' lang='lat' dir='ltr'><strong>efficaciora</strong></span> <span class='ocrx_word' id='word_1_96' title='bbox 1085 1637 1163 1715; x_wconf 91' lang='lat' dir='ltr'><strong>jura,</strong></span> <span class='ocrx_word' id='word_1_97' title='bbox 1195 1655 1289 1713; x_wconf 91' lang='lat' dir='ltr'><strong>quam</strong></span> <span class='ocrx_word' id='word_1_98' title='bbox 1321 1640 1455 1714; x_wconf 88' lang='lat' dir='ltr'><strong>predicti</strong></span> 
     </span>
     <span class='ocr_line' id='line_1_12' title="bbox 183 1743 1453 1822; baseline 0.002 -20"><span class='ocrx_word' id='word_1_99' title='bbox 183 1743 288 1822; x_wconf 87' lang='lat' dir='ltr'><strong>judex,</strong></span> <span class='ocrx_word' id='word_1_100' title='bbox 311 1744 414 1821; x_wconf 86' lang='lat' dir='ltr'><strong>jurati,</strong></span> <span class='ocrx_word' id='word_1_101' title='bbox 438 1747 583 1820; x_wconf 86' lang='lat' dir='ltr'><strong>civesque</strong></span> <span class='ocrx_word' id='word_1_102' title='bbox 606 1754 636 1804; x_wconf 88' lang='lat' dir='ltr'><strong>et</strong></span> <span class='ocrx_word' id='word_1_103' title='bbox 659 1747 882 1805; x_wconf 91' lang='lat' dir='ltr'><strong>inhabitatores</strong></span> <span class='ocrx_word' id='word_1_104' title='bbox 907 1753 1067 1820; x_wconf 90' lang='lat' dir='ltr'><strong>prenotate</strong></span> <span class='ocrx_word' id='word_1_105' title='bbox 1089 1747 1222 1804; x_wconf 89' lang='lat' dir='ltr'><strong>civitatis</strong></span> <span class='ocrx_word' id='word_1_106' title='bbox 1245 1747 1453 1818; x_wconf 86' lang='lat' dir='ltr'><strong>zagrabiensis</strong></span> 
     </span>
     <span class='ocr_line' id='line_1_13' title="bbox 184 1851 1453 1927; baseline -0.001 -16"><span class='ocrx_word' id='word_1_107' title='bbox 184 1852 313 1911; x_wconf 86' lang='lat' dir='ltr'><strong>haberet</strong></span> <span class='ocrx_word' id='word_1_108' title='bbox 326 1858 475 1924; x_wconf 88' lang='lat' dir='ltr'><strong>emanata,</strong></span> <span class='ocrx_word' id='word_1_109' title='bbox 500 1869 560 1927; x_wconf 90' lang='lat' dir='ltr'><strong>que</strong></span> <span class='ocrx_word' id='word_1_110' title='bbox 575 1868 636 1911; x_wconf 94' lang='lat' dir='ltr'><strong>non</strong></span> <span class='ocrx_word' id='word_1_111' title='bbox 651 1851 689 1910; x_wconf 92' lang='lat' dir='ltr'><strong>ad</strong></span> <span class='ocrx_word' id='word_1_112' title='bbox 705 1869 832 1927; x_wconf 88' lang='lat' dir='ltr'><strong>presens</strong></span> <span class='ocrx_word' id='word_1_113' title='bbox 848 1852 901 1910; x_wconf 89' lang='lat' dir='ltr'><strong>sed</strong></span> <span class='ocrx_word' id='word_1_114' title='bbox 918 1853 950 1911; x_wconf 93' lang='lat' dir='ltr'><strong>in</strong></span> <span class='ocrx_word' id='word_1_115' title='bbox 966 1854 1096 1910; x_wconf 89' lang='lat' dir='ltr'><strong>termino</strong></span> <span class='ocrx_word' id='word_1_116' title='bbox 1109 1851 1251 1911; x_wconf 91' lang='lat' dir='ltr'><strong>ulteriori</strong></span> <span class='ocrx_word' id='word_1_117' title='bbox 1267 1853 1327 1910; x_wconf 90' lang='lat' dir='ltr'><strong>sibi</strong></span> <span class='ocrx_word' id='word_1_118' title='bbox 1342 1852 1453 1925; x_wconf 91' lang='lat' dir='ltr'><strong>dando,</strong></span> 
     </span>
     <span class='ocr_line' id='line_1_14' title="bbox 184 1957 1454 2032; baseline -0.001 -16"><span class='ocrx_word' id='word_1_119' title='bbox 184 1971 290 2016; x_wconf 86' lang='lat' dir='ltr'><strong>coram</strong></span> <span class='ocrx_word' id='word_1_120' title='bbox 313 1958 404 2015; x_wconf 92' lang='lat' dir='ltr'><strong>nobis</strong></span> <span class='ocrx_word' id='word_1_121' title='bbox 428 1957 601 2031; x_wconf 91' lang='lat' dir='ltr'><strong>producere</strong></span> <span class='ocrx_word' id='word_1_122' title='bbox 625 1965 654 2016; x_wconf 93' lang='lat' dir='ltr'><strong>et</strong></span> <span class='ocrx_word' id='word_1_123' title='bbox 678 1959 825 2017; x_wconf 88' lang='lat' dir='ltr'><strong>exhibere</strong></span> <span class='ocrx_word' id='word_1_124' title='bbox 847 1964 1014 2032; x_wconf 91' lang='lat' dir='ltr'><strong>promptus</strong></span> <span class='ocrx_word' id='word_1_125' title='bbox 1042 1963 1120 2016; x_wconf 88' lang='lat' dir='ltr'><strong>esset</strong></span> <span class='ocrx_word' id='word_1_126' title='bbox 1143 1964 1173 2015; x_wconf 88' lang='lat' dir='ltr'><strong>et</strong></span> <span class='ocrx_word' id='word_1_127' title='bbox 1196 1965 1329 2031; x_wconf 91' lang='lat' dir='ltr'><strong>paratus.</strong></span> <span class='ocrx_word' id='word_1_128' title='bbox 1367 1959 1454 2018; x_wconf 89' lang='lat' dir='ltr'><strong>Unde</strong></span> 
     </span>
     <span class='ocr_line' id='line_1_15' title="bbox 183 2061 1454 2140; baseline 0.002 -19"><span class='ocrx_word' id='word_1_129' title='bbox 183 2078 241 2121; x_wconf 90' lang='lat' dir='ltr'><strong>nos</strong></span> <span class='ocrx_word' id='word_1_130' title='bbox 264 2064 324 2121; x_wconf 89' lang='lat' dir='ltr'><strong>hiis</strong></span> <span class='ocrx_word' id='word_1_131' title='bbox 342 2065 497 2138; x_wconf 89' lang='lat' dir='ltr'><strong>perceptis</strong></span> <span class='ocrx_word' id='word_1_132' title='bbox 517 2061 689 2140; x_wconf 87' lang='lat' dir='ltr'><strong>judicantes</strong></span> <span class='ocrx_word' id='word_1_133' title='bbox 705 2066 919 2123; x_wconf 89' lang='lat' dir='ltr'><strong>commisimus</strong></span> <span class='ocrx_word' id='word_1_134' title='bbox 933 2080 968 2122; x_wconf 93' lang='lat' dir='ltr'><strong>eo</strong></span> <span class='ocrx_word' id='word_1_135' title='bbox 981 2064 1093 2122; x_wconf 92' lang='lat' dir='ltr'><strong>modo:</strong></span> <span class='ocrx_word' id='word_1_136' title='bbox 1117 2069 1150 2121; x_wconf 93' lang='lat' dir='ltr'><strong>ut</strong></span> <span class='ocrx_word' id='word_1_137' title='bbox 1166 2069 1356 2122; x_wconf 91' lang='lat' dir='ltr'><strong>memoratus</strong></span> <span class='ocrx_word' id='word_1_138' title='bbox 1372 2065 1454 2123; x_wconf 89' lang='lat' dir='ltr'><strong>Hen-</strong></span> 
     </span>
     <span class='ocr_line' id='line_1_16' title="bbox 183 2168 1454 2246; baseline 0.002 -20"><span class='ocrx_word' id='word_1_139' title='bbox 183 2170 291 2242; x_wconf 86' lang='lat' dir='ltr'><strong>nyngh</strong></span> <span class='ocrx_word' id='word_1_140' title='bbox 322 2169 376 2227; x_wconf 89' lang='lat' dir='ltr'><strong>sed</strong></span> <span class='ocrx_word' id='word_1_141' title='bbox 401 2176 430 2228; x_wconf 90' lang='lat' dir='ltr'><strong>et</strong></span> <span class='ocrx_word' id='word_1_142' title='bbox 454 2170 599 2228; x_wconf 90' lang='lat' dir='ltr'><strong>antedicti</strong></span> <span class='ocrx_word' id='word_1_143' title='bbox 622 2169 725 2246; x_wconf 90' lang='lat' dir='ltr'><strong>judex,</strong></span> <span class='ocrx_word' id='word_1_144' title='bbox 749 2169 841 2245; x_wconf 87' lang='lat' dir='ltr'><strong>jurati</strong></span> <span class='ocrx_word' id='word_1_145' title='bbox 867 2177 897 2229; x_wconf 91' lang='lat' dir='ltr'><strong>et</strong></span> <span class='ocrx_word' id='word_1_146' title='bbox 920 2172 1002 2229; x_wconf 88' lang='lat' dir='ltr'><strong>cives</strong></span> <span class='ocrx_word' id='word_1_147' title='bbox 1027 2170 1198 2244; x_wconf 89' lang='lat' dir='ltr'><strong>prescripta</strong></span> <span class='ocrx_word' id='word_1_148' title='bbox 1221 2170 1360 2243; x_wconf 89' lang='lat' dir='ltr'><strong>ipsorum</strong></span> <span class='ocrx_word' id='word_1_149' title='bbox 1385 2168 1454 2246; x_wconf 90' lang='lat' dir='ltr'><strong>jura</strong></span> 
     </span>
     <span class='ocr_line' id='line_1_17' title="bbox 184 2275 1454 2351; baseline 0.001 -18"><span class='ocrx_word' id='word_1_150' title='bbox 184 2280 215 2333; x_wconf 93' lang='lat' dir='ltr'><strong>et</strong></span> <span class='ocrx_word' id='word_1_151' title='bbox 232 2275 381 2333; x_wconf 91' lang='lat' dir='ltr'><strong>litteralia</strong></span> <span class='ocrx_word' id='word_1_152' title='bbox 398 2277 611 2347; x_wconf 84' lang='lat' dir='ltr'><strong>instrumenta,</strong></span> <span class='ocrx_word' id='word_1_153' title='bbox 635 2293 695 2350; x_wconf 91' lang='lat' dir='ltr'><strong>que</strong></span> <span class='ocrx_word' id='word_1_154' title='bbox 712 2276 840 2334; x_wconf 88' lang='lat' dir='ltr'><strong>infacto</strong></span> <span class='ocrx_word' id='word_1_155' title='bbox 857 2278 987 2351; x_wconf 90' lang='lat' dir='ltr'><strong>pretacti</strong></span> <span class='ocrx_word' id='word_1_156' title='bbox 1011 2277 1119 2334; x_wconf 93' lang='lat' dir='ltr'><strong>tributi</strong></span> <span class='ocrx_word' id='word_1_157' title='bbox 1142 2277 1292 2333; x_wconf 90' lang='lat' dir='ltr'><strong>haberent</strong></span> <span class='ocrx_word' id='word_1_158' title='bbox 1316 2275 1454 2336; x_wconf 85' lang='lat' dir='ltr'><strong>confecta</strong></span> 
     </span>
     <span class='ocr_line' id='line_1_18' title="bbox 183 2381 1454 2463; baseline 0 -22"><span class='ocrx_word' id='word_1_159' title='bbox 183 2382 216 2441; x_wconf 91' lang='lat' dir='ltr'><strong>in</strong></span> <span class='ocrx_word' id='word_1_160' title='bbox 239 2383 357 2440; x_wconf 84' lang='lat' dir='ltr'><strong>octavis</strong></span> <span class='ocrx_word' id='word_1_161' title='bbox 373 2381 442 2440; x_wconf 82' lang='lat' dir='ltr'><strong>festi</strong></span> <span class='ocrx_word' id='word_1_162' title='bbox 459 2383 542 2440; x_wconf 90' lang='lat' dir='ltr'><strong>beati</strong></span> <span class='ocrx_word' id='word_1_163' title='bbox 565 2383 674 2463; x_wconf 89' lang='lat' dir='ltr'><strong>Jacobi</strong></span> <span class='ocrx_word' id='word_1_164' title='bbox 695 2383 840 2456; x_wconf 90' lang='lat' dir='ltr'><strong>apostoli,</strong></span> <span class='ocrx_word' id='word_1_165' title='bbox 863 2399 943 2440; x_wconf 90' lang='lat' dir='ltr'><strong>nunc</strong></span> <span class='ocrx_word' id='word_1_166' title='bbox 961 2382 1090 2453; x_wconf 89' lang='lat' dir='ltr'><strong>venturi,</strong></span> <span class='ocrx_word' id='word_1_167' title='bbox 1114 2383 1145 2439; x_wconf 91' lang='lat' dir='ltr'><strong>in</strong></span> <span class='ocrx_word' id='word_1_168' title='bbox 1169 2381 1241 2439; x_wconf 90' lang='lat' dir='ltr'><strong>sede</strong></span> <span class='ocrx_word' id='word_1_169' title='bbox 1262 2383 1454 2454; x_wconf 87' lang='lat' dir='ltr'><strong>zagrabiensi</strong></span> 
     </span>
     <span class='ocr_line' id='line_1_19' title="bbox 184 2485 1455 2563; baseline 0 -17"><span class='ocrx_word' id='word_1_170' title='bbox 184 2503 290 2546; x_wconf 88' lang='lat' dir='ltr'><strong>coram</strong></span> <span class='ocrx_word' id='word_1_171' title='bbox 319 2489 410 2546; x_wconf 91' lang='lat' dir='ltr'><strong>nobis</strong></span> <span class='ocrx_word' id='word_1_172' title='bbox 441 2489 587 2546; x_wconf 84' lang='lat' dir='ltr'><strong>exhibere</strong></span> <span class='ocrx_word' id='word_1_173' title='bbox 623 2496 791 2560; x_wconf 90' lang='lat' dir='ltr'><strong>teneantur,</strong></span> <span class='ocrx_word' id='word_1_174' title='bbox 826 2499 859 2546; x_wconf 89' lang='lat' dir='ltr'><strong>ut</strong></span> <span class='ocrx_word' id='word_1_175' title='bbox 882 2491 940 2547; x_wconf 90' lang='lat' dir='ltr'><strong>hiis</strong></span> <span class='ocrx_word' id='word_1_176' title='bbox 965 2489 1040 2546; x_wconf 85' lang='lat' dir='ltr'><strong>visis</strong></span> <span class='ocrx_word' id='word_1_177' title='bbox 1073 2485 1224 2563; x_wconf 87' lang='lat' dir='ltr'><strong>judicium</strong></span> <span class='ocrx_word' id='word_1_178' title='bbox 1247 2494 1277 2545; x_wconf 89' lang='lat' dir='ltr'><strong>et</strong></span> <span class='ocrx_word' id='word_1_179' title='bbox 1299 2486 1455 2562; x_wconf 88' lang='lat' dir='ltr'><strong>justiciam</strong></span> 
     </span>
     <span class='ocr_line' id='line_1_20' title="bbox 184 2592 1454 2670; baseline 0.001 -18"><span class='ocrx_word' id='word_1_180' title='bbox 184 2592 285 2652; x_wconf 84' lang='lat' dir='ltr'><strong>facere</strong></span> <span class='ocrx_word' id='word_1_181' title='bbox 310 2594 470 2652; x_wconf 89' lang='lat' dir='ltr'><strong>valeamus</strong></span> <span class='ocrx_word' id='word_1_182' title='bbox 500 2594 581 2653; x_wconf 90' lang='lat' dir='ltr'><strong>inter</strong></span> <span class='ocrx_word' id='word_1_183' title='bbox 604 2601 708 2669; x_wconf 91' lang='lat' dir='ltr'><strong>partes</strong></span> <span class='ocrx_word' id='word_1_184' title='bbox 731 2596 763 2653; x_wconf 93' lang='lat' dir='ltr'><strong>in</strong></span> <span class='ocrx_word' id='word_1_185' title='bbox 787 2596 957 2670; x_wconf 92' lang='lat' dir='ltr'><strong>premissis,</strong></span> <span class='ocrx_word' id='word_1_186' title='bbox 991 2601 1085 2667; x_wconf 89' lang='lat' dir='ltr'><strong>prout</strong></span> <span class='ocrx_word' id='word_1_187' title='bbox 1109 2592 1239 2651; x_wconf 90' lang='lat' dir='ltr'><strong>dictabit</strong></span> <span class='ocrx_word' id='word_1_188' title='bbox 1262 2594 1339 2652; x_wconf 93' lang='lat' dir='ltr'><strong>ordo</strong></span> <span class='ocrx_word' id='word_1_189' title='bbox 1368 2593 1454 2669; x_wconf 85' lang='lat' dir='ltr'><strong>juris.</strong></span> 
     </span>
     <span class='ocr_line' id='line_1_21' title="bbox 184 2700 1456 2774; baseline -0.001 -15"><span class='ocrx_word' id='word_1_190' title='bbox 184 2701 344 2759; x_wconf 90' lang='lat' dir='ltr'><strong>Presentes</strong></span> <span class='ocrx_word' id='word_1_191' title='bbox 366 2702 472 2774; x_wconf 86' lang='lat' dir='ltr'><strong>sigillo</strong></span> <span class='ocrx_word' id='word_1_192' title='bbox 505 2703 727 2760; x_wconf 87' lang='lat' dir='ltr'><strong>vicebanorum</strong></span> <span class='ocrx_word' id='word_1_193' title='bbox 751 2710 781 2759; x_wconf 90' lang='lat' dir='ltr'><strong>et</strong></span> <span class='ocrx_word' id='word_1_194' title='bbox 812 2703 962 2760; x_wconf 91' lang='lat' dir='ltr'><strong>comitum</strong></span> <span class='ocrx_word' id='word_1_195' title='bbox 994 2707 1172 2758; x_wconf 90' lang='lat' dir='ltr'><strong>nostrorum</strong></span> <span class='ocrx_word' id='word_1_196' title='bbox 1196 2701 1387 2758; x_wconf 89' lang='lat' dir='ltr'><strong>crisiensium</strong></span> <span class='ocrx_word' id='word_1_197' title='bbox 1412 2700 1456 2758; x_wconf 86' lang='lat' dir='ltr'><strong>fe·</strong></span> 
     </span>
     <span class='ocr_line' id='line_1_22' title="bbox 183 2807 1455 2880; baseline -0.001 -15"><span class='ocrx_word' id='word_1_198' title='bbox 183 2807 284 2865; x_wconf 89' lang='lat' dir='ltr'><strong>cimus</strong></span> <span class='ocrx_word' id='word_1_199' title='bbox 306 2808 491 2878; x_wconf 81' lang='lat' dir='ltr'><strong>consignari.</strong></span> <span class='ocrx_word' id='word_1_200' title='bbox 523 2808 640 2865; x_wconf 91' lang='lat' dir='ltr'><strong>Datum</strong></span> <span class='ocrx_word' id='word_1_201' title='bbox 664 2808 755 2866; x_wconf 88' lang='lat' dir='ltr'><strong>Crisii</strong></span> <span class='ocrx_word' id='word_1_202' title='bbox 783 2815 894 2866; x_wconf 89' lang='lat' dir='ltr'><strong>octavo</strong></span> <span class='ocrx_word' id='word_1_203' title='bbox 925 2807 974 2866; x_wconf 91' lang='lat' dir='ltr'><strong>die</strong></span> <span class='ocrx_word' id='word_1_204' title='bbox 1007 2808 1130 2865; x_wconf 88' lang='lat' dir='ltr'><strong>termini</strong></span> <span class='ocrx_word' id='word_1_205' title='bbox 1165 2808 1328 2880; x_wconf 90' lang='lat' dir='ltr'><strong>prenotati.</strong></span> <span class='ocrx_word' id='word_1_206' title='bbox 1364 2808 1455 2865; x_wconf 89' lang='lat' dir='ltr'><strong>Anno</strong></span> 
     </span>
     <span class='ocr_line' id='line_1_23' title="bbox 183 2912 1223 2988; baseline 0 -18"><span class='ocrx_word' id='word_1_207' title='bbox 183 2912 303 2971; x_wconf 89' lang='lat' dir='ltr'><strong>domini</strong></span> <span class='ocrx_word' id='word_1_208' title='bbox 325 2913 496 2970; x_wconf 88' lang='lat' dir='ltr'><strong>millesimo</strong></span> <span class='ocrx_word' id='word_1_209' title='bbox 521 2914 826 2988; x_wconf 86' lang='lat' dir='ltr'><strong>quadringentesimo</strong></span> <span class='ocrx_word' id='word_1_210' title='bbox 850 2913 1110 2986; x_wconf 86' lang='lat' dir='ltr'><strong>quinquagesimo</strong></span> <span class='ocrx_word' id='word_1_211' title='bbox 1134 2927 1223 2970; x_wconf 93' lang='lat' dir='ltr'><strong>nono.</strong></span> 
     </span>
    </p>

    <p class='ocr_par' dir='ltr' id='par_1_3' title="bbox 182 3019 1455 3519">
     <span class='ocr_line' id='line_1_24' title="bbox 291 3019 1454 3094; baseline 0.006 -23"><span class='ocrx_word' id='word_1_212' title='bbox 291 3023 332 3088; x_wconf 82' lang='lat' dir='ltr'><strong>(A</strong></span> <span class='ocrx_word' id='word_1_213' title='bbox 352 3024 447 3088; x_wconf 79' lang='lat' dir='ltr'><strong>tergo).</strong></span> <span class='ocrx_word' id='word_1_214' title='bbox 472 3019 573 3094; x_wconf 90' lang='lat' dir='ltr'><strong>Super</strong></span> <span class='ocrx_word' id='word_1_215' title='bbox 596 3020 780 3079; x_wconf 84' lang='lat' dir='ltr'><strong>exhibendis</strong></span> <span class='ocrx_word' id='word_1_216' title='bbox 804 3019 993 3093; x_wconf 91' lang='lat' dir='ltr'><strong>quibusdam</strong></span> <span class='ocrx_word' id='word_1_217' title='bbox 1023 3019 1211 3076; x_wconf 86' lang='lat' dir='ltr'><strong>litteralibus</strong></span> <span class='ocrx_word' id='word_1_218' title='bbox 1234 3020 1454 3093; x_wconf 89' lang='lat' dir='ltr'><strong>instrumentis,</strong></span> 
     </span>
     <span class='ocr_line' id='line_1_25' title="bbox 184 3124 1455 3201; baseline 0.001 -17"><span class='ocrx_word' id='word_1_219' title='bbox 184 3141 243 3201; x_wconf 95' lang='lat' dir='ltr'><strong>pro</strong></span> <span class='ocrx_word' id='word_1_220' title='bbox 258 3124 369 3201; x_wconf 88' lang='lat' dir='ltr'><strong>judice,</strong></span> <span class='ocrx_word' id='word_1_221' title='bbox 391 3125 510 3201; x_wconf 88' lang='lat' dir='ltr'><strong>juratis,</strong></span> <span class='ocrx_word' id='word_1_222' title='bbox 527 3127 698 3200; x_wconf 89' lang='lat' dir='ltr'><strong>ceterisque</strong></span> <span class='ocrx_word' id='word_1_223' title='bbox 714 3126 836 3185; x_wconf 90' lang='lat' dir='ltr'><strong>civibus</strong></span> <span class='ocrx_word' id='word_1_224' title='bbox 860 3132 890 3184; x_wconf 93' lang='lat' dir='ltr'><strong>et</strong></span> <span class='ocrx_word' id='word_1_225' title='bbox 913 3125 1173 3183; x_wconf 88' lang='lat' dir='ltr'><strong>inhabitatoribus</strong></span> <span class='ocrx_word' id='word_1_226' title='bbox 1196 3126 1329 3184; x_wconf 86' lang='lat' dir='ltr'><strong>civitatis</strong></span> <span class='ocrx_word' id='word_1_227' title='bbox 1350 3143 1455 3199; x_wconf 86' lang='lat' dir='ltr'><strong>zagra-</strong></span> 
     </span>
     <span class='ocr_line' id='line_1_26' title="bbox 184 3231 1455 3305; baseline -0.001 -13"><span class='ocrx_word' id='word_1_228' title='bbox 184 3235 298 3292; x_wconf 87' lang='lat' dir='ltr'><strong>biensis</strong></span> <span class='ocrx_word' id='word_1_229' title='bbox 320 3235 434 3291; x_wconf 90' lang='lat' dir='ltr'><strong>montis</strong></span> <span class='ocrx_word' id='word_1_230' title='bbox 464 3233 626 3292; x_wconf 89' lang='lat' dir='ltr'><strong>Greeensis</strong></span> <span class='ocrx_word' id='word_1_231' title='bbox 657 3240 765 3292; x_wconf 93' lang='lat' dir='ltr'><strong>contra</strong></span> <span class='ocrx_word' id='word_1_232' title='bbox 795 3233 955 3305; x_wconf 84' lang='lat' dir='ltr'><strong>egregium</strong></span> <span class='ocrx_word' id='word_1_233' title='bbox 985 3231 1160 3303; x_wconf 85' lang='lat' dir='ltr'><strong>llennyngh</strong></span> <span class='ocrx_word' id='word_1_234' title='bbox 1192 3231 1230 3288; x_wconf 92' lang='lat' dir='ltr'><strong>de</strong></span> <span class='ocrx_word' id='word_1_235' title='bbox 1254 3232 1455 3291; x_wconf 89' lang='lat' dir='ltr'><strong>Zomzedwar</strong></span> 
     </span>
     <span class='ocr_line' id='line_1_27' title="bbox 183 3336 1454 3423; baseline -0.001 -25"><span class='ocrx_word' id='word_1_236' title='bbox 183 3344 224 3400; x_wconf 94' lang='lat' dir='ltr'><strong>ad</strong></span> <span class='ocrx_word' id='word_1_237' title='bbox 247 3347 372 3398; x_wconf 84' lang='lat' dir='ltr'><strong>octavas</strong></span> <span class='ocrx_word' id='word_1_238' title='bbox 396 3339 465 3398; x_wconf 81' lang='lat' dir='ltr'><strong>festi</strong></span> <span class='ocrx_word' id='word_1_239' title='bbox 492 3342 574 3398; x_wconf 89' lang='lat' dir='ltr'><strong>beati</strong></span> <span class='ocrx_word' id='word_1_240' title='bbox 604 3341 715 3423; x_wconf 88' lang='lat' dir='ltr'><strong>Jacobi</strong></span> <span class='ocrx_word' id='word_1_241' title='bbox 746 3340 880 3413; x_wconf 91' lang='lat' dir='ltr'><strong>apostoli</strong></span> <span class='ocrx_word' id='word_1_242' title='bbox 911 3339 942 3394; x_wconf 94' lang='lat' dir='ltr'><strong>in</strong></span> <span class='ocrx_word' id='word_1_243' title='bbox 974 3336 1080 3394; x_wconf 90' lang='lat' dir='ltr'><strong>sedem</strong></span> <span class='ocrx_word' id='word_1_244' title='bbox 1111 3337 1352 3410; x_wconf 83' lang='lat' dir='ltr'><strong>zagrabiensem,</strong></span> <span class='ocrx_word' id='word_1_245' title='bbox 1384 3354 1454 3413; x_wconf 91' lang='lat' dir='ltr'><strong>pro·</strong></span> 
     </span>
     <span class='ocr_line' id='line_1_28' title="bbox 182 3447 348 3519; baseline 0.006 -15"><span class='ocrx_word' id='word_1_246' title='bbox 182 3447 348 3519; x_wconf 82' lang='lat' dir='ltr'><strong>rogatorie.</strong></span> 
     </span>
    </p>
   </div>
   <div class='ocr_carea' id='block_1_3' title="bbox 182 3580 1454 3734">
    <p class='ocr_par' dir='ltr' id='par_1_4' title="bbox 182 3580 1454 3734">
     <span class='ocr_line' id='line_1_29' title="bbox 292 3580 1454 3647; baseline -0.001 -16"><span class='ocrx_word' id='word_1_247' title='bbox 292 3581 426 3645; x_wconf 84' lang='lat' dir='ltr'><strong>Originale</strong></span> <span class='ocrx_word' id='word_1_248' title='bbox 445 3583 471 3631; x_wconf 89' lang='lat' dir='ltr'><strong>in</strong></span> <span class='ocrx_word' id='word_1_249' title='bbox 489 3582 584 3632; x_wconf 87' lang='lat' dir='ltr'><strong>charta.</strong></span> <span class='ocrx_word' id='word_1_250' title='bbox 605 3583 632 3630; x_wconf 90' lang='lat' dir='ltr'><strong>A</strong></span> <span class='ocrx_word' id='word_1_251' title='bbox 652 3591 724 3644; x_wconf 83' lang='lat' dir='ltr'><strong>tergo</strong></span> <span class='ocrx_word' id='word_1_252' title='bbox 744 3581 852 3645; x_wconf 83' lang='lat' dir='ltr'><strong>vestigia</strong></span> <span class='ocrx_word' id='word_1_253' title='bbox 869 3581 977 3630; x_wconf 92' lang='lat' dir='ltr'><strong>duorum</strong></span> <span class='ocrx_word' id='word_1_254' title='bbox 997 3580 1149 3644; x_wconf 86' lang='lat' dir='ltr'><strong>sigillorum.</strong></span> <span class='ocrx_word' id='word_1_255' title='bbox 1170 3584 1201 3630; x_wconf 90' lang='lat' dir='ltr'><strong>In</strong></span> <span class='ocrx_word' id='word_1_256' title='bbox 1220 3582 1316 3633; x_wconf 86' lang='lat' dir='ltr'><strong>archiv.</strong></span> <span class='ocrx_word' id='word_1_257' title='bbox 1335 3581 1381 3632; x_wconf 86' lang='lat' dir='ltr'><strong>lib.</strong></span> <span class='ocrx_word' id='word_1_258' title='bbox 1402 3600 1454 3647; x_wconf 85' lang='lat' dir='ltr'><strong>reg.</strong></span> 
     </span>
     <span class='ocr_line' id='line_1_30' title="bbox 182 3671 434 3734; baseline 0.004 -14"><span class='ocrx_word' id='word_1_259' title='bbox 182 3672 233 3720; x_wconf 82' lang='lat' dir='ltr'><strong>civ.</strong></span> <span class='ocrx_word' id='word_1_260' title='bbox 253 3671 434 3734; x_wconf 84' lang='lat' dir='ltr'><strong>zagrabieusis.</strong></span> 
     </span>
    </p>
   </div>
   <div class='ocr_carea' id='block_1_4' title="bbox 782 3900 861 3966">
    <p class='ocr_par' dir='ltr' id='par_1_5' title="bbox 782 3900 861 3966">
     <span class='ocr_line' id='line_1_31' title="bbox 782 3900 861 3966; baseline -0.013 0"><span class='ocrx_word' id='word_1_261' title='bbox 782 3900 861 3966; x_wconf 85' lang='lat'>215.</span> 
     </span>
    </p>
   </div>
   <div class='ocr_carea' id='block_1_5' title="bbox 291 4043 746 4108">
    <p class='ocr_par' dir='ltr' id='par_1_6' title="bbox 291 4043 746 4108">
     <span class='ocr_line' id='line_1_32' title="bbox 291 4043 746 4108; baseline 0.004 -16"><span class='ocrx_word' id='word_1_262' title='bbox 291 4044 372 4093; x_wconf 83' lang='lat' dir='ltr'><strong>Auno</strong></span> <span class='ocrx_word' id='word_1_263' title='bbox 395 4055 470 4108; x_wconf 81' lang='lat'><strong>1459,</strong></span> <span class='ocrx_word' id='word_1_264' title='bbox 492 4054 532 4094; x_wconf 92' lang='lat'><strong>20.</strong></span> <span class='ocrx_word' id='word_1_265' title='bbox 550 4043 632 4106; x_wconf 89' lang='lat' dir='ltr'><strong>Junii.</strong></span> <span class='ocrx_word' id='word_1_266' title='bbox 650 4043 746 4094; x_wconf 87' lang='lat' dir='ltr'><strong>Budae.</strong></span> 
     </span>
    </p>
   </div>
   <div class='ocr_carea' id='block_1_6' title="bbox 182 4169 1454 4351">
    <p class='ocr_par' dir='ltr' id='par_1_7' title="bbox 182 4169 1454 4351">
     <span class='ocr_line' id='line_1_33' title="bbox 182 4169 1454 4243; baseline -0.001 -15"><span class='ocrx_word' id='word_1_267' title='bbox 182 4170 321 4228; x_wconf 78' lang='lat' dir='ltr'><strong>Mothios</strong></span> <span class='ocrx_word' id='word_1_268' title='bbox 343 4170 521 4241; x_wconf 83' lang='lat' dir='ltr'><strong>Hungoriac</strong></span> <span class='ocrx_word' id='word_1_269' title='bbox 545 4176 592 4226; x_wconf 81' lang='lat' dir='ltr'><strong>etc.</strong></span> <span class='ocrx_word' id='word_1_270' title='bbox 619 4188 682 4239; x_wconf 83' lang='lat' dir='ltr'><strong>rex,</strong></span> <span class='ocrx_word' id='word_1_271' title='bbox 705 4171 903 4227; x_wconf 80' lang='lat' dir='ltr'><strong>communitati</strong></span> <span class='ocrx_word' id='word_1_272' title='bbox 925 4172 1050 4228; x_wconf 81' lang='lat' dir='ltr'><strong>civitatis</strong></span> <span class='ocrx_word' id='word_1_273' title='bbox 1066 4169 1218 4243; x_wconf 72' lang='lat' dir='ltr'><strong>praedicit,</strong></span> <span class='ocrx_word' id='word_1_274' title='bbox 1241 4188 1277 4226; x_wconf 86' lang='lat' dir='ltr'><strong>ne</strong></span> <span class='ocrx_word' id='word_1_275' title='bbox 1298 4171 1454 4243; x_wconf 78' lang='lat' dir='ltr'><strong>capitulum</strong></span> 
     </span>
     <span class='ocr_line' id='line_1_34' title="bbox 220 4275 1415 4351; baseline 0 -19"><span class='ocrx_word' id='word_1_276' title='bbox 220 4295 240 4332; x_wconf 89' lang='lat' dir='ltr'><strong>o</strong></span> <span class='ocrx_word' id='word_1_277' title='bbox 248 4277 428 4349; x_wconf 78' lang='lat' dir='ltr'><strong>possessione</strong></span> <span class='ocrx_word' id='word_1_278' title='bbox 450 4276 616 4334; x_wconf 78' lang='lat' dir='ltr'><strong>munitionis</strong></span> <span class='ocrx_word' id='word_1_279' title='bbox 639 4276 687 4332; x_wconf 84' lang='lat' dir='ltr'><strong>ocl</strong></span> <span class='ocrx_word' id='word_1_280' title='bbox 705 4277 796 4332; x_wconf 82' lang='lat' dir='ltr'><strong>tum&#39;s</strong></span> <span class='ocrx_word' id='word_1_281' title='bbox 821 4276 941 4351; x_wconf 68' lang='lat' dir='ltr'><strong>„Popoo</strong></span> <span class='ocrx_word' id='word_1_282' title='bbox 956 4276 1060 4332; x_wconf 50' lang='grc' dir='ltr'><strong>ἵκων(</strong></span> <span class='ocrx_word' id='word_1_283' title='bbox 1085 4275 1249 4331; x_wconf 77' lang='lat' dir='ltr'><strong>nontiootoc</strong></span> <span class='ocrx_word' id='word_1_284' title='bbox 1271 4283 1415 4332; x_wconf 81' lang='lat' dir='ltr'><strong>arceatur.</strong></span> 
     </span>
    </p>
   </div>
   <div class='ocr_carea' id='block_1_7' title="bbox 182 4412 1456 5030">
    <p class='ocr_par' dir='ltr' id='par_1_8' title="bbox 182 4412 1456 5030">
     <span class='ocr_line' id='line_1_35' title="bbox 895 4412 1383 4479; baseline 0.002 -17"><span class='ocrx_word' id='word_1_285' title='bbox 895 4413 1050 4463; x_wconf 78' lang='lat' dir='ltr'><strong>commissio</strong></span> <span class='ocrx_word' id='word_1_286' title='bbox 1069 4414 1173 4479; x_wconf 84' lang='lat' dir='ltr'><strong>propria</strong></span> <span class='ocrx_word' id='word_1_287' title='bbox 1189 4412 1288 4461; x_wconf 87' lang='lat' dir='ltr'><strong>domiui</strong></span> <span class='ocrx_word' id='word_1_288' title='bbox 1308 4413 1383 4477; x_wconf 82' lang='lat' dir='ltr'><strong>regis.</strong></span> 
     </span>
     <span class='ocr_line' id='line_1_36' title="bbox 293 4524 1454 4599; baseline -0.001 -16"><span class='ocrx_word' id='word_1_289' title='bbox 293 4526 425 4584; x_wconf 83' lang='lat' dir='ltr'><strong>hlathias</strong></span> <span class='ocrx_word' id='word_1_290' title='bbox 456 4525 507 4584; x_wconf 91' lang='lat' dir='ltr'><strong>dei</strong></span> <span class='ocrx_word' id='word_1_291' title='bbox 537 4527 642 4598; x_wconf 82' lang='lat' dir='ltr'><strong>gracia</strong></span> <span class='ocrx_word' id='word_1_292' title='bbox 672 4542 728 4585; x_wconf 85' lang='lat' dir='ltr'><strong>rex</strong></span> <span class='ocrx_word' id='word_1_293' title='bbox 752 4526 918 4599; x_wconf 86' lang='lat' dir='ltr'><strong>Hungarie,</strong></span> <span class='ocrx_word' id='word_1_294' title='bbox 941 4524 1109 4595; x_wconf 89' lang='lat' dir='ltr'><strong>Dalmacie,</strong></span> <span class='ocrx_word' id='word_1_295' title='bbox 1134 4524 1262 4582; x_wconf 90' lang='lat' dir='ltr'><strong>Croacie</strong></span> <span class='ocrx_word' id='word_1_296' title='bbox 1284 4528 1339 4583; x_wconf 93' lang='lat' dir='ltr'><strong>etc.</strong></span> <span class='ocrx_word' id='word_1_297' title='bbox 1365 4524 1454 4582; x_wconf 89' lang='lat' dir='ltr'><strong>Fide·</strong></span> 
     </span>
     <span class='ocr_line' id='line_1_37' title="bbox 185 4630 1456 4708; baseline -0.002 -18"><span class='ocrx_word' id='word_1_298' title='bbox 185 4633 273 4691; x_wconf 88' lang='lat' dir='ltr'><strong>libus</strong></span> <span class='ocrx_word' id='word_1_299' title='bbox 295 4633 409 4691; x_wconf 91' lang='lat' dir='ltr'><strong>nostris</strong></span> <span class='ocrx_word' id='word_1_300' title='bbox 429 4630 534 4708; x_wconf 89' lang='lat' dir='ltr'><strong>judici,</strong></span> <span class='ocrx_word' id='word_1_301' title='bbox 549 4630 668 4707; x_wconf 87' lang='lat' dir='ltr'><strong>juratis,</strong></span> <span class='ocrx_word' id='word_1_302' title='bbox 684 4633 856 4705; x_wconf 90' lang='lat' dir='ltr'><strong>ceterisque</strong></span> <span class='ocrx_word' id='word_1_303' title='bbox 872 4631 992 4689; x_wconf 88' lang='lat' dir='ltr'><strong>civibus</strong></span> <span class='ocrx_word' id='word_1_304' title='bbox 1017 4639 1046 4688; x_wconf 90' lang='lat' dir='ltr'><strong>et</strong></span> <span class='ocrx_word' id='word_1_305' title='bbox 1070 4633 1125 4690; x_wconf 91' lang='lat' dir='ltr'><strong>toti</strong></span> <span class='ocrx_word' id='word_1_306' title='bbox 1149 4631 1367 4689; x_wconf 90' lang='lat' dir='ltr'><strong>communitati</strong></span> <span class='ocrx_word' id='word_1_307' title='bbox 1382 4630 1456 4688; x_wconf 88' lang='lat' dir='ltr'><strong>civi·</strong></span> 
     </span>
     <span class='ocr_line' id='line_1_38' title="bbox 183 4735 1453 4811; baseline -0.002 -14"><span class='ocrx_word' id='word_1_308' title='bbox 183 4739 258 4797; x_wconf 86' lang='lat' dir='ltr'><strong>tatis</strong></span> <span class='ocrx_word' id='word_1_309' title='bbox 281 4744 386 4797; x_wconf 88' lang='lat' dir='ltr'><strong>nostre</strong></span> <span class='ocrx_word' id='word_1_310' title='bbox 408 4738 524 4797; x_wconf 92' lang='lat' dir='ltr'><strong>montis</strong></span> <span class='ocrx_word' id='word_1_311' title='bbox 539 4735 702 4797; x_wconf 89' lang='lat' dir='ltr'><strong>Greeensis</strong></span> <span class='ocrx_word' id='word_1_312' title='bbox 717 4737 852 4796; x_wconf 88' lang='lat' dir='ltr'><strong>salutem</strong></span> <span class='ocrx_word' id='word_1_313' title='bbox 868 4743 897 4794; x_wconf 98' lang='lat' dir='ltr'><strong>et</strong></span> <span class='ocrx_word' id='word_1_314' title='bbox 920 4737 1066 4809; x_wconf 86' lang='lat' dir='ltr'><strong>graciam.</strong></span> <span class='ocrx_word' id='word_1_315' title='bbox 1090 4737 1123 4794; x_wconf 92' lang='lat' dir='ltr'><strong>ln</strong></span> <span class='ocrx_word' id='word_1_316' title='bbox 1147 4738 1288 4811; x_wconf 91' lang='lat' dir='ltr'><strong>personis</strong></span> <span class='ocrx_word' id='word_1_317' title='bbox 1311 4736 1453 4794; x_wconf 90' lang='lat' dir='ltr'><strong>fidelium</strong></span> 
     </span>
     <span class='ocr_line' id='line_1_39' title="bbox 182 4845 1454 4919; baseline -0.002 -15"><span class='ocrx_word' id='word_1_318' title='bbox 182 4849 364 4904; x_wconf 85' lang='lat' dir='ltr'><strong>nostrorum</strong></span> <span class='ocrx_word' id='word_1_319' title='bbox 387 4845 608 4904; x_wconf 87' lang='lat' dir='ltr'><strong>canonicorum</strong></span> <span class='ocrx_word' id='word_1_320' title='bbox 633 4845 672 4903; x_wconf 93' lang='lat' dir='ltr'><strong>de</strong></span> <span class='ocrx_word' id='word_1_321' title='bbox 687 4845 824 4919; x_wconf 91' lang='lat' dir='ltr'><strong>capitulo</strong></span> <span class='ocrx_word' id='word_1_322' title='bbox 848 4845 977 4903; x_wconf 88' lang='lat' dir='ltr'><strong>ecclesie</strong></span> <span class='ocrx_word' id='word_1_323' title='bbox 991 4845 1199 4917; x_wconf 82' lang='lat' dir='ltr'><strong>zagrabiensis</strong></span> <span class='ocrx_word' id='word_1_324' title='bbox 1222 4852 1326 4903; x_wconf 90' lang='lat' dir='ltr'><strong>nostre</strong></span> <span class='ocrx_word' id='word_1_325' title='bbox 1342 4860 1454 4918; x_wconf 89' lang='lat' dir='ltr'><strong>queru-</strong></span> 
     </span>
     <span class='ocr_line' id='line_1_40' title="bbox 184 4943 1455 5030; baseline -0.001 -21"><span class='ocrx_word' id='word_1_326' title='bbox 184 4951 252 5009; x_wconf 83' lang='lat' dir='ltr'><strong>lose</strong></span> <span class='ocrx_word' id='word_1_327' title='bbox 282 4950 437 5025; x_wconf 79' lang='lat' dir='ltr'><strong>detegitur</strong></span> <span class='ocrx_word' id='word_1_328' title='bbox 463 4952 626 5022; x_wconf 91' lang='lat' dir='ltr'><strong>maiestati,</strong></span> <span class='ocrx_word' id='word_1_329' title='bbox 651 4950 786 5025; x_wconf 88' lang='lat' dir='ltr'><strong>qualiter</strong></span> <span class='ocrx_word' id='word_1_330' title='bbox 808 4966 866 5009; x_wconf 85' lang='lat' dir='ltr'><strong>vos</strong></span> <span class='ocrx_word' id='word_1_331' title='bbox 890 4951 973 5024; x_wconf 86' lang='lat' dir='ltr'><strong>ipsos</strong></span> <span class='ocrx_word' id='word_1_332' title='bbox 997 4945 1041 5030; x_wconf 90' lang='lat' dir='ltr'><strong>(in</strong></span> <span class='ocrx_word' id='word_1_333' title='bbox 1064 4943 1270 5028; x_wconf 88' lang='lat' dir='ltr'><strong>possessione)</strong></span> <span class='ocrx_word' id='word_1_334' title='bbox 1293 4951 1455 5010; x_wconf 87' lang='lat' dir='ltr'><strong>cuiusdam</strong></span> 
     </span>
    </p>
   </div>
   <div class='ocr_carea' id='block_1_8' title="bbox 1331 5081 1348 5113">
    <p class='ocr_par' dir='ltr' id='par_1_9' title="bbox 1331 5081 1348 5113">
     <span class='ocr_line' id='line_1_41' title="bbox 1331 5081 1348 5113; baseline 0 0"><span class='ocrx_word' id='word_1_335' title='bbox 1331 5081 1348 5113; x_wconf 64' lang='lat' dir='ltr'><strong>²ss</strong></span> 
     </span>
    </p>
   </div>
   <div class='ocr_carea' id='block_1_9' title="bbox 0 0 1644 5348">
    <p class='ocr_par' dir='ltr' id='par_1_10' title="bbox 0 0 1644 5348">
     <span class='ocr_line' id='line_1_42' title="bbox 0 0 1644 5348; baseline 0 0"><span class='ocrx_word' id='word_1_336' title='bbox 0 0 1644 5348; x_wconf 95' lang='lat' dir='ltr'><strong> </strong></span> 
     </span>
    </p>
   </div>
  </div>
 </body>
</html>
