<?xml version="1.0" encoding="UTF-8"?>
<!DOCTYPE html PUBLIC "-//W3C//DTD XHTML 1.0 Transitional//EN"
    "http://www.w3.org/TR/xhtml1/DTD/xhtml1-transitional.dtd">
<html xmlns="http://www.w3.org/1999/xhtml" xml:lang="en" lang="en">
 <head>
  <title>
</title>
<meta http-equiv="Content-Type" content="text/html;charset=utf-8" />
  <meta name='ocr-system' content='tesseract 3.04.00' />
  <meta name='ocr-capabilities' content='ocr_page ocr_carea ocr_par ocr_line ocrx_word'/>
</head>
<body>
  <div class='ocr_page' id='page_1' title='image "./monumentahistor01laszgoog_0785.png"; bbox 0 0 3278 5348; ppageno 0'>
   <div class='ocr_carea' id='block_1_1' title="bbox 563 447 995 522">
    <p class='ocr_par' dir='ltr' id='par_1_1' title="bbox 563 447 995 522">
     <span class='ocr_line' id='line_1_1' title="bbox 563 447 995 522; baseline 0.002 -20"><span class='ocrx_word' id='word_1_1' title='bbox 563 447 635 503; x_wconf 84' lang='lat' dir='ltr'>Doc.</span> <span class='ocrx_word' id='word_1_2' title='bbox 652 459 729 521; x_wconf 66' lang='lat'><em>3941.</em></span> <span class='ocrx_word' id='word_1_3' title='bbox 758 480 797 488; x_wconf 88' lang='lat'>-</span> <span class='ocrx_word' id='word_1_4' title='bbox 822 447 878 507; x_wconf 83' lang='lat' dir='ltr'>An.</span> <span class='ocrx_word' id='word_1_5' title='bbox 903 460 995 522; x_wconf 74' lang='lat'><em>1499.</em></span> 
     </span>
    </p>
   </div>
   <div class='ocr_carea' id='block_1_2' title="bbox 419 551 706 558">
    <p class='ocr_par' dir='ltr' id='par_1_2' title="bbox 419 551 706 558">
     <span class='ocr_line' id='line_1_2' title="bbox 419 551 706 558; baseline -0.003 0"><span class='ocrx_word' id='word_1_6' title='bbox 419 554 432 558; x_wconf 82' lang='lat'>..</span> <span class='ocrx_word' id='word_1_7' title='bbox 438 553 477 558; x_wconf 86' lang='lat'>—</span> <span class='ocrx_word' id='word_1_8' title='bbox 483 553 493 558; x_wconf 91' lang='lat'>.-</span> <span class='ocrx_word' id='word_1_9' title='bbox 503 551 706 558; x_wconf 74' lang='lat'><strong>--..—.-—--——</strong></span> 
     </span>
    </p>
   </div>
   <div class='ocr_carea' id='block_1_3' title="bbox 181 660 1456 4994">
    <p class='ocr_par' dir='ltr' id='par_1_3' title="bbox 181 660 1456 4994">
     <span class='ocr_line' id='line_1_3' title="bbox 187 660 1452 729; baseline 0.006 -8"><span class='ocrx_word' id='word_1_10' title='bbox 187 663 278 721; x_wconf 90' lang='lat' dir='ltr'>bonis</span> <span class='ocrx_word' id='word_1_11' title='bbox 301 661 397 720; x_wconf 88' lang='lat' dir='ltr'>michi</span> <span class='ocrx_word' id='word_1_12' title='bbox 421 678 439 720; x_wconf 92' lang='lat' dir='ltr'>a</span> <span class='ocrx_word' id='word_1_13' title='bbox 463 662 591 721; x_wconf 90' lang='lat' dir='ltr'>domino</span> <span class='ocrx_word' id='word_1_14' title='bbox 613 661 673 719; x_wconf 90' lang='lat' dir='ltr'>deo</span> <span class='ocrx_word' id='word_1_15' title='bbox 695 660 819 719; x_wconf 89' lang='lat' dir='ltr'>collatis</span> <span class='ocrx_word' id='word_1_16' title='bbox 842 662 904 720; x_wconf 91' lang='lat' dir='ltr'>tale</span> <span class='ocrx_word' id='word_1_17' title='bbox 927 662 1036 721; x_wconf 89' lang='lat' dir='ltr'>ordino</span> <span class='ocrx_word' id='word_1_18' title='bbox 1060 668 1089 720; x_wconf 90' lang='lat' dir='ltr'>et</span> <span class='ocrx_word' id='word_1_19' title='bbox 1114 661 1193 722; x_wconf 88' lang='lat' dir='ltr'>facio</span> <span class='ocrx_word' id='word_1_20' title='bbox 1216 670 1452 729; x_wconf 86' lang='lat' dir='ltr'>testamentum:</span> 
     </span>
     <span class='ocr_line' id='line_1_4' title="bbox 189 767 1452 842; baseline 0.006 -15"><span class='ocrx_word' id='word_1_21' title='bbox 189 769 294 827; x_wconf 91' lang='lat' dir='ltr'>Primo</span> <span class='ocrx_word' id='word_1_22' title='bbox 316 769 421 841; x_wconf 90' lang='lat' dir='ltr'>itaque</span> <span class='ocrx_word' id='word_1_23' title='bbox 445 768 520 826; x_wconf 91' lang='lat' dir='ltr'>dum</span> <span class='ocrx_word' id='word_1_24' title='bbox 544 767 650 826; x_wconf 86' lang='lat' dir='ltr'>divine</span> <span class='ocrx_word' id='word_1_25' title='bbox 671 767 828 825; x_wconf 86' lang='lat' dir='ltr'>voluntati</span> <span class='ocrx_word' id='word_1_26' title='bbox 870 768 1022 842; x_wconf 89' lang='lat' dir='ltr'>placuerit</span> <span class='ocrx_word' id='word_1_27' title='bbox 1045 769 1182 826; x_wconf 91' lang='lat' dir='ltr'>animam</span> <span class='ocrx_word' id='word_1_28' title='bbox 1206 785 1310 829; x_wconf 91' lang='lat' dir='ltr'>meam</span> <span class='ocrx_word' id='word_1_29' title='bbox 1335 788 1373 831; x_wconf 88' lang='lat' dir='ltr'>ex</span> <span class='ocrx_word' id='word_1_30' title='bbox 1389 776 1452 834; x_wconf 92' lang='lat' dir='ltr'>hoc</span> 
     </span>
     <span class='ocr_line' id='line_1_5' title="bbox 185 872 1452 950; baseline 0.005 -17"><span class='ocrx_word' id='word_1_31' title='bbox 185 874 290 947; x_wconf 85' lang='lat' dir='ltr'>fragili</span> <span class='ocrx_word' id='word_1_32' title='bbox 312 889 443 949; x_wconf 90' lang='lat' dir='ltr'>corpore</span> <span class='ocrx_word' id='word_1_33' title='bbox 466 889 632 945; x_wconf 86' lang='lat' dir='ltr'>assumere,</span> <span class='ocrx_word' id='word_1_34' title='bbox 656 872 842 932; x_wconf 89' lang='lat' dir='ltr'>commendo</span> <span class='ocrx_word' id='word_1_35' title='bbox 866 889 935 931; x_wconf 87' lang='lat' dir='ltr'>earn</span> <span class='ocrx_word' id='word_1_36' title='bbox 951 874 1011 948; x_wconf 91' lang='lat' dir='ltr'>ipsi</span> <span class='ocrx_word' id='word_1_37' title='bbox 1028 873 1086 932; x_wconf 92' lang='lat' dir='ltr'>deo</span> <span class='ocrx_word' id='word_1_38' title='bbox 1099 876 1312 950; x_wconf 75' lang='lat' dir='ltr'>omnipotenti,</span> <span class='ocrx_word' id='word_1_39' title='bbox 1335 893 1371 936; x_wconf 87' lang='lat' dir='ltr'>ac</span> <span class='ocrx_word' id='word_1_40' title='bbox 1387 880 1452 939; x_wconf 94' lang='lat' dir='ltr'>eius</span> 
     </span>
     <span class='ocr_line' id='line_1_6' title="bbox 187 979 1451 1060; baseline 0.006 -21"><span class='ocrx_word' id='word_1_41' title='bbox 187 982 330 1055; x_wconf 87' lang='lat' dir='ltr'>genitrici</span> <span class='ocrx_word' id='word_1_42' title='bbox 360 981 475 1055; x_wconf 90' lang='lat' dir='ltr'>virgini</span> <span class='ocrx_word' id='word_1_43' title='bbox 505 979 641 1053; x_wconf 82' lang='lat' dir='ltr'>gloriose</span> <span class='ocrx_word' id='word_1_44' title='bbox 675 986 705 1038; x_wconf 90' lang='lat' dir='ltr'>et</span> <span class='ocrx_word' id='word_1_45' title='bbox 729 980 876 1038; x_wconf 93' lang='lat' dir='ltr'>omnibus</span> <span class='ocrx_word' id='word_1_46' title='bbox 906 980 1019 1038; x_wconf 85' lang='lat' dir='ltr'>sanctis</span> <span class='ocrx_word' id='word_1_47' title='bbox 1043 980 1124 1051; x_wconf 90' lang='lat' dir='ltr'>eius;</span> <span class='ocrx_word' id='word_1_48' title='bbox 1147 982 1344 1055; x_wconf 80' lang='lat' dir='ltr'>sepulturam</span> <span class='ocrx_word' id='word_1_49' title='bbox 1367 985 1451 1060; x_wconf 80' lang='lat' dir='ltr'>eligo</span> 
     </span>
     <span class='ocr_line' id='line_1_7' title="bbox 188 1086 1456 1160; baseline 0.005 -14"><span class='ocrx_word' id='word_1_50' title='bbox 188 1088 220 1146; x_wconf 90' lang='lat' dir='ltr'>in</span> <span class='ocrx_word' id='word_1_51' title='bbox 243 1087 373 1146; x_wconf 92' lang='lat' dir='ltr'>ecclesia</span> <span class='ocrx_word' id='word_1_52' title='bbox 396 1101 466 1145; x_wconf 90' lang='lat' dir='ltr'>mea</span> <span class='ocrx_word' id='word_1_53' title='bbox 489 1086 682 1159; x_wconf 88' lang='lat' dir='ltr'>zagrabiensi</span> <span class='ocrx_word' id='word_1_54' title='bbox 695 1091 766 1143; x_wconf 91' lang='lat' dir='ltr'>ante</span> <span class='ocrx_word' id='word_1_55' title='bbox 789 1100 876 1143; x_wconf 87' lang='lat' dir='ltr'>aram</span> <span class='ocrx_word' id='word_1_56' title='bbox 899 1100 1041 1160; x_wconf 85' lang='lat' dir='ltr'>parvam,</span> <span class='ocrx_word' id='word_1_57' title='bbox 1066 1100 1160 1159; x_wconf 89' lang='lat' dir='ltr'>quam</span> <span class='ocrx_word' id='word_1_58' title='bbox 1183 1093 1255 1145; x_wconf 93' lang='lat' dir='ltr'>ante</span> <span class='ocrx_word' id='word_1_59' title='bbox 1276 1092 1456 1152; x_wconf 82' lang='lat' dir='ltr'>venerabile</span> 
     </span>
     <span class='ocr_line' id='line_1_8' title="bbox 188 1190 1453 1270; baseline 0.003 -18"><span class='ocrx_word' id='word_1_60' title='bbox 188 1201 417 1252; x_wconf 81' lang='lat' dir='ltr'>sacramentum</span> <span class='ocrx_word' id='word_1_61' title='bbox 441 1191 480 1250; x_wconf 91' lang='lat' dir='ltr'>de</span> <span class='ocrx_word' id='word_1_62' title='bbox 502 1206 585 1250; x_wconf 86' lang='lat' dir='ltr'>novo</span> <span class='ocrx_word' id='word_1_63' title='bbox 606 1192 724 1265; x_wconf 88' lang='lat' dir='ltr'>erigere</span> <span class='ocrx_word' id='word_1_64' title='bbox 747 1192 899 1249; x_wconf 88' lang='lat' dir='ltr'>commisi.</span> <span class='ocrx_word' id='word_1_65' title='bbox 918 1190 1048 1249; x_wconf 88' lang='lat' dir='ltr'>Pecunie</span> <span class='ocrx_word' id='word_1_66' title='bbox 1063 1205 1139 1249; x_wconf 87' lang='lat' dir='ltr'>vero</span> <span class='ocrx_word' id='word_1_67' title='bbox 1162 1197 1192 1250; x_wconf 90' lang='lat' dir='ltr'>et</span> <span class='ocrx_word' id='word_1_68' title='bbox 1216 1210 1265 1251; x_wconf 92' lang='lat' dir='ltr'>res</span> <span class='ocrx_word' id='word_1_69' title='bbox 1275 1210 1352 1267; x_wconf 87' lang='lat' dir='ltr'>mee,</span> <span class='ocrx_word' id='word_1_70' title='bbox 1375 1214 1453 1270; x_wconf 90' lang='lat' dir='ltr'>quas</span> 
     </span>
     <span class='ocr_line' id='line_1_9' title="bbox 189 1295 1451 1378; baseline 0.002 -19"><span class='ocrx_word' id='word_1_71' title='bbox 189 1301 299 1369; x_wconf 87' lang='lat' dir='ltr'>habeo,</span> <span class='ocrx_word' id='word_1_72' title='bbox 322 1299 548 1358; x_wconf 88' lang='lat' dir='ltr'>distribuantur</span> <span class='ocrx_word' id='word_1_73' title='bbox 585 1297 680 1355; x_wconf 92' lang='lat' dir='ltr'>modo</span> <span class='ocrx_word' id='word_1_74' title='bbox 712 1295 927 1371; x_wconf 91' lang='lat' dir='ltr'>infrascripto:</span> <span class='ocrx_word' id='word_1_75' title='bbox 961 1297 1066 1355; x_wconf 91' lang='lat' dir='ltr'>Primo</span> <span class='ocrx_word' id='word_1_76' title='bbox 1097 1299 1293 1358; x_wconf 90' lang='lat' dir='ltr'>serenissimo</span> <span class='ocrx_word' id='word_1_77' title='bbox 1318 1303 1451 1378; x_wconf 86' lang='lat' dir='ltr'>principi</span> 
     </span>
     <span class='ocr_line' id='line_1_10' title="bbox 188 1403 1455 1482; baseline 0.003 -18"><span class='ocrx_word' id='word_1_78' title='bbox 188 1407 315 1467; x_wconf 87' lang='lat' dir='ltr'>domino</span> <span class='ocrx_word' id='word_1_79' title='bbox 348 1404 525 1463; x_wconf 85' lang='lat' dir='ltr'>Wladislao</span> <span class='ocrx_word' id='word_1_80' title='bbox 555 1403 723 1477; x_wconf 88' lang='lat' dir='ltr'>Hungan&#39;e,</span> <span class='ocrx_word' id='word_1_81' title='bbox 746 1403 955 1476; x_wconf 88' lang='lat' dir='ltr'>Bohemieque</span> <span class='ocrx_word' id='word_1_82' title='bbox 977 1404 1043 1476; x_wconf 91' lang='lat' dir='ltr'>regi</span> <span class='ocrx_word' id='word_1_83' title='bbox 1066 1411 1121 1462; x_wconf 90' lang='lat' dir='ltr'>etc.</span> <span class='ocrx_word' id='word_1_84' title='bbox 1145 1403 1272 1464; x_wconf 93' lang='lat' dir='ltr'>domino</span> <span class='ocrx_word' id='word_1_85' title='bbox 1291 1423 1362 1466; x_wconf 91' lang='lat' dir='ltr'>meo</span> <span class='ocrx_word' id='word_1_86' title='bbox 1385 1425 1455 1482; x_wconf 88' lang='lat' dir='ltr'>gra·</span> 
     </span>
     <span class='ocr_line' id='line_1_11' title="bbox 190 1509 1455 1585; baseline 0.003 -15"><span class='ocrx_word' id='word_1_87' title='bbox 190 1513 373 1583; x_wconf 89' lang='lat' dir='ltr'>ciosissimo,</span> <span class='ocrx_word' id='word_1_88' title='bbox 396 1511 469 1585; x_wconf 89' lang='lat' dir='ltr'>lego</span> <span class='ocrx_word' id='word_1_89' title='bbox 500 1510 607 1568; x_wconf 90' lang='lat' dir='ltr'>decem</span> <span class='ocrx_word' id='word_1_90' title='bbox 632 1509 734 1567; x_wconf 87' lang='lat' dir='ltr'>millia</span> <span class='ocrx_word' id='word_1_91' title='bbox 756 1509 944 1568; x_wconf 77' lang='lat' dir='ltr'>florenorum</span> <span class='ocrx_word' id='word_1_92' title='bbox 967 1516 998 1567; x_wconf 92' lang='lat' dir='ltr'>et</span> <span class='ocrx_word' id='word_1_93' title='bbox 1021 1509 1104 1567; x_wconf 90' lang='lat' dir='ltr'>ultra</span> <span class='ocrx_word' id='word_1_94' title='bbox 1127 1510 1193 1582; x_wconf 89' lang='lat' dir='ltr'>ista,</span> <span class='ocrx_word' id='word_1_95' title='bbox 1217 1512 1275 1570; x_wconf 87' lang='lat' dir='ltr'>tria</span> <span class='ocrx_word' id='word_1_96' title='bbox 1299 1514 1401 1572; x_wconf 89' lang='lat' dir='ltr'>millia</span> <span class='ocrx_word' id='word_1_97' title='bbox 1424 1522 1455 1574; x_wconf 88' lang='lat' dir='ltr'>et</span> 
     </span>
     <span class='ocr_line' id='line_1_12' title="bbox 190 1614 1452 1694; baseline 0.002 -17"><span class='ocrx_word' id='word_1_98' title='bbox 190 1621 375 1694; x_wconf 89' lang='lat' dir='ltr'>quingentos</span> <span class='ocrx_word' id='word_1_99' title='bbox 397 1617 537 1687; x_wconf 88' lang='lat' dir='ltr'>florenos,</span> <span class='ocrx_word' id='word_1_100' title='bbox 561 1616 676 1690; x_wconf 89' lang='lat' dir='ltr'>quibus</span> <span class='ocrx_word' id='word_1_101' title='bbox 699 1615 738 1673; x_wconf 92' lang='lat' dir='ltr'>de</span> <span class='ocrx_word' id='word_1_102' title='bbox 754 1615 867 1674; x_wconf 89' lang='lat' dir='ltr'>debitis</span> <span class='ocrx_word' id='word_1_103' title='bbox 883 1614 1016 1673; x_wconf 85' lang='lat' dir='ltr'>condam</span> <span class='ocrx_word' id='word_1_104' title='bbox 1032 1614 1150 1674; x_wconf 93' lang='lat' dir='ltr'>domini</span> <span class='ocrx_word' id='word_1_105' title='bbox 1175 1617 1265 1675; x_wconf 86' lang='lat' dir='ltr'>Pauli</span> <span class='ocrx_word' id='word_1_106' title='bbox 1289 1617 1328 1677; x_wconf 91' lang='lat' dir='ltr'>de</span> <span class='ocrx_word' id='word_1_107' title='bbox 1344 1620 1452 1694; x_wconf 88' lang='lat' dir='ltr'>Kynys</span> 
     </span>
     <span class='ocr_line' id='line_1_13' title="bbox 190 1722 1454 1797; baseline 0.001 -12"><span class='ocrx_word' id='word_1_108' title='bbox 190 1726 291 1785; x_wconf 92' lang='lat' dir='ltr'>adhuc</span> <span class='ocrx_word' id='word_1_109' title='bbox 321 1725 418 1783; x_wconf 91' lang='lat' dir='ltr'>michi</span> <span class='ocrx_word' id='word_1_110' title='bbox 448 1724 614 1797; x_wconf 91' lang='lat' dir='ltr'>obligatur,</span> <span class='ocrx_word' id='word_1_111' title='bbox 645 1722 746 1780; x_wconf 89' lang='lat' dir='ltr'>eidem</span> <span class='ocrx_word' id='word_1_112' title='bbox 770 1723 895 1781; x_wconf 90' lang='lat' dir='ltr'>remitto</span> <span class='ocrx_word' id='word_1_113' title='bbox 917 1728 946 1779; x_wconf 90' lang='lat' dir='ltr'>et</span> <span class='ocrx_word' id='word_1_114' title='bbox 968 1722 1083 1779; x_wconf 89' lang='lat' dir='ltr'>relaxo.</span> <span class='ocrx_word' id='word_1_115' title='bbox 1108 1722 1185 1781; x_wconf 88' lang='lat' dir='ltr'>item</span> <span class='ocrx_word' id='word_1_116' title='bbox 1207 1724 1278 1796; x_wconf 90' lang='lat' dir='ltr'>lego</span> <span class='ocrx_word' id='word_1_117' title='bbox 1300 1725 1454 1786; x_wconf 88' lang='lat' dir='ltr'>maiestati</span> 
     </span>
     <span class='ocr_line' id='line_1_14' title="bbox 187 1827 1454 1906; baseline 0.001 -16"><span class='ocrx_word' id='word_1_118' title='bbox 187 1849 241 1890; x_wconf 90' lang='lat' dir='ltr'>sue</span> <span class='ocrx_word' id='word_1_119' title='bbox 265 1846 383 1906; x_wconf 91' lang='lat' dir='ltr'>cuppas</span> <span class='ocrx_word' id='word_1_120' title='bbox 413 1836 574 1903; x_wconf 81' lang='lat' dir='ltr'>argenteas</span> <span class='ocrx_word' id='word_1_121' title='bbox 604 1828 767 1887; x_wconf 88' lang='lat' dir='ltr'>deauratas</span> <span class='ocrx_word' id='word_1_122' title='bbox 790 1829 928 1886; x_wconf 91' lang='lat' dir='ltr'>bullatas</span> <span class='ocrx_word' id='word_1_123' title='bbox 961 1842 1091 1900; x_wconf 88' lang='lat' dir='ltr'>magnas</span> <span class='ocrx_word' id='word_1_124' title='bbox 1114 1827 1199 1901; x_wconf 88' lang='lat' dir='ltr'>duas,</span> <span class='ocrx_word' id='word_1_125' title='bbox 1222 1836 1252 1887; x_wconf 88' lang='lat' dir='ltr'>et</span> <span class='ocrx_word' id='word_1_126' title='bbox 1274 1830 1351 1889; x_wconf 88' lang='lat' dir='ltr'>alias</span> <span class='ocrx_word' id='word_1_127' title='bbox 1375 1831 1454 1891; x_wconf 89' lang='lat' dir='ltr'>duas</span> 
     </span>
     <span class='ocr_line' id='line_1_15' title="bbox 187 1933 1452 2010; baseline -0.001 -13"><span class='ocrx_word' id='word_1_128' title='bbox 187 1955 283 1997; x_wconf 86' lang='lat' dir='ltr'>novas</span> <span class='ocrx_word' id='word_1_129' title='bbox 307 1954 378 1996; x_wconf 91' lang='lat' dir='ltr'>curn</span> <span class='ocrx_word' id='word_1_130' title='bbox 400 1937 546 2010; x_wconf 88' lang='lat' dir='ltr'>ymagine</span> <span class='ocrx_word' id='word_1_131' title='bbox 568 1935 666 1993; x_wconf 87' lang='lat' dir='ltr'>sancti</span> <span class='ocrx_word' id='word_1_132' title='bbox 699 1933 900 2008; x_wconf 88' lang='lat' dir='ltr'>Chistophori</span> <span class='ocrx_word' id='word_1_133' title='bbox 928 1941 958 1991; x_wconf 92' lang='lat' dir='ltr'>et</span> <span class='ocrx_word' id='word_1_134' title='bbox 990 1934 1103 1993; x_wconf 92' lang='lat' dir='ltr'>iterum</span> <span class='ocrx_word' id='word_1_135' title='bbox 1126 1933 1204 1992; x_wconf 89' lang='lat' dir='ltr'>duas</span> <span class='ocrx_word' id='word_1_136' title='bbox 1228 1951 1356 2009; x_wconf 89' lang='lat' dir='ltr'>magnas</span> <span class='ocrx_word' id='word_1_137' title='bbox 1379 1953 1452 1996; x_wconf 92' lang='lat' dir='ltr'>cum</span> 
     </span>
     <span class='ocr_line' id='line_1_16' title="bbox 188 2040 1450 2114; baseline 0 -11"><span class='ocrx_word' id='word_1_138' title='bbox 188 2046 374 2105; x_wconf 88' lang='lat' dir='ltr'>draconibus</span> <span class='ocrx_word' id='word_1_139' title='bbox 398 2049 428 2102; x_wconf 91' lang='lat' dir='ltr'>et</span> <span class='ocrx_word' id='word_1_140' title='bbox 453 2043 633 2101; x_wconf 90' lang='lat' dir='ltr'>hominibus</span> <span class='ocrx_word' id='word_1_141' title='bbox 656 2041 784 2100; x_wconf 88' lang='lat' dir='ltr'>armatis</span> <span class='ocrx_word' id='word_1_142' title='bbox 808 2041 959 2114; x_wconf 89' lang='lat' dir='ltr'>superius,</span> <span class='ocrx_word' id='word_1_143' title='bbox 983 2055 1091 2098; x_wconf 89' lang='lat' dir='ltr'>omnes</span> <span class='ocrx_word' id='word_1_144' title='bbox 1115 2040 1268 2100; x_wconf 88' lang='lat' dir='ltr'>deaurate.</span> <span class='ocrx_word' id='word_1_145' title='bbox 1286 2042 1364 2102; x_wconf 89' lang='lat' dir='ltr'>Item</span> <span class='ocrx_word' id='word_1_146' title='bbox 1380 2060 1450 2103; x_wconf 91' lang='lat' dir='ltr'>can·</span> 
     </span>
     <span class='ocr_line' id='line_1_17' title="bbox 188 2147 1451 2224; baseline -0.001 -13"><span class='ocrx_word' id='word_1_147' title='bbox 188 2154 293 2211; x_wconf 87' lang='lat' dir='ltr'>tharos</span> <span class='ocrx_word' id='word_1_148' title='bbox 325 2156 485 2224; x_wconf 88' lang='lat' dir='ltr'>argenteos</span> <span class='ocrx_word' id='word_1_149' title='bbox 517 2163 648 2222; x_wconf 90' lang='lat' dir='ltr'>magnos</span> <span class='ocrx_word' id='word_1_150' title='bbox 680 2148 768 2207; x_wconf 90' lang='lat' dir='ltr'>duos.</span> <span class='ocrx_word' id='word_1_151' title='bbox 792 2148 870 2205; x_wconf 86' lang='lat' dir='ltr'>item</span> <span class='ocrx_word' id='word_1_152' title='bbox 894 2147 1080 2220; x_wconf 87' lang='lat' dir='ltr'>amphoram</span> <span class='ocrx_word' id='word_1_153' title='bbox 1101 2163 1173 2205; x_wconf 92' lang='lat' dir='ltr'>cum</span> <span class='ocrx_word' id='word_1_154' title='bbox 1196 2148 1283 2222; x_wconf 87' lang='lat' dir='ltr'>pelvi</span> <span class='ocrx_word' id='word_1_155' title='bbox 1305 2157 1451 2223; x_wconf 89' lang='lat' dir='ltr'>argentea</span> 
     </span>
     <span class='ocr_line' id='line_1_18' title="bbox 187 2254 1450 2331; baseline -0.001 -14"><span class='ocrx_word' id='word_1_156' title='bbox 187 2259 218 2318; x_wconf 95' lang='lat' dir='ltr'>in</span> <span class='ocrx_word' id='word_1_157' title='bbox 241 2263 306 2316; x_wconf 89' lang='lat' dir='ltr'>toto</span> <span class='ocrx_word' id='word_1_158' title='bbox 330 2257 476 2316; x_wconf 89' lang='lat' dir='ltr'>deaurata</span> <span class='ocrx_word' id='word_1_159' title='bbox 500 2271 558 2331; x_wconf 91' lang='lat' dir='ltr'>pro</span> <span class='ocrx_word' id='word_1_160' title='bbox 583 2256 736 2314; x_wconf 87' lang='lat' dir='ltr'>lavatorio</span> <span class='ocrx_word' id='word_1_161' title='bbox 758 2260 787 2313; x_wconf 88' lang='lat' dir='ltr'>et</span> <span class='ocrx_word' id='word_1_162' title='bbox 818 2255 914 2313; x_wconf 87' lang='lat' dir='ltr'>aliam</span> <span class='ocrx_word' id='word_1_163' title='bbox 937 2254 1125 2327; x_wconf 88' lang='lat' dir='ltr'>amphoram</span> <span class='ocrx_word' id='word_1_164' title='bbox 1151 2256 1356 2314; x_wconf 89' lang='lat' dir='ltr'>cristallinam</span> <span class='ocrx_word' id='word_1_165' title='bbox 1379 2273 1450 2316; x_wconf 91' lang='lat' dir='ltr'>cum</span> 
     </span>
     <span class='ocr_line' id='line_1_19' title="bbox 186 2361 1451 2437; baseline 0.001 -15"><span class='ocrx_word' id='word_1_166' title='bbox 186 2365 302 2423; x_wconf 83' lang='lat' dir='ltr'>smalcz</span> <span class='ocrx_word' id='word_1_167' title='bbox 325 2379 402 2423; x_wconf 92' lang='lat' dir='ltr'>auro</span> <span class='ocrx_word' id='word_1_168' title='bbox 425 2369 455 2422; x_wconf 92' lang='lat' dir='ltr'>et</span> <span class='ocrx_word' id='word_1_169' title='bbox 471 2368 600 2437; x_wconf 87' lang='lat' dir='ltr'>argento</span> <span class='ocrx_word' id='word_1_170' title='bbox 623 2379 694 2420; x_wconf 90' lang='lat' dir='ltr'>curn</span> <span class='ocrx_word' id='word_1_171' title='bbox 708 2361 970 2420; x_wconf 89' lang='lat' dir='ltr'>circumferenciis</span> <span class='ocrx_word' id='word_1_172' title='bbox 995 2365 1147 2421; x_wconf 87' lang='lat' dir='ltr'>ornatam.</span> <span class='ocrx_word' id='word_1_173' title='bbox 1171 2361 1249 2420; x_wconf 85' lang='lat' dir='ltr'>Item</span> <span class='ocrx_word' id='word_1_174' title='bbox 1266 2362 1451 2435; x_wconf 85' lang='lat' dir='ltr'>gradarium</span> 
     </span>
     <span class='ocr_line' id='line_1_20' title="bbox 186 2468 1450 2545; baseline 0.001 -16"><span class='ocrx_word' id='word_1_175' title='bbox 186 2487 334 2544; x_wconf 87' lang='lat' dir='ltr'>magnum</span> <span class='ocrx_word' id='word_1_176' title='bbox 371 2472 568 2545; x_wconf 90' lang='lat' dir='ltr'>pomulatum</span> <span class='ocrx_word' id='word_1_177' title='bbox 599 2475 629 2528; x_wconf 89' lang='lat' dir='ltr'>et</span> <span class='ocrx_word' id='word_1_178' title='bbox 663 2469 761 2527; x_wconf 87' lang='lat' dir='ltr'>aliurn</span> <span class='ocrx_word' id='word_1_179' title='bbox 795 2470 913 2540; x_wconf 91' lang='lat' dir='ltr'>album,</span> <span class='ocrx_word' id='word_1_180' title='bbox 948 2468 1070 2541; x_wconf 92' lang='lat' dir='ltr'>hungor</span> <span class='ocrx_word' id='word_1_181' title='bbox 1098 2468 1228 2537; x_wconf 89' lang='lat' dir='ltr'>dictum,</span> <span class='ocrx_word' id='word_1_182' title='bbox 1260 2486 1331 2528; x_wconf 92' lang='lat' dir='ltr'>cum</span> <span class='ocrx_word' id='word_1_183' title='bbox 1354 2470 1450 2530; x_wconf 90' lang='lat' dir='ltr'>frenis</span> 
     </span>
     <span class='ocr_line' id='line_1_21' title="bbox 186 2575 1450 2649; baseline 0 -13"><span class='ocrx_word' id='word_1_184' title='bbox 186 2578 307 2636; x_wconf 85' lang='lat' dir='ltr'>kalmar</span> <span class='ocrx_word' id='word_1_185' title='bbox 345 2577 509 2649; x_wconf 87' lang='lat' dir='ltr'>deauratis,</span> <span class='ocrx_word' id='word_1_186' title='bbox 544 2576 687 2635; x_wconf 89' lang='lat' dir='ltr'>similiter</span> <span class='ocrx_word' id='word_1_187' title='bbox 722 2575 794 2648; x_wconf 90' lang='lat' dir='ltr'>lego</span> <span class='ocrx_word' id='word_1_188' title='bbox 830 2575 982 2632; x_wconf 88' lang='lat' dir='ltr'>maiestati</span> <span class='ocrx_word' id='word_1_189' title='bbox 1015 2590 1075 2632; x_wconf 89' lang='lat' dir='ltr'>sue.</span> <span class='ocrx_word' id='word_1_190' title='bbox 1100 2576 1176 2632; x_wconf 90' lang='lat' dir='ltr'>ltem</span> <span class='ocrx_word' id='word_1_191' title='bbox 1202 2591 1240 2633; x_wconf 90' lang='lat' dir='ltr'>ex</span> <span class='ocrx_word' id='word_1_192' title='bbox 1275 2592 1337 2649; x_wconf 90' lang='lat' dir='ltr'>quo</span> <span class='ocrx_word' id='word_1_193' title='bbox 1359 2584 1450 2636; x_wconf 87' lang='lat' dir='ltr'>natus</span> 
     </span>
     <span class='ocr_line' id='line_1_22' title="bbox 185 2680 1449 2757; baseline 0.001 -16"><span class='ocrx_word' id='word_1_194' title='bbox 185 2700 255 2742; x_wconf 88' lang='lat' dir='ltr'>sum</span> <span class='ocrx_word' id='word_1_195' title='bbox 278 2686 309 2743; x_wconf 93' lang='lat' dir='ltr'>in</span> <span class='ocrx_word' id='word_1_196' title='bbox 332 2698 427 2757; x_wconf 86' lang='lat' dir='ltr'>regno</span> <span class='ocrx_word' id='word_1_197' title='bbox 449 2689 478 2741; x_wconf 91' lang='lat' dir='ltr'>et</span> <span class='ocrx_word' id='word_1_198' title='bbox 501 2698 535 2740; x_wconf 91' lang='lat' dir='ltr'>ea</span> <span class='ocrx_word' id='word_1_199' title='bbox 566 2683 647 2739; x_wconf 90' lang='lat' dir='ltr'>bona</span> <span class='ocrx_word' id='word_1_200' title='bbox 681 2697 741 2755; x_wconf 90' lang='lat' dir='ltr'>que</span> <span class='ocrx_word' id='word_1_201' title='bbox 764 2682 869 2753; x_wconf 89' lang='lat' dir='ltr'>habui,</span> <span class='ocrx_word' id='word_1_202' title='bbox 905 2697 943 2738; x_wconf 82' lang='lat' dir='ltr'>ex</span> <span class='ocrx_word' id='word_1_203' title='bbox 966 2696 1062 2754; x_wconf 88' lang='lat' dir='ltr'>regno</span> <span class='ocrx_word' id='word_1_204' title='bbox 1085 2681 1190 2752; x_wconf 90' lang='lat' dir='ltr'>habui,</span> <span class='ocrx_word' id='word_1_205' title='bbox 1214 2680 1330 2741; x_wconf 87' lang='lat' dir='ltr'>idcirco</span> <span class='ocrx_word' id='word_1_206' title='bbox 1353 2700 1449 2757; x_wconf 90' lang='lat' dir='ltr'>quan·</span> 
     </span>
     <span class='ocr_line' id='line_1_23' title="bbox 186 2787 1448 2864; baseline 0 -17"><span class='ocrx_word' id='word_1_207' title='bbox 186 2795 252 2847; x_wconf 90' lang='lat' dir='ltr'>tum</span> <span class='ocrx_word' id='word_1_208' title='bbox 274 2790 423 2864; x_wconf 90' lang='lat' dir='ltr'>possibile</span> <span class='ocrx_word' id='word_1_209' title='bbox 448 2788 512 2861; x_wconf 86' lang='lat' dir='ltr'>fuit,</span> <span class='ocrx_word' id='word_1_210' title='bbox 547 2788 632 2847; x_wconf 94' lang='lat' dir='ltr'>nolui</span> <span class='ocrx_word' id='word_1_211' title='bbox 662 2804 728 2847; x_wconf 93' lang='lat' dir='ltr'>esse</span> <span class='ocrx_word' id='word_1_212' title='bbox 757 2788 895 2862; x_wconf 91' lang='lat' dir='ltr'>ingratus</span> <span class='ocrx_word' id='word_1_213' title='bbox 918 2788 1026 2861; x_wconf 90' lang='lat' dir='ltr'>patrie,</span> <span class='ocrx_word' id='word_1_214' title='bbox 1051 2787 1194 2861; x_wconf 90' lang='lat' dir='ltr'>relinquo</span> <span class='ocrx_word' id='word_1_215' title='bbox 1218 2789 1322 2863; x_wconf 89' lang='lat' dir='ltr'>itaque</span> <span class='ocrx_word' id='word_1_216' title='bbox 1342 2789 1382 2847; x_wconf 93' lang='lat' dir='ltr'>ad</span> <span class='ocrx_word' id='word_1_217' title='bbox 1404 2790 1448 2847; x_wconf 92' lang='lat' dir='ltr'>la·</span> 
     </span>
     <span class='ocr_line' id='line_1_24' title="bbox 185 2891 1448 2977; baseline 0 -23"><span class='ocrx_word' id='word_1_218' title='bbox 185 2897 276 2954; x_wconf 91' lang='lat' dir='ltr'>bores</span> <span class='ocrx_word' id='word_1_219' title='bbox 298 2901 470 2954; x_wconf 84' lang='lat' dir='ltr'>castrorum</span> <span class='ocrx_word' id='word_1_220' title='bbox 493 2896 706 2966; x_wconf 85' lang='lat' dir='ltr'>finitimorum,</span> <span class='ocrx_word' id='word_1_221' title='bbox 739 2894 884 2953; x_wconf 87' lang='lat' dir='ltr'>videlicet</span> <span class='ocrx_word' id='word_1_222' title='bbox 914 2894 1033 2977; x_wconf 89' lang='lat' dir='ltr'>Jaycza,</span> <span class='ocrx_word' id='word_1_223' title='bbox 1057 2891 1185 2952; x_wconf 90' lang='lat' dir='ltr'>Nandor</span> <span class='ocrx_word' id='word_1_224' title='bbox 1217 2895 1298 2967; x_wconf 87' lang='lat' dir='ltr'>alba,</span> <span class='ocrx_word' id='word_1_225' title='bbox 1332 2894 1448 2954; x_wconf 88' lang='lat' dir='ltr'>Sabacz</span> 
     </span>
     <span class='ocr_line' id='line_1_25' title="bbox 183 3001 1442 3076; baseline 0.001 -16"><span class='ocrx_word' id='word_1_226' title='bbox 183 3007 213 3060; x_wconf 88' lang='lat' dir='ltr'>et</span> <span class='ocrx_word' id='word_1_227' title='bbox 244 3002 374 3075; x_wconf 77' lang='lat' dir='ltr'>Zervryn</span> <span class='ocrx_word' id='word_1_228' title='bbox 404 3004 530 3075; x_wconf 88' lang='lat' dir='ltr'>triginta</span> <span class='ocrx_word' id='word_1_229' title='bbox 561 3001 623 3059; x_wconf 93' lang='lat' dir='ltr'>duo</span> <span class='ocrx_word' id='word_1_230' title='bbox 657 3001 759 3059; x_wconf 89' lang='lat' dir='ltr'>millia</span> <span class='ocrx_word' id='word_1_231' title='bbox 781 3001 978 3065; x_wconf 83' lang='lat' dir='ltr'>florenorum.</span> <span class='ocrx_word' id='word_1_232' title='bbox 1009 3001 1051 3057; x_wconf 92' lang='lat' dir='ltr'>ita</span> <span class='ocrx_word' id='word_1_233' title='bbox 1067 3006 1180 3071; x_wconf 87' lang='lat' dir='ltr'>tamen,</span> <span class='ocrx_word' id='word_1_234' title='bbox 1204 3001 1287 3074; x_wconf 91' lang='lat' dir='ltr'>quod</span> <span class='ocrx_word' id='word_1_235' title='bbox 1312 3004 1442 3076; x_wconf 88' lang='lat' dir='ltr'>pecunia</span> 
     </span>
     <span class='ocr_line' id='line_1_26' title="bbox 183 3107 1448 3182; baseline 0.002 -18"><span class='ocrx_word' id='word_1_236' title='bbox 183 3108 240 3165; x_wconf 90' lang='lat' dir='ltr'>illa</span> <span class='ocrx_word' id='word_1_237' title='bbox 262 3123 323 3166; x_wconf 91' lang='lat' dir='ltr'>non</span> <span class='ocrx_word' id='word_1_238' title='bbox 347 3109 442 3166; x_wconf 89' lang='lat' dir='ltr'>vadat</span> <span class='ocrx_word' id='word_1_239' title='bbox 471 3124 571 3182; x_wconf 91' lang='lat' dir='ltr'>neque</span> <span class='ocrx_word' id='word_1_240' title='bbox 602 3108 801 3182; x_wconf 86' lang='lat' dir='ltr'>dispensetur</span> <span class='ocrx_word' id='word_1_241' title='bbox 824 3124 881 3181; x_wconf 93' lang='lat' dir='ltr'>per</span> <span class='ocrx_word' id='word_1_242' title='bbox 904 3121 1014 3164; x_wconf 89' lang='lat' dir='ltr'>manus</span> <span class='ocrx_word' id='word_1_243' title='bbox 1039 3107 1229 3177; x_wconf 86' lang='lat' dir='ltr'>thesaurarii,</span> <span class='ocrx_word' id='word_1_244' title='bbox 1250 3107 1305 3165; x_wconf 93' lang='lat' dir='ltr'>sed</span> <span class='ocrx_word' id='word_1_245' title='bbox 1329 3108 1448 3167; x_wconf 91' lang='lat' dir='ltr'>domini</span> 
     </span>
     <span class='ocr_line' id='line_1_27' title="bbox 184 3211 1443 3288; baseline 0.001 -17"><span class='ocrx_word' id='word_1_246' title='bbox 184 3215 296 3288; x_wconf 91' lang='lat' dir='ltr'>prelati</span> <span class='ocrx_word' id='word_1_247' title='bbox 319 3221 349 3273; x_wconf 86' lang='lat' dir='ltr'>et</span> <span class='ocrx_word' id='word_1_248' title='bbox 370 3215 502 3273; x_wconf 90' lang='lat' dir='ltr'>barones</span> <span class='ocrx_word' id='word_1_249' title='bbox 526 3229 561 3272; x_wconf 92' lang='lat' dir='ltr'>ac</span> <span class='ocrx_word' id='word_1_250' title='bbox 583 3215 704 3272; x_wconf 89' lang='lat' dir='ltr'>nobiles</span> <span class='ocrx_word' id='word_1_251' title='bbox 728 3214 884 3286; x_wconf 90' lang='lat' dir='ltr'>regnicole</span> <span class='ocrx_word' id='word_1_252' title='bbox 907 3211 1056 3287; x_wconf 88' lang='lat' dir='ltr'>deputent</span> <span class='ocrx_word' id='word_1_253' title='bbox 1078 3213 1217 3286; x_wconf 87' lang='lat' dir='ltr'>aliquem</span> <span class='ocrx_word' id='word_1_254' title='bbox 1242 3214 1294 3271; x_wconf 84' lang='lat' dir='ltr'>vel</span> <span class='ocrx_word' id='word_1_255' title='bbox 1318 3214 1443 3288; x_wconf 91' lang='lat' dir='ltr'>aliquos</span> 
     </span>
     <span class='ocr_line' id='line_1_28' title="bbox 183 3320 1448 3394; baseline 0.001 -16"><span class='ocrx_word' id='word_1_256' title='bbox 183 3322 324 3379; x_wconf 88' lang='lat' dir='ltr'>homines</span> <span class='ocrx_word' id='word_1_257' title='bbox 354 3320 489 3393; x_wconf 91' lang='lat' dir='ltr'>idoneos,</span> <span class='ocrx_word' id='word_1_258' title='bbox 526 3322 579 3394; x_wconf 88' lang='lat' dir='ltr'>qui</span> <span class='ocrx_word' id='word_1_259' title='bbox 614 3320 749 3379; x_wconf 89' lang='lat' dir='ltr'>fideliter</span> <span class='ocrx_word' id='word_1_260' title='bbox 772 3320 952 3394; x_wconf 89' lang='lat' dir='ltr'>dispensent</span> <span class='ocrx_word' id='word_1_261' title='bbox 974 3320 1138 3393; x_wconf 90' lang='lat' dir='ltr'>pecuniam</span> <span class='ocrx_word' id='word_1_262' title='bbox 1169 3321 1270 3394; x_wconf 90' lang='lat' dir='ltr'>ipsam</span> <span class='ocrx_word' id='word_1_263' title='bbox 1306 3320 1343 3377; x_wconf 93' lang='lat' dir='ltr'>ad</span> <span class='ocrx_word' id='word_1_264' title='bbox 1369 3336 1448 3394; x_wconf 91' lang='lat' dir='ltr'>opus</span> 
     </span>
     <span class='ocr_line' id='line_1_29' title="bbox 183 3425 1447 3502; baseline -0.002 -16"><span class='ocrx_word' id='word_1_265' title='bbox 183 3427 348 3501; x_wconf 86' lang='lat' dir='ltr'>prefatum.</span> <span class='ocrx_word' id='word_1_266' title='bbox 379 3429 465 3500; x_wconf 87' lang='lat' dir='ltr'>item,</span> <span class='ocrx_word' id='word_1_267' title='bbox 488 3445 526 3486; x_wconf 90' lang='lat' dir='ltr'>ex</span> <span class='ocrx_word' id='word_1_268' title='bbox 557 3443 620 3502; x_wconf 92' lang='lat' dir='ltr'>quo</span> <span class='ocrx_word' id='word_1_269' title='bbox 649 3428 780 3486; x_wconf 90' lang='lat' dir='ltr'>ecelesia</span> <span class='ocrx_word' id='word_1_270' title='bbox 803 3428 862 3486; x_wconf 85' lang='lat' dir='ltr'>ista</span> <span class='ocrx_word' id='word_1_271' title='bbox 884 3426 1092 3500; x_wconf 87' lang='lat' dir='ltr'>zagrabiensis</span> <span class='ocrx_word' id='word_1_272' title='bbox 1115 3440 1133 3482; x_wconf 91' lang='lat' dir='ltr'>a</span> <span class='ocrx_word' id='word_1_273' title='bbox 1156 3425 1310 3500; x_wconf 85' lang='lat' dir='ltr'>principio</span> <span class='ocrx_word' id='word_1_274' title='bbox 1335 3425 1447 3485; x_wconf 86' lang='lat' dir='ltr'>funda·</span> 
     </span>
     <span class='ocr_line' id='line_1_30' title="bbox 185 3532 1447 3608; baseline 0.001 -17"><span class='ocrx_word' id='word_1_275' title='bbox 185 3535 281 3593; x_wconf 91' lang='lat' dir='ltr'>cionis</span> <span class='ocrx_word' id='word_1_276' title='bbox 304 3534 362 3592; x_wconf 90' lang='lat' dir='ltr'>fuit</span> <span class='ocrx_word' id='word_1_277' title='bbox 386 3536 460 3593; x_wconf 90' lang='lat' dir='ltr'>satis</span> <span class='ocrx_word' id='word_1_278' title='bbox 483 3535 622 3608; x_wconf 88' lang='lat' dir='ltr'>neglecta</span> <span class='ocrx_word' id='word_1_279' title='bbox 647 3542 676 3592; x_wconf 87' lang='lat' dir='ltr'>et</span> <span class='ocrx_word' id='word_1_280' title='bbox 699 3549 859 3608; x_wconf 89' lang='lat' dir='ltr'>nunquam</span> <span class='ocrx_word' id='word_1_281' title='bbox 883 3532 914 3590; x_wconf 91' lang='lat' dir='ltr'>in</span> <span class='ocrx_word' id='word_1_282' title='bbox 945 3533 1053 3590; x_wconf 89' lang='lat' dir='ltr'>labore</span> <span class='ocrx_word' id='word_1_283' title='bbox 1083 3546 1139 3589; x_wconf 92' lang='lat' dir='ltr'>suo</span> <span class='ocrx_word' id='word_1_284' title='bbox 1162 3538 1386 3605; x_wconf 90' lang='lat' dir='ltr'>consummata,</span> <span class='ocrx_word' id='word_1_285' title='bbox 1415 3534 1447 3592; x_wconf 88' lang='lat' dir='ltr'>in</span> 
     </span>
     <span class='ocr_line' id='line_1_31' title="bbox 185 3639 1447 3715; baseline 0 -17"><span class='ocrx_word' id='word_1_286' title='bbox 185 3655 245 3714; x_wconf 92' lang='lat' dir='ltr'>qua</span> <span class='ocrx_word' id='word_1_287' title='bbox 270 3646 420 3714; x_wconf 89' lang='lat' dir='ltr'>quantum</span> <span class='ocrx_word' id='word_1_288' title='bbox 443 3642 531 3715; x_wconf 91' lang='lat' dir='ltr'>potui</span> <span class='ocrx_word' id='word_1_289' title='bbox 554 3640 698 3700; x_wconf 90' lang='lat' dir='ltr'>edificare</span> <span class='ocrx_word' id='word_1_290' title='bbox 722 3641 789 3712; x_wconf 93' lang='lat' dir='ltr'>feci,</span> <span class='ocrx_word' id='word_1_291' title='bbox 813 3640 851 3698; x_wconf 89' lang='lat' dir='ltr'>ad</span> <span class='ocrx_word' id='word_1_292' title='bbox 869 3641 954 3698; x_wconf 90' lang='lat' dir='ltr'>cuius</span> <span class='ocrx_word' id='word_1_293' title='bbox 977 3639 1156 3697; x_wconf 89' lang='lat' dir='ltr'>ulteriorem</span> <span class='ocrx_word' id='word_1_294' title='bbox 1181 3640 1447 3698; x_wconf 91' lang='lat' dir='ltr'>continuacionem</span> 
     </span>
     <span class='ocr_line' id='line_1_32' title="bbox 184 3744 1447 3820; baseline 0.001 -16"><span class='ocrx_word' id='word_1_295' title='bbox 184 3754 214 3804; x_wconf 90' lang='lat' dir='ltr'>et</span> <span class='ocrx_word' id='word_1_296' title='bbox 243 3748 546 3806; x_wconf 88' lang='lat' dir='ltr'>consummacionem</span> <span class='ocrx_word' id='word_1_297' title='bbox 578 3747 651 3820; x_wconf 86' lang='lat' dir='ltr'>lego</span> <span class='ocrx_word' id='word_1_298' title='bbox 681 3747 868 3805; x_wconf 90' lang='lat' dir='ltr'>florenorum</span> <span class='ocrx_word' id='word_1_299' title='bbox 906 3745 1013 3804; x_wconf 90' lang='lat' dir='ltr'>decem</span> <span class='ocrx_word' id='word_1_300' title='bbox 1048 3745 1172 3816; x_wconf 89' lang='lat' dir='ltr'>millia;</span> <span class='ocrx_word' id='word_1_301' title='bbox 1194 3744 1296 3804; x_wconf 92' lang='lat' dir='ltr'>eidem</span> <span class='ocrx_word' id='word_1_302' title='bbox 1318 3746 1447 3805; x_wconf 89' lang='lat' dir='ltr'>ecclesie</span> 
     </span>
     <span class='ocr_line' id='line_1_33' title="bbox 184 3851 1447 3928; baseline 0.002 -18"><span class='ocrx_word' id='word_1_303' title='bbox 184 3853 255 3925; x_wconf 90' lang='lat' dir='ltr'>lego</span> <span class='ocrx_word' id='word_1_304' title='bbox 279 3854 464 3928; x_wconf 89' lang='lat' dir='ltr'>amphoram</span> <span class='ocrx_word' id='word_1_305' title='bbox 481 3869 551 3912; x_wconf 93' lang='lat' dir='ltr'>cum</span> <span class='ocrx_word' id='word_1_306' title='bbox 570 3855 655 3928; x_wconf 88' lang='lat' dir='ltr'>pelvi</span> <span class='ocrx_word' id='word_1_307' title='bbox 671 3859 823 3926; x_wconf 87' lang='lat' dir='ltr'>argentea,</span> <span class='ocrx_word' id='word_1_308' title='bbox 847 3868 942 3926; x_wconf 92' lang='lat' dir='ltr'>quam</span> <span class='ocrx_word' id='word_1_309' title='bbox 966 3867 1090 3926; x_wconf 91' lang='lat' dir='ltr'>semper</span> <span class='ocrx_word' id='word_1_310' title='bbox 1111 3851 1209 3911; x_wconf 90' lang='lat' dir='ltr'>habui</span> <span class='ocrx_word' id='word_1_311' title='bbox 1232 3853 1263 3910; x_wconf 91' lang='lat' dir='ltr'>in</span> <span class='ocrx_word' id='word_1_312' title='bbox 1285 3868 1353 3912; x_wconf 91' lang='lat' dir='ltr'>usu.</span> <span class='ocrx_word' id='word_1_313' title='bbox 1370 3853 1447 3912; x_wconf 91' lang='lat' dir='ltr'>Item</span> 
     </span>
     <span class='ocr_line' id='line_1_34' title="bbox 184 3957 1441 4034; baseline 0.001 -17"><span class='ocrx_word' id='word_1_314' title='bbox 184 3975 242 4033; x_wconf 91' lang='lat' dir='ltr'>pro</span> <span class='ocrx_word' id='word_1_315' title='bbox 266 3958 315 4018; x_wconf 87' lang='lat' dir='ltr'>die</span> <span class='ocrx_word' id='word_1_316' title='bbox 339 3976 412 4017; x_wconf 92' lang='lat' dir='ltr'>cene</span> <span class='ocrx_word' id='word_1_317' title='bbox 435 3961 562 4017; x_wconf 90' lang='lat' dir='ltr'>Domini</span> <span class='ocrx_word' id='word_1_318' title='bbox 585 3975 679 4018; x_wconf 90' lang='lat' dir='ltr'>unam</span> <span class='ocrx_word' id='word_1_319' title='bbox 702 3975 839 4034; x_wconf 92' lang='lat' dir='ltr'>cuppam</span> <span class='ocrx_word' id='word_1_320' title='bbox 857 3958 1036 4016; x_wconf 87' lang='lat' dir='ltr'>deauratam</span> <span class='ocrx_word' id='word_1_321' title='bbox 1058 3957 1246 4032; x_wconf 89' lang='lat' dir='ltr'>dupplatam</span> <span class='ocrx_word' id='word_1_322' title='bbox 1261 3965 1441 4032; x_wconf 90' lang='lat' dir='ltr'>argenteam</span> 
     </span>
     <span class='ocr_line' id='line_1_35' title="bbox 183 4063 1445 4140; baseline 0.002 -18"><span class='ocrx_word' id='word_1_323' title='bbox 183 4064 373 4124; x_wconf 87' lang='lat' dir='ltr'>mediocrem</span> <span class='ocrx_word' id='word_1_324' title='bbox 396 4072 425 4123; x_wconf 88' lang='lat' dir='ltr'>et</span> <span class='ocrx_word' id='word_1_325' title='bbox 437 4067 514 4123; x_wconf 91' lang='lat' dir='ltr'>alias</span> <span class='ocrx_word' id='word_1_326' title='bbox 538 4065 614 4123; x_wconf 88' lang='lat' dir='ltr'>duas</span> <span class='ocrx_word' id='word_1_327' title='bbox 637 4081 757 4140; x_wconf 89' lang='lat' dir='ltr'>cuppas</span> <span class='ocrx_word' id='word_1_328' title='bbox 780 4079 893 4138; x_wconf 86' lang='lat' dir='ltr'>parvas</span> <span class='ocrx_word' id='word_1_329' title='bbox 917 4071 1077 4138; x_wconf 90' lang='lat' dir='ltr'>argenteas</span> <span class='ocrx_word' id='word_1_330' title='bbox 1100 4063 1263 4123; x_wconf 86' lang='lat' dir='ltr'>deauratas</span> <span class='ocrx_word' id='word_1_331' title='bbox 1287 4081 1358 4124; x_wconf 91' lang='lat' dir='ltr'>cum</span> <span class='ocrx_word' id='word_1_332' title='bbox 1382 4067 1445 4125; x_wconf 86' lang='lat' dir='ltr'>vir·</span> 
     </span>
     <span class='ocr_line' id='line_1_36' title="bbox 182 4169 1446 4246; baseline 0.002 -18"><span class='ocrx_word' id='word_1_333' title='bbox 182 4171 277 4244; x_wconf 90' lang='lat' dir='ltr'>gultis</span> <span class='ocrx_word' id='word_1_334' title='bbox 299 4173 416 4243; x_wconf 89' lang='lat' dir='ltr'>erectis,</span> <span class='ocrx_word' id='word_1_335' title='bbox 440 4172 542 4229; x_wconf 90' lang='lat' dir='ltr'>discos</span> <span class='ocrx_word' id='word_1_336' title='bbox 565 4179 725 4244; x_wconf 86' lang='lat' dir='ltr'>argenteos</span> <span class='ocrx_word' id='word_1_337' title='bbox 748 4171 921 4242; x_wconf 89' lang='lat' dir='ltr'>duodecim,</span> <span class='ocrx_word' id='word_1_338' title='bbox 945 4171 1116 4244; x_wconf 89' lang='lat' dir='ltr'>exquibus</span> <span class='ocrx_word' id='word_1_339' title='bbox 1140 4169 1279 4230; x_wconf 88' lang='lat' dir='ltr'>deaurati</span> <span class='ocrx_word' id='word_1_340' title='bbox 1303 4178 1446 4246; x_wconf 85' lang='lat' dir='ltr'>quatuor,</span> 
     </span>
     <span class='ocr_line' id='line_1_37' title="bbox 183 4277 1446 4351; baseline 0.002 -17"><span class='ocrx_word' id='word_1_341' title='bbox 183 4292 241 4351; x_wconf 92' lang='lat' dir='ltr'>pro</span> <span class='ocrx_word' id='word_1_342' title='bbox 265 4277 373 4335; x_wconf 90' lang='lat' dir='ltr'>eadem</span> <span class='ocrx_word' id='word_1_343' title='bbox 399 4293 474 4336; x_wconf 93' lang='lat' dir='ltr'>cena</span> <span class='ocrx_word' id='word_1_344' title='bbox 507 4284 537 4335; x_wconf 92' lang='lat' dir='ltr'>et</span> <span class='ocrx_word' id='word_1_345' title='bbox 560 4279 723 4350; x_wconf 88' lang='lat' dir='ltr'>mandato;</span> <span class='ocrx_word' id='word_1_346' title='bbox 753 4278 898 4337; x_wconf 89' lang='lat' dir='ltr'>scutellas</span> <span class='ocrx_word' id='word_1_347' title='bbox 922 4293 1007 4336; x_wconf 91' lang='lat' dir='ltr'>meas</span> <span class='ocrx_word' id='word_1_348' title='bbox 1030 4281 1189 4349; x_wconf 89' lang='lat' dir='ltr'>argenteas</span> <span class='ocrx_word' id='word_1_349' title='bbox 1217 4292 1345 4351; x_wconf 86' lang='lat' dir='ltr'>magnas</span> <span class='ocrx_word' id='word_1_350' title='bbox 1369 4278 1446 4337; x_wconf 93' lang='lat' dir='ltr'>duo·</span> 
     </span>
     <span class='ocr_line' id='line_1_38' title="bbox 183 4382 1445 4460; baseline 0.001 -18"><span class='ocrx_word' id='word_1_351' title='bbox 183 4384 282 4442; x_wconf 91' lang='lat' dir='ltr'>decim</span> <span class='ocrx_word' id='word_1_352' title='bbox 307 4399 378 4442; x_wconf 92' lang='lat' dir='ltr'>cum</span> <span class='ocrx_word' id='word_1_353' title='bbox 403 4385 503 4443; x_wconf 89' lang='lat' dir='ltr'>tribus</span> <span class='ocrx_word' id='word_1_354' title='bbox 527 4387 633 4460; x_wconf 89' lang='lat' dir='ltr'>parvis</span> <span class='ocrx_word' id='word_1_355' title='bbox 658 4401 715 4460; x_wconf 91' lang='lat' dir='ltr'>pro</span> <span class='ocrx_word' id='word_1_356' title='bbox 740 4385 941 4444; x_wconf 89' lang='lat' dir='ltr'>balsamentis</span> <span class='ocrx_word' id='word_1_357' title='bbox 964 4384 1034 4457; x_wconf 91' lang='lat' dir='ltr'>lego</span> <span class='ocrx_word' id='word_1_358' title='bbox 1057 4382 1201 4441; x_wconf 89' lang='lat' dir='ltr'>similiter</span> <span class='ocrx_word' id='word_1_359' title='bbox 1217 4385 1345 4442; x_wconf 91' lang='lat' dir='ltr'>ecclesie</span> <span class='ocrx_word' id='word_1_360' title='bbox 1376 4400 1445 4458; x_wconf 90' lang='lat' dir='ltr'>pre·</span> 
     </span>
     <span class='ocr_line' id='line_1_39' title="bbox 186 4488 1446 4566; baseline 0 -18"><span class='ocrx_word' id='word_1_361' title='bbox 186 4489 249 4548; x_wconf 89' lang='lat' dir='ltr'>fate</span> <span class='ocrx_word' id='word_1_362' title='bbox 273 4489 312 4549; x_wconf 90' lang='lat' dir='ltr'>ad</span> <span class='ocrx_word' id='word_1_363' title='bbox 336 4490 461 4549; x_wconf 89' lang='lat' dir='ltr'>labores</span> <span class='ocrx_word' id='word_1_364' title='bbox 477 4491 691 4565; x_wconf 89' lang='lat' dir='ltr'>reliquiarum,</span> <span class='ocrx_word' id='word_1_365' title='bbox 707 4491 893 4549; x_wconf 88' lang='lat' dir='ltr'>candelabra</span> <span class='ocrx_word' id='word_1_366' title='bbox 911 4496 1053 4563; x_wconf 88' lang='lat' dir='ltr'>argentea</span> <span class='ocrx_word' id='word_1_367' title='bbox 1070 4489 1217 4548; x_wconf 87' lang='lat' dir='ltr'>deaurata</span> <span class='ocrx_word' id='word_1_368' title='bbox 1240 4488 1359 4566; x_wconf 85' lang='lat' dir='ltr'>majora</span> <span class='ocrx_word' id='word_1_369' title='bbox 1375 4490 1446 4563; x_wconf 92' lang='lat' dir='ltr'>duo,</span> 
     </span>
     <span class='ocr_line' id='line_1_40' title="bbox 183 4595 1447 4672; baseline 0.001 -18"><span class='ocrx_word' id='word_1_370' title='bbox 183 4597 449 4656; x_wconf 84' lang='lat' dir='ltr'>conservatorium</span> <span class='ocrx_word' id='word_1_371' title='bbox 474 4599 685 4672; x_wconf 90' lang='lat' dir='ltr'>corporalium</span> <span class='ocrx_word' id='word_1_372' title='bbox 709 4613 786 4656; x_wconf 88' lang='lat' dir='ltr'>auro</span> <span class='ocrx_word' id='word_1_373' title='bbox 809 4606 839 4656; x_wconf 91' lang='lat' dir='ltr'>et</span> <span class='ocrx_word' id='word_1_374' title='bbox 864 4598 960 4672; x_wconf 89' lang='lat' dir='ltr'>perlis</span> <span class='ocrx_word' id='word_1_375' title='bbox 983 4601 1129 4654; x_wconf 85' lang='lat' dir='ltr'>ornatum</span> <span class='ocrx_word' id='word_1_376' title='bbox 1152 4612 1248 4654; x_wconf 90' lang='lat' dir='ltr'>unum</span> <span class='ocrx_word' id='word_1_377' title='bbox 1265 4603 1295 4655; x_wconf 88' lang='lat' dir='ltr'>et</span> <span class='ocrx_word' id='word_1_378' title='bbox 1311 4595 1447 4671; x_wconf 90' lang='lat' dir='ltr'>quedam</span> 
     </span>
     <span class='ocr_line' id='line_1_41' title="bbox 182 4702 1447 4781; baseline -0.001 -20"><span class='ocrx_word' id='word_1_379' title='bbox 182 4702 245 4762; x_wconf 91' lang='lat' dir='ltr'>alia</span> <span class='ocrx_word' id='word_1_380' title='bbox 279 4711 460 4764; x_wconf 89' lang='lat' dir='ltr'>ornamenta</span> <span class='ocrx_word' id='word_1_381' title='bbox 495 4704 583 4781; x_wconf 84' lang='lat' dir='ltr'>juxta</span> <span class='ocrx_word' id='word_1_382' title='bbox 613 4704 870 4765; x_wconf 79' lang='lat' dir='ltr'>informacionem</span> <span class='ocrx_word' id='word_1_383' title='bbox 904 4704 1122 4763; x_wconf 86' lang='lat' dir='ltr'>executoribus</span> <span class='ocrx_word' id='word_1_384' title='bbox 1155 4702 1261 4761; x_wconf 92' lang='lat' dir='ltr'>datam</span> <span class='ocrx_word' id='word_1_385' title='bbox 1284 4703 1356 4776; x_wconf 90' lang='lat' dir='ltr'>lego</span> <span class='ocrx_word' id='word_1_386' title='bbox 1385 4702 1447 4777; x_wconf 90' lang='lat' dir='ltr'>ipsi</span> 
     </span>
     <span class='ocr_line' id='line_1_42' title="bbox 181 4808 1446 4885; baseline -0.001 -18"><span class='ocrx_word' id='word_1_387' title='bbox 181 4810 310 4869; x_wconf 89' lang='lat' dir='ltr'>ecclesie</span> <span class='ocrx_word' id='word_1_388' title='bbox 333 4827 401 4869; x_wconf 92' lang='lat' dir='ltr'>mee</span> <span class='ocrx_word' id='word_1_389' title='bbox 434 4813 636 4885; x_wconf 90' lang='lat' dir='ltr'>zagrabiensi.</span> <span class='ocrx_word' id='word_1_390' title='bbox 672 4811 720 4871; x_wconf 83' lang='lat' dir='ltr'>Ad</span> <span class='ocrx_word' id='word_1_391' title='bbox 752 4812 894 4871; x_wconf 89' lang='lat' dir='ltr'>laborem</span> <span class='ocrx_word' id='word_1_392' title='bbox 927 4825 1002 4869; x_wconf 89' lang='lat' dir='ltr'>vero</span> <span class='ocrx_word' id='word_1_393' title='bbox 1026 4809 1154 4868; x_wconf 86' lang='lat' dir='ltr'>ecclesie</span> <span class='ocrx_word' id='word_1_394' title='bbox 1184 4809 1280 4867; x_wconf 87' lang='lat' dir='ltr'>sancti</span> <span class='ocrx_word' id='word_1_395' title='bbox 1311 4808 1446 4883; x_wconf 86' lang='lat' dir='ltr'>Spiritus</span> 
     </span>
     <span class='ocr_line' id='line_1_43' title="bbox 181 4913 1443 4994; baseline 0.001 -20"><span class='ocrx_word' id='word_1_396' title='bbox 181 4915 317 4976; x_wconf 86' lang='lat' dir='ltr'>Chasme</span> <span class='ocrx_word' id='word_1_397' title='bbox 340 4917 477 4991; x_wconf 88' lang='lat' dir='ltr'>fundate,</span> <span class='ocrx_word' id='word_1_398' title='bbox 501 4934 562 4993; x_wconf 92' lang='lat' dir='ltr'>que</span> <span class='ocrx_word' id='word_1_399' title='bbox 585 4919 683 4977; x_wconf 91' lang='lat' dir='ltr'>eciam</span> <span class='ocrx_word' id='word_1_400' title='bbox 706 4934 725 4977; x_wconf 84' lang='lat' dir='ltr'>a</span> <span class='ocrx_word' id='word_1_401' title='bbox 748 4918 903 4994; x_wconf 90' lang='lat' dir='ltr'>principio</span> <span class='ocrx_word' id='word_1_402' title='bbox 926 4915 987 4976; x_wconf 85' lang='lat' dir='ltr'>fuit</span> <span class='ocrx_word' id='word_1_403' title='bbox 1017 4917 1092 4975; x_wconf 89' lang='lat' dir='ltr'>satis</span> <span class='ocrx_word' id='word_1_404' title='bbox 1122 4914 1270 4990; x_wconf 85' lang='lat' dir='ltr'>neglecta,</span> <span class='ocrx_word' id='word_1_405' title='bbox 1293 4914 1365 4991; x_wconf 87' lang='lat' dir='ltr'>lego</span> <span class='ocrx_word' id='word_1_406' title='bbox 1388 4913 1443 4975; x_wconf 90' lang='lat' dir='ltr'>flo-</span> 
     </span>
    </p>
   </div>
   <div class='ocr_carea' id='block_1_4' title="bbox 0 0 1644 5348">
    <p class='ocr_par' dir='ltr' id='par_1_4' title="bbox 0 0 1644 5348">
     <span class='ocr_line' id='line_1_44' title="bbox 0 0 1644 5348; baseline 0 2"><span class='ocrx_word' id='word_1_407' title='bbox 0 0 1644 5348; x_wconf 95' lang='lat' dir='ltr'> </span> 
     </span>
    </p>
   </div>
  </div>
 </body>
</html>
