<?xml version="1.0" encoding="UTF-8"?>
<!DOCTYPE html PUBLIC "-//W3C//DTD XHTML 1.0 Transitional//EN"
    "http://www.w3.org/TR/xhtml1/DTD/xhtml1-transitional.dtd">
<html xmlns="http://www.w3.org/1999/xhtml" xml:lang="en" lang="en">
 <head>
  <title>
</title>
<meta http-equiv="Content-Type" content="text/html;charset=utf-8" />
  <meta name='ocr-system' content='tesseract 3.04.00' />
  <meta name='ocr-capabilities' content='ocr_page ocr_carea ocr_par ocr_line ocrx_word'/>
</head>
<body>
  <div class='ocr_page' id='page_1' title='image "./monumentahistor01laszgoog_0270.png"; bbox 0 0 3278 5348; ppageno 0'>
   <div class='ocr_carea' id='block_1_1' title="bbox 189 440 1111 519">
    <p class='ocr_par' dir='ltr' id='par_1_1' title="bbox 189 440 1111 519">
     <span class='ocr_line' id='line_1_1' title="bbox 189 440 1111 519; baseline -0.009 -17"><span class='ocrx_word' id='word_1_1' title='bbox 189 465 208 519; x_wconf 84' lang='lat'><strong>4</strong></span> <span class='ocrx_word' id='word_1_2' title='bbox 548 443 622 499; x_wconf 84' lang='lat' dir='ltr'>Doc.</span> <span class='ocrx_word' id='word_1_3' title='bbox 646 454 673 517; x_wconf 77' lang='lat' dir='ltr'>,t</span> <span class='ocrx_word' id='word_1_4' title='bbox 692 454 724 514; x_wconf 83' lang='lat'>5.</span> <span class='ocrx_word' id='word_1_5' title='bbox 748 473 789 481; x_wconf 91' lang='lat'>-</span> <span class='ocrx_word' id='word_1_6' title='bbox 814 440 861 496; x_wconf 81' lang='lat' dir='ltr'>An</span> <span class='ocrx_word' id='word_1_7' title='bbox 895 453 1111 515; x_wconf 55' lang='lat' dir='ltr'>nior—1402.</span> 
     </span>
    </p>
   </div>
   <div class='ocr_carea' id='block_1_2' title="bbox 186 652 1456 1367">
    <p class='ocr_par' dir='ltr' id='par_1_2' title="bbox 186 652 1456 1367">
     <span class='ocr_line' id='line_1_2' title="bbox 187 652 1450 729; baseline -0.005 -13"><span class='ocrx_word' id='word_1_8' title='bbox 187 658 281 729; x_wconf 89' lang='lat' dir='ltr'>laum,</span> <span class='ocrx_word' id='word_1_9' title='bbox 298 657 487 727; x_wconf 83' lang='lat' dir='ltr'>ladislaum,</span> <span class='ocrx_word' id='word_1_10' title='bbox 504 656 607 715; x_wconf 91' lang='lat' dir='ltr'>filium</span> <span class='ocrx_word' id='word_1_11' title='bbox 626 656 765 714; x_wconf 88' lang='lat' dir='ltr'>eiusdem</span> <span class='ocrx_word' id='word_1_12' title='bbox 781 655 922 727; x_wconf 83' lang='lat' dir='ltr'><strong>magistri</strong></span> <span class='ocrx_word' id='word_1_13' title='bbox 942 654 1059 712; x_wconf 90' lang='lat' dir='ltr'>Nicolai</span> <span class='ocrx_word' id='word_1_14' title='bbox 1076 661 1108 711; x_wconf 90' lang='lat' dir='ltr'>et</span> <span class='ocrx_word' id='word_1_15' title='bbox 1123 652 1325 727; x_wconf 85' lang='lat' dir='ltr'><strong>Stephanum,</strong></span> <span class='ocrx_word' id='word_1_16' title='bbox 1351 652 1450 711; x_wconf 89' lang='lat' dir='ltr'>filium</span> 
     </span>
     <span class='ocr_line' id='line_1_3' title="bbox 187 761 1452 833; baseline -0.005 -11"><span class='ocrx_word' id='word_1_17' title='bbox 187 765 348 822; x_wconf 81' lang='lat' dir='ltr'>laurencii</span> <span class='ocrx_word' id='word_1_18' title='bbox 371 764 409 821; x_wconf 91' lang='lat' dir='ltr'>de</span> <span class='ocrx_word' id='word_1_19' title='bbox 433 764 515 821; x_wconf 83' lang='lat' dir='ltr'>dicto</span> <span class='ocrx_word' id='word_1_20' title='bbox 539 763 751 821; x_wconf 84' lang='lat' dir='ltr'>Zvvmzedvvar</span> <span class='ocrx_word' id='word_1_21' title='bbox 774 777 809 820; x_wconf 90' lang='lat' dir='ltr'>ac</span> <span class='ocrx_word' id='word_1_22' title='bbox 832 777 939 819; x_wconf 89' lang='lat' dir='ltr'>omnes</span> <span class='ocrx_word' id='word_1_23' title='bbox 962 762 1040 818; x_wconf 91' lang='lat' dir='ltr'>alios</span> <span class='ocrx_word' id='word_1_24' title='bbox 1064 775 1277 833; x_wconf 88' lang='lat' dir='ltr'>quoscumque</span> <span class='ocrx_word' id='word_1_25' title='bbox 1301 761 1341 816; x_wconf 88' lang='lat' dir='ltr'>ab</span> <span class='ocrx_word' id='word_1_26' title='bbox 1364 774 1452 817; x_wconf 91' lang='lat' dir='ltr'>occu·</span> 
     </span>
     <span class='ocr_line' id='line_1_4' title="bbox 188 867 1454 945; baseline -0.005 -16"><span class='ocrx_word' id='word_1_27' title='bbox 188 872 324 945; x_wconf 89' lang='lat' dir='ltr'>pacione,</span> <span class='ocrx_word' id='word_1_28' title='bbox 349 870 535 941; x_wconf 88' lang='lat' dir='ltr'>detencione,</span> <span class='ocrx_word' id='word_1_29' title='bbox 559 869 717 927; x_wconf 82' lang='lat' dir='ltr'>fructuum</span> <span class='ocrx_word' id='word_1_30' title='bbox 752 874 782 926; x_wconf 89' lang='lat' dir='ltr'>et</span> <span class='ocrx_word' id='word_1_31' title='bbox 817 868 987 925; x_wconf 78' lang='lat' dir='ltr'>utilitatum</span> <span class='ocrx_word' id='word_1_32' title='bbox 1022 869 1233 941; x_wconf 90' lang='lat' dir='ltr'>percepcione‚</span> <span class='ocrx_word' id='word_1_33' title='bbox 1269 882 1387 924; x_wconf 91' lang='lat' dir='ltr'>necnon</span> <span class='ocrx_word' id='word_1_34' title='bbox 1424 867 1454 923; x_wconf 92' lang='lat' dir='ltr'>in</span> 
     </span>
     <span class='ocr_line' id='line_1_5' title="bbox 187 973 1454 1047; baseline -0.006 -12"><span class='ocrx_word' id='word_1_35' title='bbox 187 976 362 1035; x_wconf 89' lang='lat' dir='ltr'>dominium</span> <span class='ocrx_word' id='word_1_36' title='bbox 385 976 566 1034; x_wconf 89' lang='lat' dir='ltr'>earumdem</span> <span class='ocrx_word' id='word_1_37' title='bbox 589 992 621 1033; x_wconf 92' lang='lat' dir='ltr'>se</span> <span class='ocrx_word' id='word_1_38' title='bbox 645 976 874 1033; x_wconf 87' lang='lat' dir='ltr'>intromissione</span> <span class='ocrx_word' id='word_1_39' title='bbox 898 974 1120 1047; x_wconf 88' lang='lat' dir='ltr'>quoquomodo</span> <span class='ocrx_word' id='word_1_40' title='bbox 1137 979 1167 1031; x_wconf 92' lang='lat' dir='ltr'>et</span> <span class='ocrx_word' id='word_1_41' title='bbox 1184 973 1454 1046; x_wconf 88' lang='lat' dir='ltr'>qualitercumque</span> 
     </span>
     <span class='ocr_line' id='line_1_6' title="bbox 187 1079 1456 1156; baseline -0.003 -15"><span class='ocrx_word' id='word_1_42' title='bbox 187 1082 276 1141; x_wconf 87' lang='lat' dir='ltr'>factis</span> <span class='ocrx_word' id='word_1_43' title='bbox 298 1082 350 1140; x_wconf 88' lang='lat' dir='ltr'>vel</span> <span class='ocrx_word' id='word_1_44' title='bbox 374 1083 522 1141; x_wconf 87' lang='lat' dir='ltr'>faciendis</span> <span class='ocrx_word' id='word_1_45' title='bbox 545 1083 772 1156; x_wconf 89' lang='lat' dir='ltr'>prohibuerunt</span> <span class='ocrx_word' id='word_1_46' title='bbox 795 1080 1035 1139; x_wconf 89' lang='lat' dir='ltr'>contradicendo</span> <span class='ocrx_word' id='word_1_47' title='bbox 1058 1086 1089 1138; x_wconf 87' lang='lat' dir='ltr'>et</span> <span class='ocrx_word' id='word_1_48' title='bbox 1112 1079 1367 1138; x_wconf 84' lang='lat' dir='ltr'>contradixerunt</span> <span class='ocrx_word' id='word_1_49' title='bbox 1384 1094 1456 1153; x_wconf 91' lang='lat' dir='ltr'>pro·</span> 
     </span>
     <span class='ocr_line' id='line_1_7' title="bbox 187 1185 1456 1248; baseline -0.003 -1"><span class='ocrx_word' id='word_1_50' title='bbox 187 1189 323 1248; x_wconf 87' lang='lat' dir='ltr'>hibendo</span> <span class='ocrx_word' id='word_1_51' title='bbox 347 1190 458 1247; x_wconf 89' lang='lat' dir='ltr'>harum</span> <span class='ocrx_word' id='word_1_52' title='bbox 482 1195 659 1247; x_wconf 91' lang='lat' dir='ltr'>nostrarum</span> <span class='ocrx_word' id='word_1_53' title='bbox 683 1189 860 1246; x_wconf 86' lang='lat' dir='ltr'>litterarum</span> <span class='ocrx_word' id='word_1_54' title='bbox 884 1188 1069 1245; x_wconf 87' lang='lat' dir='ltr'>testimonio.</span> <span class='ocrx_word' id='word_1_55' title='bbox 1104 1187 1221 1244; x_wconf 90' lang='lat' dir='ltr'>Datum</span> <span class='ocrx_word' id='word_1_56' title='bbox 1245 1186 1276 1244; x_wconf 93' lang='lat' dir='ltr'>in</span> <span class='ocrx_word' id='word_1_57' title='bbox 1300 1185 1456 1244; x_wconf 89' lang='lat' dir='ltr'>dominica</span> 
     </span>
     <span class='ocr_line' id='line_1_8' title="bbox 186 1293 1220 1367; baseline -0.002 -15"><span class='ocrx_word' id='word_1_58' title='bbox 186 1295 304 1354; x_wconf 82' lang='lat' dir='ltr'>Letare.</span> <span class='ocrx_word' id='word_1_59' title='bbox 328 1297 417 1354; x_wconf 88' lang='lat' dir='ltr'>Anno</span> <span class='ocrx_word' id='word_1_60' title='bbox 441 1295 561 1353; x_wconf 91' lang='lat' dir='ltr'>domini</span> <span class='ocrx_word' id='word_1_61' title='bbox 584 1294 754 1353; x_wconf 91' lang='lat' dir='ltr'>millesimo</span> <span class='ocrx_word' id='word_1_62' title='bbox 779 1293 1085 1367; x_wconf 88' lang='lat' dir='ltr'>quadringentesimo</span> <span class='ocrx_word' id='word_1_63' title='bbox 1109 1293 1220 1366; x_wconf 79' lang='lat' dir='ltr'>primo,</span> 
     </span>
    </p>
   </div>
   <div class='ocr_carea' id='block_1_3' title="bbox 187 1429 1453 1586">
    <p class='ocr_par' dir='ltr' id='par_1_3' title="bbox 187 1429 1453 1586">
     <span class='ocr_line' id='line_1_9' title="bbox 292 1429 1453 1495; baseline -0.004 -14"><span class='ocrx_word' id='word_1_64' title='bbox 292 1431 426 1495; x_wconf 85' lang='lat' dir='ltr'>Originale</span> <span class='ocrx_word' id='word_1_65' title='bbox 453 1433 480 1481; x_wconf 90' lang='lat' dir='ltr'>in</span> <span class='ocrx_word' id='word_1_66' title='bbox 507 1433 602 1480; x_wconf 82' lang='lat' dir='ltr'>charta.</span> <span class='ocrx_word' id='word_1_67' title='bbox 631 1432 716 1494; x_wconf 80' lang='lat' dir='ltr'>Tergo</span> <span class='ocrx_word' id='word_1_68' title='bbox 743 1430 895 1495; x_wconf 87' lang='lat' dir='ltr'>impressum</span> <span class='ocrx_word' id='word_1_69' title='bbox 925 1430 1040 1493; x_wconf 85' lang='lat' dir='ltr'>sigillum</span> <span class='ocrx_word' id='word_1_70' title='bbox 1076 1431 1107 1478; x_wconf 91' lang='lat' dir='ltr'>In</span> <span class='ocrx_word' id='word_1_71' title='bbox 1126 1429 1222 1480; x_wconf 74' lang='lat' dir='ltr'>archiv.</span> <span class='ocrx_word' id='word_1_72' title='bbox 1241 1429 1287 1483; x_wconf 81' lang='lat' dir='ltr'>lib.</span> <span class='ocrx_word' id='word_1_73' title='bbox 1307 1446 1362 1494; x_wconf 83' lang='lat' dir='ltr'>reg.</span> <span class='ocrx_word' id='word_1_74' title='bbox 1384 1431 1453 1479; x_wconf 90' lang='lat' dir='ltr'>civit.</span> 
     </span>
     <span class='ocr_line' id='line_1_10' title="bbox 187 1522 368 1586; baseline -0.006 -16"><span class='ocrx_word' id='word_1_75' title='bbox 187 1522 368 1586; x_wconf 75' lang='lat' dir='ltr'>zregrabiensis¹</span> 
     </span>
    </p>
   </div>
   <div class='ocr_carea' id='block_1_4' title="bbox 185 1696 1457 2397">
    <p class='ocr_par' dir='ltr' id='par_1_4' title="bbox 291 1696 840 1846">
     <span class='ocr_line' id='line_1_11' title="bbox 291 1696 840 1846; baseline -0.005 -11"><span class='ocrx_word' id='word_1_76' title='bbox 291 1786 371 1835; x_wconf 84' lang='lat' dir='ltr'>Anno</span> <span class='ocrx_word' id='word_1_77' title='bbox 394 1796 468 1846; x_wconf 86' lang='lat'>1401.</span> <span class='ocrx_word' id='word_1_78' title='bbox 804 1696 840 1759; x_wconf 40' lang='grc'>4.</span> 
     </span>
    </p>

    <p class='ocr_par' dir='ltr' id='par_1_5' title="bbox 185 1909 1457 2397">
     <span class='ocr_line' id='line_1_12' title="bbox 294 1909 1455 1988; baseline -0.004 -16"><span class='ocrx_word' id='word_1_79' title='bbox 294 1917 384 1972; x_wconf 92' lang='lat' dir='ltr'>Anno</span> <span class='ocrx_word' id='word_1_80' title='bbox 412 1930 502 1988; x_wconf 86' lang='lat'>1401.</span> <span class='ocrx_word' id='word_1_81' title='bbox 526 1913 680 1984; x_wconf 84' lang='lat' dir='ltr'>Tempore</span> <span class='ocrx_word' id='word_1_82' title='bbox 702 1909 855 1986; x_wconf 90' lang='lat' dir='ltr'>judicatus</span> <span class='ocrx_word' id='word_1_83' title='bbox 872 1911 988 1969; x_wconf 91' lang='lat' dir='ltr'>domini</span> <span class='ocrx_word' id='word_1_84' title='bbox 1007 1911 1174 1981; x_wconf 82' lang='lat' dir='ltr'>Michaelis,</span> <span class='ocrx_word' id='word_1_85' title='bbox 1192 1910 1250 1968; x_wconf 90' lang='lat' dir='ltr'>filii</span> <span class='ocrx_word' id='word_1_86' title='bbox 1267 1909 1455 1982; x_wconf 83' lang='lat' dir='ltr'>Sebastiam,</span> 
     </span>
     <span class='ocr_line' id='line_1_13' title="bbox 185 2016 1457 2098; baseline -0.004 -19"><span class='ocrx_word' id='word_1_87' title='bbox 185 2019 296 2098; x_wconf 91' lang='lat' dir='ltr'>judicis</span> <span class='ocrx_word' id='word_1_88' title='bbox 319 2020 512 2091; x_wconf 79' lang='lat' dir='ltr'>Grechensi5‚</span> <span class='ocrx_word' id='word_1_89' title='bbox 536 2020 694 2075; x_wconf 87' lang='lat' dir='ltr'>Emericus</span> <span class='ocrx_word' id='word_1_90' title='bbox 717 2017 940 2090; x_wconf 84' lang='lat' dir='ltr'>prebendarius</span> <span class='ocrx_word' id='word_1_91' title='bbox 964 2019 1051 2074; x_wconf 90' lang='lat' dir='ltr'>chori</span> <span class='ocrx_word' id='word_1_92' title='bbox 1074 2018 1203 2074; x_wconf 88' lang='lat' dir='ltr'>ecclesie</span> <span class='ocrx_word' id='word_1_93' title='bbox 1227 2016 1258 2074; x_wconf 95' lang='lat' dir='ltr'>b.</span> <span class='ocrx_word' id='word_1_94' title='bbox 1282 2018 1367 2089; x_wconf 88' lang='lat' dir='ltr'>regis</span> <span class='ocrx_word' id='word_1_95' title='bbox 1387 2016 1457 2075; x_wconf 89' lang='lat' dir='ltr'>Ste-</span> 
     </span>
     <span class='ocr_line' id='line_1_14' title="bbox 185 2121 1455 2201; baseline -0.004 -16"><span class='ocrx_word' id='word_1_96' title='bbox 185 2128 281 2201; x_wconf 92' lang='lat' dir='ltr'>phani</span> <span class='ocrx_word' id='word_1_97' title='bbox 305 2126 377 2184; x_wconf 84' lang='lat' dir='ltr'>fecit</span> <span class='ocrx_word' id='word_1_98' title='bbox 401 2126 664 2199; x_wconf 87' lang='lat' dir='ltr'>permutacionem</span> <span class='ocrx_word' id='word_1_99' title='bbox 701 2140 772 2181; x_wconf 88' lang='lat' dir='ltr'>cum</span> <span class='ocrx_word' id='word_1_100' title='bbox 809 2125 944 2196; x_wconf 88' lang='lat' dir='ltr'>quadarn</span> <span class='ocrx_word' id='word_1_101' title='bbox 979 2125 1068 2181; x_wconf 91' lang='lat' dir='ltr'>vinea</span> <span class='ocrx_word' id='word_1_102' title='bbox 1103 2139 1158 2180; x_wconf 93' lang='lat' dir='ltr'>sua</span> <span class='ocrx_word' id='word_1_103' title='bbox 1193 2139 1250 2196; x_wconf 89' lang='lat' dir='ltr'>per</span> <span class='ocrx_word' id='word_1_104' title='bbox 1286 2121 1455 2180; x_wconf 89' lang='lat' dir='ltr'>dominum</span> 
     </span>
     <span class='ocr_line' id='line_1_15' title="bbox 190 2228 1457 2306; baseline -0.002 -16"><span class='ocrx_word' id='word_1_105' title='bbox 190 2234 371 2306; x_wconf 88' lang='lat' dir='ltr'>episcopum</span> <span class='ocrx_word' id='word_1_106' title='bbox 395 2232 593 2304; x_wconf 90' lang='lat' dir='ltr'>Segniensem</span> <span class='ocrx_word' id='word_1_107' title='bbox 618 2231 656 2287; x_wconf 91' lang='lat' dir='ltr'>ad</span> <span class='ocrx_word' id='word_1_108' title='bbox 681 2232 782 2304; x_wconf 89' lang='lat' dir='ltr'>ipsam</span> <span class='ocrx_word' id='word_1_109' title='bbox 818 2229 1010 2302; x_wconf 89' lang='lat' dir='ltr'>prebendam</span> <span class='ocrx_word' id='word_1_110' title='bbox 1044 2229 1249 2288; x_wconf 89' lang='lat' dir='ltr'>condonatam</span> <span class='ocrx_word' id='word_1_111' title='bbox 1283 2236 1313 2286; x_wconf 87' lang='lat' dir='ltr'>et</span> <span class='ocrx_word' id='word_1_112' title='bbox 1348 2228 1457 2287; x_wconf 91' lang='lat' dir='ltr'>datam</span> 
     </span>
     <span class='ocr_line' id='line_1_16' title="bbox 186 2337 1017 2397; baseline -0.002 -1"><span class='ocrx_word' id='word_1_113' title='bbox 186 2355 257 2397; x_wconf 92' lang='lat' dir='ltr'>cum</span> <span class='ocrx_word' id='word_1_114' title='bbox 282 2339 431 2397; x_wconf 86' lang='lat' dir='ltr'>Michaele</span> <span class='ocrx_word' id='word_1_115' title='bbox 457 2346 487 2395; x_wconf 92' lang='lat' dir='ltr'>et</span> <span class='ocrx_word' id='word_1_116' title='bbox 510 2338 669 2394; x_wconf 87' lang='lat' dir='ltr'>Demetrio</span> <span class='ocrx_word' id='word_1_117' title='bbox 693 2338 805 2394; x_wconf 86' lang='lat' dir='ltr'>nostris</span> <span class='ocrx_word' id='word_1_118' title='bbox 829 2337 1017 2394; x_wconf 88' lang='lat' dir='ltr'>concivibus.</span> 
     </span>
    </p>
   </div>
   <div class='ocr_carea' id='block_1_5' title="bbox 290 2473 1010 2540">
    <p class='ocr_par' dir='ltr' id='par_1_6' title="bbox 290 2473 1010 2540">
     <span class='ocr_line' id='line_1_17' title="bbox 290 2473 1010 2540; baseline -0.003 -17"><span class='ocrx_word' id='word_1_119' title='bbox 290 2477 313 2523; x_wconf 89' lang='lat' dir='ltr'><strong>E</strong></span> <span class='ocrx_word' id='word_1_120' title='bbox 332 2475 465 2540; x_wconf 85' lang='lat' dir='ltr'>protocolo</span> <span class='ocrx_word' id='word_1_121' title='bbox 483 2475 594 2525; x_wconf 82' lang='lat' dir='ltr'>civitatis</span> <span class='ocrx_word' id='word_1_122' title='bbox 614 2475 708 2522; x_wconf 86' lang='lat' dir='ltr'>montis</span> <span class='ocrx_word' id='word_1_123' title='bbox 727 2473 890 2525; x_wconf 84' lang='lat' dir='ltr'>Grechensis.</span> <span class='ocrx_word' id='word_1_124' title='bbox 910 2474 1010 2537; x_wconf 84' lang='lat' dir='ltr'>zagrab.</span> 
     </span>
    </p>
   </div>
   <div class='ocr_carea' id='block_1_6' title="bbox 802 2669 835 2731">
    <p class='ocr_par' dir='ltr' id='par_1_7' title="bbox 802 2669 835 2731">
     <span class='ocr_line' id='line_1_18' title="bbox 802 2669 835 2731; baseline -0.03 0"><span class='ocrx_word' id='word_1_125' title='bbox 802 2669 835 2731; x_wconf 88' lang='lat'>5.</span> 
     </span>
    </p>
   </div>
   <div class='ocr_carea' id='block_1_7' title="bbox 291 2810 853 2872">
    <p class='ocr_par' dir='ltr' id='par_1_8' title="bbox 291 2810 853 2872">
     <span class='ocr_line' id='line_1_19' title="bbox 291 2810 853 2872; baseline 0.002 -15"><span class='ocrx_word' id='word_1_126' title='bbox 291 2810 372 2857; x_wconf 86' lang='lat' dir='ltr'>Auno</span> <span class='ocrx_word' id='word_1_127' title='bbox 395 2821 469 2871; x_wconf 83' lang='lat'>1402,</span> <span class='ocrx_word' id='word_1_128' title='bbox 493 2823 534 2872; x_wconf 78' lang='lat'>14.</span> <span class='ocrx_word' id='word_1_129' title='bbox 554 2811 684 2861; x_wconf 80' lang='lat' dir='ltr'>februarii.</span> <span class='ocrx_word' id='word_1_130' title='bbox 707 2810 853 2872; x_wconf 82' lang='lat' dir='ltr'>Zagrabine.</span> 
     </span>
    </p>
   </div>
   <div class='ocr_carea' id='block_1_8' title="bbox 184 2935 1456 3117">
    <p class='ocr_par' dir='ltr' id='par_1_9' title="bbox 184 2935 1456 3117">
     <span class='ocr_line' id='line_1_20' title="bbox 184 2935 1456 3009; baseline 0.003 -17"><span class='ocrx_word' id='word_1_131' title='bbox 184 2935 378 2993; x_wconf 79' lang='lat' dir='ltr'>Eberhardus</span> <span class='ocrx_word' id='word_1_132' title='bbox 402 2937 481 3009; x_wconf 78' lang='lat' dir='ltr'>cpr‘sc.</span> <span class='ocrx_word' id='word_1_133' title='bbox 506 2937 623 3007; x_wconf 64' lang='lat' dir='ltr'>nigrai.</span> <span class='ocrx_word' id='word_1_134' title='bbox 648 2938 795 2994; x_wconf 64' lang='lat' dir='ltr'>carrinatem</span> <span class='ocrx_word' id='word_1_135' title='bbox 817 2936 1017 3007; x_wconf 67' lang='lat' dir='ltr'>zqgrulu&#39;cvses</span> <span class='ocrx_word' id='word_1_136' title='bbox 1040 2937 1133 2994; x_wconf 80' lang='lat' dir='ltr'>libera</span> <span class='ocrx_word' id='word_1_137' title='bbox 1162 2938 1287 2994; x_wconf 81' lang='lat' dir='ltr'>arbitria</span> <span class='ocrx_word' id='word_1_138' title='bbox 1321 2937 1355 2994; x_wconf 82' lang='lat' dir='ltr'>dc</span> <span class='ocrx_word' id='word_1_139' title='bbox 1390 2940 1456 2997; x_wconf 80' lang='lat' dir='ltr'>suis</span> 
     </span>
     <span class='ocr_line' id='line_1_21' title="bbox 366 3043 1275 3117; baseline 0.006 -20"><span class='ocrx_word' id='word_1_140' title='bbox 366 3043 491 3115; x_wconf 63' lang='lat' dir='ltr'>ipsorum</span> <span class='ocrx_word' id='word_1_141' title='bbox 515 3043 594 3098; x_wconf 77' lang='lat' dir='ltr'>burris</span> <span class='ocrx_word' id='word_1_142' title='bbox 611 3051 669 3115; x_wconf 74' lang='lat' dir='ltr'>per</span> <span class='ocrx_word' id='word_1_143' title='bbox 691 3051 886 3101; x_wconf 70' lang='lat' dir='ltr'>testamentum</span> <span class='ocrx_word' id='word_1_144' title='bbox 909 3061 994 3113; x_wconf 66' lang='lat' dir='ltr'>agere</span> <span class='ocrx_word' id='word_1_145' title='bbox 1010 3052 1095 3115; x_wconf 78' lang='lat' dir='ltr'>posse</span> <span class='ocrx_word' id='word_1_146' title='bbox 1118 3045 1275 3117; x_wconf 79' lang='lat' dir='ltr'>confirmat.</span> 
     </span>
    </p>
   </div>
   <div class='ocr_carea' id='block_1_9' title="bbox 181 3203 1456 4978">
    <p class='ocr_par' dir='ltr' id='par_1_10' title="bbox 181 3203 1456 4978">
     <span class='ocr_line' id='line_1_22' title="bbox 291 3203 1454 3280; baseline 0.006 -20"><span class='ocrx_word' id='word_1_147' title='bbox 291 3203 490 3260; x_wconf 90' lang='lat' dir='ltr'>Eberhardus</span> <span class='ocrx_word' id='word_1_148' title='bbox 513 3203 563 3260; x_wconf 93' lang='lat' dir='ltr'>dei</span> <span class='ocrx_word' id='word_1_149' title='bbox 587 3210 615 3261; x_wconf 91' lang='lat' dir='ltr'>et</span> <span class='ocrx_word' id='word_1_150' title='bbox 639 3205 808 3277; x_wconf 90' lang='lat' dir='ltr'>apostolice</span> <span class='ocrx_word' id='word_1_151' title='bbox 832 3204 914 3261; x_wconf 91' lang='lat' dir='ltr'>sedis</span> <span class='ocrx_word' id='word_1_152' title='bbox 931 3206 1034 3276; x_wconf 85' lang='lat' dir='ltr'>gracia</span> <span class='ocrx_word' id='word_1_153' title='bbox 1051 3206 1216 3279; x_wconf 92' lang='lat' dir='ltr'>episcopus</span> <span class='ocrx_word' id='word_1_154' title='bbox 1231 3207 1454 3280; x_wconf 90' lang='lat' dir='ltr'>zagrabiensis.</span> 
     </span>
     <span class='ocr_line' id='line_1_23' title="bbox 184 3308 1454 3385; baseline 0.003 -18"><span class='ocrx_word' id='word_1_155' title='bbox 184 3308 346 3367; x_wconf 89' lang='lat' dir='ltr'>Universis</span> <span class='ocrx_word' id='word_1_156' title='bbox 371 3315 400 3365; x_wconf 90' lang='lat' dir='ltr'>et</span> <span class='ocrx_word' id='word_1_157' title='bbox 424 3310 554 3381; x_wconf 90' lang='lat' dir='ltr'>singulis</span> <span class='ocrx_word' id='word_1_158' title='bbox 579 3310 691 3366; x_wconf 73' lang='lat' dir='ltr'>Christi</span> <span class='ocrx_word' id='word_1_159' title='bbox 716 3309 864 3366; x_wconf 87' lang='lat' dir='ltr'>fidelibus</span> <span class='ocrx_word' id='word_1_160' title='bbox 895 3312 1091 3382; x_wconf 88' lang='lat' dir='ltr'>presentibus</span> <span class='ocrx_word' id='word_1_161' title='bbox 1120 3320 1149 3368; x_wconf 89' lang='lat' dir='ltr'>et</span> <span class='ocrx_word' id='word_1_162' title='bbox 1181 3311 1292 3369; x_wconf 88' lang='lat' dir='ltr'>suturis</span> <span class='ocrx_word' id='word_1_163' title='bbox 1325 3328 1454 3385; x_wconf 91' lang='lat' dir='ltr'>presen-</span> 
     </span>
     <span class='ocr_line' id='line_1_24' title="bbox 185 3414 1456 3489; baseline 0.004 -18"><span class='ocrx_word' id='word_1_164' title='bbox 185 3414 266 3471; x_wconf 91' lang='lat' dir='ltr'>cium</span> <span class='ocrx_word' id='word_1_165' title='bbox 292 3415 515 3471; x_wconf 87' lang='lat' dir='ltr'>continenciam</span> <span class='ocrx_word' id='word_1_166' title='bbox 541 3416 745 3485; x_wconf 68' lang='lat' dir='ltr'>cernentibus</span> <span class='ocrx_word' id='word_1_167' title='bbox 771 3417 905 3473; x_wconf 83' lang='lat' dir='ltr'>salutem</span> <span class='ocrx_word' id='word_1_168' title='bbox 932 3417 961 3473; x_wconf 93' lang='lat' dir='ltr'>in</span> <span class='ocrx_word' id='word_1_169' title='bbox 986 3433 1030 3487; x_wconf 92' lang='lat' dir='ltr'>eo,</span> <span class='ocrx_word' id='word_1_170' title='bbox 1055 3419 1108 3489; x_wconf 91' lang='lat' dir='ltr'>qui</span> <span class='ocrx_word' id='word_1_171' title='bbox 1132 3423 1176 3474; x_wconf 91' lang='lat' dir='ltr'>est</span> <span class='ocrx_word' id='word_1_172' title='bbox 1200 3419 1231 3475; x_wconf 91' lang='lat' dir='ltr'>in</span> <span class='ocrx_word' id='word_1_173' title='bbox 1261 3433 1294 3474; x_wconf 88' lang='lat' dir='ltr'>se</span> <span class='ocrx_word' id='word_1_174' title='bbox 1325 3419 1456 3478; x_wconf 89' lang='lat' dir='ltr'>creden-</span> 
     </span>
     <span class='ocr_line' id='line_1_25' title="bbox 184 3520 1454 3599; baseline 0.005 -22"><span class='ocrx_word' id='word_1_175' title='bbox 184 3520 267 3577; x_wconf 92' lang='lat' dir='ltr'>tibus</span> <span class='ocrx_word' id='word_1_176' title='bbox 292 3534 364 3575; x_wconf 90' lang='lat' dir='ltr'>vera</span> <span class='ocrx_word' id='word_1_177' title='bbox 388 3522 478 3577; x_wconf 91' lang='lat' dir='ltr'>salus.</span> <span class='ocrx_word' id='word_1_178' title='bbox 504 3522 652 3577; x_wconf 85' lang='lat' dir='ltr'>Debitum</span> <span class='ocrx_word' id='word_1_179' title='bbox 677 3523 773 3578; x_wconf 93' lang='lat' dir='ltr'>nostri</span> <span class='ocrx_word' id='word_1_180' title='bbox 797 3520 893 3579; x_wconf 76' lang='lat' dir='ltr'>officii</span> <span class='ocrx_word' id='word_1_181' title='bbox 917 3522 956 3578; x_wconf 90' lang='lat' dir='ltr'>ad</span> <span class='ocrx_word' id='word_1_182' title='bbox 988 3524 1044 3579; x_wconf 80' lang='lat' dir='ltr'>illa</span> <span class='ocrx_word' id='word_1_183' title='bbox 1074 3524 1235 3596; x_wconf 89' lang='lat' dir='ltr'>potissime</span> <span class='ocrx_word' id='word_1_184' title='bbox 1265 3538 1339 3580; x_wconf 89' lang='lat' dir='ltr'>cura</span> <span class='ocrx_word' id='word_1_185' title='bbox 1371 3526 1454 3599; x_wconf 89' lang='lat' dir='ltr'>vigi·</span> 
     </span>
     <span class='ocr_line' id='line_1_26' title="bbox 184 3625 1455 3701; baseline 0.004 -20"><span class='ocrx_word' id='word_1_186' title='bbox 184 3626 262 3682; x_wconf 92' lang='lat' dir='ltr'>lanti</span> <span class='ocrx_word' id='word_1_187' title='bbox 286 3625 443 3682; x_wconf 89' lang='lat' dir='ltr'>attendere</span> <span class='ocrx_word' id='word_1_188' title='bbox 467 3642 522 3682; x_wconf 89' lang='lat' dir='ltr'>nos</span> <span class='ocrx_word' id='word_1_189' title='bbox 545 3627 664 3698; x_wconf 85' lang='lat' dir='ltr'>satagit,</span> <span class='ocrx_word' id='word_1_190' title='bbox 689 3643 745 3701; x_wconf 93' lang='lat' dir='ltr'>per</span> <span class='ocrx_word' id='word_1_191' title='bbox 769 3644 828 3700; x_wconf 90' lang='lat' dir='ltr'>que</span> <span class='ocrx_word' id='word_1_192' title='bbox 853 3635 882 3684; x_wconf 92' lang='lat' dir='ltr'>et</span> <span class='ocrx_word' id='word_1_193' title='bbox 906 3643 953 3684; x_wconf 92' lang='lat' dir='ltr'>res</span> <span class='ocrx_word' id='word_1_194' title='bbox 978 3628 1104 3700; x_wconf 90' lang='lat' dir='ltr'>publica</span> <span class='ocrx_word' id='word_1_195' title='bbox 1128 3629 1235 3700; x_wconf 89' lang='lat' dir='ltr'>augeri</span> <span class='ocrx_word' id='word_1_196' title='bbox 1257 3629 1289 3685; x_wconf 91' lang='lat' dir='ltr'>in</span> <span class='ocrx_word' id='word_1_197' title='bbox 1318 3627 1369 3686; x_wconf 90' lang='lat' dir='ltr'>dei</span> <span class='ocrx_word' id='word_1_198' title='bbox 1404 3647 1455 3687; x_wconf 92' lang='lat' dir='ltr'>ec·</span> 
     </span>
     <span class='ocr_line' id='line_1_27' title="bbox 185 3731 1454 3803; baseline 0.004 -16"><span class='ocrx_word' id='word_1_199' title='bbox 185 3732 278 3788; x_wconf 91' lang='lat' dir='ltr'>clesia</span> <span class='ocrx_word' id='word_1_200' title='bbox 301 3741 331 3788; x_wconf 89' lang='lat' dir='ltr'>et</span> <span class='ocrx_word' id='word_1_201' title='bbox 355 3731 484 3788; x_wconf 91' lang='lat' dir='ltr'>devocio</span> <span class='ocrx_word' id='word_1_202' title='bbox 509 3733 620 3803; x_wconf 88' lang='lat' dir='ltr'>iugiter</span> <span class='ocrx_word' id='word_1_203' title='bbox 644 3733 701 3788; x_wconf 93' lang='lat' dir='ltr'>deo</span> <span class='ocrx_word' id='word_1_204' title='bbox 726 3733 949 3790; x_wconf 79' lang='lat' dir='ltr'>tamulancium</span> <span class='ocrx_word' id='word_1_205' title='bbox 974 3735 1004 3791; x_wconf 93' lang='lat' dir='ltr'>in</span> <span class='ocrx_word' id='word_1_206' title='bbox 1027 3734 1136 3791; x_wconf 91' lang='lat' dir='ltr'>eadem</span> <span class='ocrx_word' id='word_1_207' title='bbox 1165 3735 1382 3792; x_wconf 91' lang='lat' dir='ltr'>vehemencius</span> <span class='ocrx_word' id='word_1_208' title='bbox 1408 3737 1454 3793; x_wconf 92' lang='lat' dir='ltr'>in·</span> 
     </span>
     <span class='ocr_line' id='line_1_28' title="bbox 185 3838 1449 3910; baseline 0.006 -17"><span class='ocrx_word' id='word_1_209' title='bbox 185 3838 274 3894; x_wconf 90' lang='lat' dir='ltr'>citari</span> <span class='ocrx_word' id='word_1_210' title='bbox 308 3839 405 3910; x_wconf 91' lang='lat' dir='ltr'>possit</span> <span class='ocrx_word' id='word_1_211' title='bbox 441 3844 533 3909; x_wconf 89' lang='lat' dir='ltr'>atque</span> <span class='ocrx_word' id='word_1_212' title='bbox 570 3839 672 3894; x_wconf 89' lang='lat' dir='ltr'>valeat</span> <span class='ocrx_word' id='word_1_213' title='bbox 706 3839 865 3897; x_wconf 86' lang='lat' dir='ltr'>indefesse.</span> <span class='ocrx_word' id='word_1_214' title='bbox 903 3840 981 3896; x_wconf 90' lang='lat' dir='ltr'>Sane</span> <span class='ocrx_word' id='word_1_215' title='bbox 1003 3841 1094 3897; x_wconf 86' lang='lat' dir='ltr'>nobis</span> <span class='ocrx_word' id='word_1_216' title='bbox 1118 3856 1136 3898; x_wconf 91' lang='lat' dir='ltr'>a</span> <span class='ocrx_word' id='word_1_217' title='bbox 1159 3840 1309 3898; x_wconf 83' lang='lat' dir='ltr'>fratribus</span> <span class='ocrx_word' id='word_1_218' title='bbox 1333 3843 1449 3900; x_wconf 88' lang='lat' dir='ltr'>nostris</span> 
     </span>
     <span class='ocr_line' id='line_1_29' title="bbox 186 3943 1453 4019; baseline 0.005 -19"><span class='ocrx_word' id='word_1_219' title='bbox 186 3943 428 4001; x_wconf 87' lang='lat' dir='ltr'>honorabilibus</span> <span class='ocrx_word' id='word_1_220' title='bbox 452 3943 595 4000; x_wconf 90' lang='lat' dir='ltr'>videlicet</span> <span class='ocrx_word' id='word_1_221' title='bbox 622 3945 697 4000; x_wconf 90' lang='lat' dir='ltr'>viris</span> <span class='ocrx_word' id='word_1_222' title='bbox 721 3944 854 4002; x_wconf 88' lang='lat' dir='ltr'>dominis</span> <span class='ocrx_word' id='word_1_223' title='bbox 880 3947 1046 4019; x_wconf 91' lang='lat' dir='ltr'>preposit0,</span> <span class='ocrx_word' id='word_1_224' title='bbox 1070 3947 1193 4018; x_wconf 89' lang='lat' dir='ltr'>lectore,</span> <span class='ocrx_word' id='word_1_225' title='bbox 1217 3953 1350 4017; x_wconf 90' lang='lat' dir='ltr'>cantore,</span> <span class='ocrx_word' id='word_1_226' title='bbox 1384 3964 1453 4006; x_wconf 92' lang='lat' dir='ltr'>cus·</span> 
     </span>
     <span class='ocr_line' id='line_1_30' title="bbox 186 4049 1452 4126; baseline 0.005 -21"><span class='ocrx_word' id='word_1_227' title='bbox 186 4049 267 4120; x_wconf 94' lang='lat' dir='ltr'>tode,</span> <span class='ocrx_word' id='word_1_228' title='bbox 292 4049 534 4120; x_wconf 67' lang='lat' dir='ltr'>archidyaconis</span> <span class='ocrx_word' id='word_1_229' title='bbox 556 4051 708 4106; x_wconf 90' lang='lat' dir='ltr'>canonicis</span> <span class='ocrx_word' id='word_1_230' title='bbox 732 4066 767 4106; x_wconf 90' lang='lat' dir='ltr'>ac</span> <span class='ocrx_word' id='word_1_231' title='bbox 791 4052 922 4123; x_wconf 90' lang='lat' dir='ltr'>singulis</span> <span class='ocrx_word' id='word_1_232' title='bbox 946 4054 1015 4109; x_wconf 92' lang='lat' dir='ltr'>aliis</span> <span class='ocrx_word' id='word_1_233' title='bbox 1038 4054 1179 4126; x_wconf 89' lang='lat' dir='ltr'>personis</span> <span class='ocrx_word' id='word_1_234' title='bbox 1209 4059 1314 4111; x_wconf 90' lang='lat' dir='ltr'>nostre</span> <span class='ocrx_word' id='word_1_235' title='bbox 1345 4069 1452 4126; x_wconf 90' lang='lat' dir='ltr'>zagra·</span> 
     </span>
     <span class='ocr_line' id='line_1_31' title="bbox 187 4155 1452 4233; baseline 0.006 -22"><span class='ocrx_word' id='word_1_236' title='bbox 187 4155 302 4212; x_wconf 91' lang='lat' dir='ltr'>biensis</span> <span class='ocrx_word' id='word_1_237' title='bbox 326 4157 454 4212; x_wconf 90' lang='lat' dir='ltr'>ecclesie</span> <span class='ocrx_word' id='word_1_238' title='bbox 479 4155 577 4212; x_wconf 88' lang='lat' dir='ltr'>suerat</span> <span class='ocrx_word' id='word_1_239' title='bbox 600 4156 761 4213; x_wconf 89' lang='lat' dir='ltr'>humiliter</span> <span class='ocrx_word' id='word_1_240' title='bbox 784 4160 961 4230; x_wconf 85' lang='lat' dir='ltr'>expositum</span> <span class='ocrx_word' id='word_1_241' title='bbox 992 4165 1022 4216; x_wconf 85' lang='lat' dir='ltr'>ct</span> <span class='ocrx_word' id='word_1_242' title='bbox 1052 4159 1172 4230; x_wconf 85' lang='lat' dir='ltr'>devote,</span> <span class='ocrx_word' id='word_1_243' title='bbox 1203 4166 1355 4231; x_wconf 89' lang='lat' dir='ltr'>quatenus</span> <span class='ocrx_word' id='word_1_244' title='bbox 1390 4161 1452 4233; x_wconf 92' lang='lat' dir='ltr'>ipsi</span> 
     </span>
     <span class='ocr_line' id='line_1_32' title="bbox 186 4261 1449 4338; baseline 0.004 -20"><span class='ocrx_word' id='word_1_245' title='bbox 186 4261 393 4318; x_wconf 90' lang='lat' dir='ltr'>communiter</span> <span class='ocrx_word' id='word_1_246' title='bbox 417 4268 445 4318; x_wconf 91' lang='lat' dir='ltr'>et</span> <span class='ocrx_word' id='word_1_247' title='bbox 471 4261 595 4318; x_wconf 87' lang='lat' dir='ltr'>divisim</span> <span class='ocrx_word' id='word_1_248' title='bbox 627 4277 662 4317; x_wconf 89' lang='lat' dir='ltr'>ac</span> <span class='ocrx_word' id='word_1_249' title='bbox 686 4277 794 4318; x_wconf 92' lang='lat' dir='ltr'>eorum</span> <span class='ocrx_word' id='word_1_250' title='bbox 817 4263 1050 4335; x_wconf 88' lang='lat' dir='ltr'>predecessores</span> <span class='ocrx_word' id='word_1_251' title='bbox 1073 4281 1198 4338; x_wconf 88' lang='lat' dir='ltr'>semper</span> <span class='ocrx_word' id='word_1_252' title='bbox 1221 4281 1239 4323; x_wconf 91' lang='lat' dir='ltr'>a</span> <span class='ocrx_word' id='word_1_253' title='bbox 1263 4264 1449 4323; x_wconf 80' lang='lat' dir='ltr'>fundacione</span> 
     </span>
     <span class='ocr_line' id='line_1_33' title="bbox 186 4365 1449 4443; baseline 0.005 -20"><span class='ocrx_word' id='word_1_254' title='bbox 186 4365 268 4424; x_wconf 90' lang='lat' dir='ltr'>dicte</span> <span class='ocrx_word' id='word_1_255' title='bbox 293 4373 396 4424; x_wconf 91' lang='lat' dir='ltr'>nostre</span> <span class='ocrx_word' id='word_1_256' title='bbox 418 4368 626 4438; x_wconf 85' lang='lat' dir='ltr'>zagrabiensis</span> <span class='ocrx_word' id='word_1_257' title='bbox 655 4368 782 4423; x_wconf 90' lang='lat' dir='ltr'>ecclesie</span> <span class='ocrx_word' id='word_1_258' title='bbox 799 4369 977 4426; x_wconf 89' lang='lat' dir='ltr'>habuissent</span> <span class='ocrx_word' id='word_1_259' title='bbox 994 4376 1024 4427; x_wconf 88' lang='lat' dir='ltr'>et</span> <span class='ocrx_word' id='word_1_260' title='bbox 1036 4371 1186 4429; x_wconf 88' lang='lat' dir='ltr'>haberent</span> <span class='ocrx_word' id='word_1_261' title='bbox 1201 4371 1240 4429; x_wconf 91' lang='lat' dir='ltr'>de</span> <span class='ocrx_word' id='word_1_262' title='bbox 1255 4371 1338 4441; x_wconf 90' lang='lat' dir='ltr'>stilo,</span> <span class='ocrx_word' id='word_1_263' title='bbox 1353 4387 1449 4443; x_wconf 89' lang='lat' dir='ltr'>more,</span> 
     </span>
     <span class='ocr_line' id='line_1_34' title="bbox 185 4473 1450 4550; baseline 0.005 -21"><span class='ocrx_word' id='word_1_264' title='bbox 185 4473 404 4530; x_wconf 90' lang='lat' dir='ltr'>consvetudine</span> <span class='ocrx_word' id='word_1_265' title='bbox 428 4482 458 4530; x_wconf 89' lang='lat' dir='ltr'>et</span> <span class='ocrx_word' id='word_1_266' title='bbox 481 4475 682 4531; x_wconf 88' lang='lat' dir='ltr'>observancia</span> <span class='ocrx_word' id='word_1_267' title='bbox 705 4475 844 4545; x_wconf 86' lang='lat' dir='ltr'>legitime</span> <span class='ocrx_word' id='word_1_268' title='bbox 868 4477 1049 4549; x_wconf 90' lang='lat' dir='ltr'>prescriptis</span> <span class='ocrx_word' id='word_1_269' title='bbox 1080 4485 1110 4535; x_wconf 93' lang='lat' dir='ltr'>et</span> <span class='ocrx_word' id='word_1_270' title='bbox 1133 4478 1295 4550; x_wconf 90' lang='lat' dir='ltr'>hucusque</span> <span class='ocrx_word' id='word_1_271' title='bbox 1317 4477 1450 4535; x_wconf 90' lang='lat' dir='ltr'>inviola-</span> 
     </span>
     <span class='ocr_line' id='line_1_35' title="bbox 182 4578 1447 4658; baseline 0.007 -24"><span class='ocrx_word' id='word_1_272' title='bbox 182 4578 263 4636; x_wconf 91' lang='lat' dir='ltr'>biter</span> <span class='ocrx_word' id='word_1_273' title='bbox 285 4595 321 4635; x_wconf 90' lang='lat' dir='ltr'>ac</span> <span class='ocrx_word' id='word_1_274' title='bbox 344 4581 522 4637; x_wconf 91' lang='lat' dir='ltr'>inconcusse</span> <span class='ocrx_word' id='word_1_275' title='bbox 546 4597 603 4652; x_wconf 88' lang='lat' dir='ltr'>per</span> <span class='ocrx_word' id='word_1_276' title='bbox 626 4581 784 4652; x_wconf 88' lang='lat' dir='ltr'>quoslibet</span> <span class='ocrx_word' id='word_1_277' title='bbox 808 4581 995 4638; x_wconf 90' lang='lat' dir='ltr'>reverendos</span> <span class='ocrx_word' id='word_1_278' title='bbox 1011 4589 1123 4655; x_wconf 88' lang='lat' dir='ltr'>patres,</span> <span class='ocrx_word' id='word_1_279' title='bbox 1140 4585 1279 4658; x_wconf 92' lang='lat' dir='ltr'>prelatos</span> <span class='ocrx_word' id='word_1_280' title='bbox 1296 4584 1447 4658; x_wconf 89' lang='lat' dir='ltr'>ipsorum,</span> 
     </span>
     <span class='ocr_line' id='line_1_36' title="bbox 181 4687 1451 4763; baseline 0.005 -20"><span class='ocrx_word' id='word_1_281' title='bbox 181 4691 302 4743; x_wconf 91' lang='lat' dir='ltr'>nostros</span> <span class='ocrx_word' id='word_1_282' title='bbox 327 4687 470 4745; x_wconf 90' lang='lat' dir='ltr'>videlicet</span> <span class='ocrx_word' id='word_1_283' title='bbox 494 4687 735 4759; x_wconf 89' lang='lat' dir='ltr'>predecessores,</span> <span class='ocrx_word' id='word_1_284' title='bbox 760 4689 858 4745; x_wconf 88' lang='lat' dir='ltr'>eciam</span> <span class='ocrx_word' id='word_1_285' title='bbox 882 4703 899 4744; x_wconf 89' lang='lat' dir='ltr'>a</span> <span class='ocrx_word' id='word_1_286' title='bbox 922 4694 1008 4745; x_wconf 89' lang='lat' dir='ltr'>tanto</span> <span class='ocrx_word' id='word_1_287' title='bbox 1032 4695 1181 4763; x_wconf 88' lang='lat' dir='ltr'>tempore,</span> <span class='ocrx_word' id='word_1_288' title='bbox 1198 4691 1285 4748; x_wconf 89' lang='lat' dir='ltr'>cuius</span> <span class='ocrx_word' id='word_1_289' title='bbox 1302 4691 1451 4750; x_wconf 89' lang='lat' dir='ltr'>contrarii</span> 
     </span>
     <span class='ocr_line' id='line_1_37' title="bbox 182 4793 1450 4870; baseline 0.006 -22"><span class='ocrx_word' id='word_1_290' title='bbox 182 4808 234 4848; x_wconf 90' lang='lat' dir='ltr'>seu</span> <span class='ocrx_word' id='word_1_291' title='bbox 258 4793 341 4850; x_wconf 88' lang='lat' dir='ltr'>inicii</span> <span class='ocrx_word' id='word_1_292' title='bbox 365 4795 516 4851; x_wconf 91' lang='lat' dir='ltr'>memoria</span> <span class='ocrx_word' id='word_1_293' title='bbox 539 4794 702 4850; x_wconf 90' lang='lat' dir='ltr'>hominurn</span> <span class='ocrx_word' id='word_1_294' title='bbox 725 4809 786 4850; x_wconf 91' lang='lat' dir='ltr'>non</span> <span class='ocrx_word' id='word_1_295' title='bbox 810 4796 962 4866; x_wconf 80' lang='lat' dir='ltr'>existeret,</span> <span class='ocrx_word' id='word_1_296' title='bbox 986 4797 1169 4870; x_wconf 90' lang='lat' dir='ltr'>observatis,</span> <span class='ocrx_word' id='word_1_297' title='bbox 1198 4798 1282 4856; x_wconf 92' lang='lat' dir='ltr'>ultra</span> <span class='ocrx_word' id='word_1_298' title='bbox 1313 4812 1358 4869; x_wconf 87' lang='lat' dir='ltr'>ea,</span> <span class='ocrx_word' id='word_1_299' title='bbox 1388 4813 1450 4870; x_wconf 90' lang='lat' dir='ltr'>que</span> 
     </span>
     <span class='ocr_line' id='line_1_38' title="bbox 182 4899 1450 4978; baseline 0.005 -21"><span class='ocrx_word' id='word_1_300' title='bbox 182 4899 257 4972; x_wconf 93' lang='lat' dir='ltr'>ipsis</span> <span class='ocrx_word' id='word_1_301' title='bbox 281 4905 309 4956; x_wconf 94' lang='lat' dir='ltr'>et</span> <span class='ocrx_word' id='word_1_302' title='bbox 333 4901 403 4958; x_wconf 91' lang='lat' dir='ltr'>aliis</span> <span class='ocrx_word' id='word_1_303' title='bbox 427 4899 590 4974; x_wconf 90' lang='lat' dir='ltr'>quibusvis</span> <span class='ocrx_word' id='word_1_304' title='bbox 613 4900 753 4974; x_wconf 90' lang='lat' dir='ltr'>personis</span> <span class='ocrx_word' id='word_1_305' title='bbox 776 4902 989 4960; x_wconf 86' lang='lat' dir='ltr'>ecclesiasticis</span> <span class='ocrx_word' id='word_1_306' title='bbox 1012 4917 1030 4959; x_wconf 96' lang='lat' dir='ltr'>a</span> <span class='ocrx_word' id='word_1_307' title='bbox 1061 4901 1128 4978; x_wconf 89' lang='lat' dir='ltr'>jure</span> <span class='ocrx_word' id='word_1_308' title='bbox 1157 4904 1316 4963; x_wconf 90' lang='lat' dir='ltr'>communi</span> <span class='ocrx_word' id='word_1_309' title='bbox 1347 4902 1450 4963; x_wconf 86' lang='lat' dir='ltr'>forent</span> 
     </span>
    </p>
   </div>
   <div class='ocr_carea' id='block_1_10' title="bbox 0 0 1644 5348">
    <p class='ocr_par' dir='ltr' id='par_1_11' title="bbox 0 0 1644 5348">
     <span class='ocr_line' id='line_1_39' title="bbox 0 0 1644 5348; baseline 0 0"><span class='ocrx_word' id='word_1_310' title='bbox 0 0 1644 5348; x_wconf 95' lang='lat' dir='ltr'> </span> 
     </span>
    </p>
   </div>
  </div>
 </body>
</html>
