3278 5348
197 423 258 496 382'
562 418 635 475 Doc.
653 427 730 494 307.
748 412 828 493 308.
855 450 893 460 -
918 417 976 476 An.
999 427 1086 496 1477.

197 640 291 711 prout
314 635 477 693 dictaverit
500 633 578 691 ordo
600 631 686 708 juris.
709 631 803 691 Secus
825 634 921 706 igitur
943 648 1005 693 non
1028 633 1149 693 facturi.
1172 635 1376 696 Presentibus
1397 653 1459 713 per·

196 743 293 813 lectis,
316 741 475 799 exhibenti
497 740 654 798 restitutis.
677 740 795 797 Datum
816 739 902 798 Bude
932 741 1063 798 sabbato
1083 741 1234 816 proximo
1256 750 1330 818 post
1353 744 1459 803 festum

196 848 396 907 sacratissimi
428 846 568 921 corporis
596 845 721 904 Christi.
749 846 841 903 Anno
863 845 1003 905 eiusdem
1025 847 1198 906 millesimo
1222 848 1456 924 quadringente·

194 958 274 1014 simo
296 953 524 1029 septuagesimo
547 951 687 1025 septimo.
709 951 890 1024 Regnorum
911 959 1093 1012 nostrorum
1116 969 1197 1013 anno
1221 955 1385 1034 Hungarie
1406 961 1459 1015 etc.

196 1062 356 1135 vigesimo,
380 1059 527 1116 Bohemie
550 1073 625 1116 vero
648 1072 737 1115 nono.

300 1196 441 1261 Originnle,
461 1202 499 1243 sat
519 1210 623 1244 exesum
641 1195 669 1244 in
687 1193 783 1247 charta.
802 1195 834 1244 In
846 1195 960 1259 margine
973 1195 1089 1248 inferiori
1101 1204 1210 1263 apparet
1222 1199 1366 1263 vestigium
1377 1198 1460 1263 sigilii.

194 1289 227 1335 In
245 1284 360 1334 archivio
379 1284 425 1336 lib.
445 1300 497 1347 reg.
516 1284 565 1332 civ.
584 1282 765 1347 aagrabiensis.

790 1496 879 1564 30³7.

301 1639 376 1686 Anno
399 1649 473 1701 1477,
495 1637 534 1688 18.
554 1637 679 1700 Augusti.
699 1636 846 1700 Zagrabiae.

415 1764 561 1821 Statutum
584 1764 618 1821 dc
640 1763 748 1820 crinibus
770 1765 800 1819 in
824 1780 895 1820 area
918 1762 1082 1836 capitulari
1102 1762 1240 1821 locandis.

301 1907 391 1962 Anno
422 1904 541 1962 domini
573 1903 861 1962 MCCCCLXXth.
886 1902 962 1961 feria
985 1903 1117 1961 secunda
1142 1902 1224 1983 inira
1248 1912 1394 1963 octavam
1415 1921 1457 1962 as·

193 2011 620 2084 sumpcionissancteltarie
644 2011 781 2081 virginis,
805 2009 885 2068 infra
909 2011 1075 2067 missarum
1098 2009 1274 2079 sollemnia,
1290 2010 1331 2068 ad
1348 2027 1456 2070 sonum

195 2133 306 2190 magne
330 2131 488 2189 campane,
513 2116 632 2174 domini
656 2115 868 2189 capitulariter
896 2117 1072 2188 congregati
1095 2122 1125 2174 et
1155 2117 1215 2174 sub
1248 2118 1340 2190 penis
1370 2117 1458 2176 inira·

193 2224 318 2298 scriptis
341 2224 565 2288 concluserunt.
597 2225 740 2283 manibus
771 2225 908 2298 propriis
930 2240 963 2281 se
986 2224 1224 2294 subscribentes,
1248 2222 1385 2282 firmiter
1406 2223 1457 2280 ob·

193 2332 353 2387 servaturi.
378 2330 586 2402 Attendentes,
610 2331 694 2404 quod
718 2332 852 2389 municio
876 2331 1004 2404 capituli
1020 2330 1085 2389 sine
1101 2330 1212 2405 populi
1231 2330 1458 2413 inhabitacione

193 2437 372 2493 nullatenus
402 2436 550 2494 custodiri
582 2442 612 2494 et
642 2436 767 2496 defendi
797 2438 902 2510 possit,
934 2436 1018 2510 quod
1052 2436 1241 2509 quicumque
1265 2452 1305 2493 ex
1329 2437 1457 2495 dominis

194 2542 262 2599 loca
285 2542 316 2598 in
340 2543 432 2599 curiis
456 2544 522 2600 sive
546 2543 621 2601 ortis
646 2558 702 2617 pro
726 2542 933 2623 disposicione
966 2542 1132 2601 domorum
1155 2542 1333 2601 inhabitare
1356 2543 1457 2601 volen-

192 2649 275 2705 tibus
299 2650 384 2705 iuxta
407 2649 629 2708 limitacionem
652 2655 682 2709 et
705 2649 934 2709 ordinacionem
959 2650 1097 2720 illorum,
1114 2649 1168 2722 qui
1184 2664 1242 2723 per
1258 2648 1403 2708 dominos
1419 2647 1457 2705 ad

192 2753 222 2811 id
248 2744 362 2811 fuerint
385 2753 526 2827 deputati
548 2755 622 2813 dare
644 2772 698 2814 seu
721 2756 885 2814 admittere
916 2756 1114 2826 recusaverit,
1145 2760 1200 2813 aut
1235 2754 1455 2828 quoquomodo

192 2859 421 2929 contradixerit,
456 2861 540 2934 quod
576 2879 613 2920 err
646 2880 727 2921 nunc
757 2863 821 2928 sine
853 2864 938 2921 omni
962 2861 1173 2920 misericordia
1196 2862 1404 2935 proventibus
1426 2865 1454 2917 et

191 2966 349 3025 consortio
380 2967 611 3024 canonicalibus
642 2976 802 3041 tamquam
835 2967 969 3026 infidelis
1000 2973 1030 3025 et
1051 2967 1194 3040 periurus
1217 2967 1398 3040 privabitur
1419 2980 1453 3024 eo

192 3072 281 3139 facto,
305 3089 343 3129 ex
366 3089 401 3129 eo
426 3072 508 3145 quod
541 3082 646 3131 contra
677 3074 878 3132 commodum
903 3079 932 3131 et
955 3074 1121 3132 utilitatem
1144 3073 1321 3146 reipublice
1344 3073 1453 3131 iudica·

191 3179 275 3236 bitur
299 3180 459 3235 rebellare.

293 3279 426 3343 Johannes
446 3279 526 3328 lector
546 3287 571 3328 et
591 3281 737 3337 canonicus,
756 3296 833 3329 manu
858 3281 968 3345 propria.
994 3281 1122 3344 Georgius
1146 3280 1285 3345 episcopus
1310 3279 1452 3330 rosonensis

189 3383 221 3419 m.
242 3385 266 3431 p.
288 3370 434 3417 Demetrius
453 3369 613 3418 kathedraiis
632 3386 664 3421 m.
685 3387 709 3434 p.
729 3371 851 3419 Andreas
870 3371 1065 3421 archidiaconus
1078 3371 1226 3420 dubicensis
1239 3386 1265 3418 rn
1288 3386 1314 3434 p.
1329 3370 1451 3433 Georgius

188 3457 383 3504 archidiaconus
408 3457 440 3504 de
465 3459 547 3506 Bexin
574 3474 608 3508 m.
636 3475 660 3522 p.
687 3459 822 3508 Ladislans
841 3466 927 3508 custos
946 3476 978 3508 rn.
998 3476 1023 3525 p.
1043 3459 1123 3524 Elyas
1142 3467 1229 3508 custos
1249 3459 1408 3508 chasmensis
1426 3462 1449 3505 et

189 3560 243 3594 can,
263 3545 364 3607 zagrab.
390 3560 422 3596 m.
448 3561 473 3609 p.
499 3546 612 3595 Thomas
638 3548 757 3612 Thompa
780 3564 814 3599 m.
833 3565 857 3613 p.
879 3545 993 3599 Michuel
1013 3547 1151 3614 Reyffnicz
1171 3563 1204 3600 m.
1224 3563 1251 3612 p.
1271 3548 1402 3598 Fabianus
1419 3546 1448 3594 de

189 3632 284 3679 Zinche
304 3648 336 3681 m.
357 3647 380 3694 p.

302 3772 380 3820 Liber
407 3771 500 3819 rubeus
527 3789 584 3824 ven.
612 3777 719 3840 capituli
747 3778 808 3829 eccl.
845 3779 946 3842 zograb.
964 3780 996 3827 In
1024 3777 1118 3829 archiv.
1147 3776 1209 3826 incl.
1238 3779 1324 3828 Acad.
1356 3778 1446 3827 Scient.

188 3860 256 3911 Slav.
276 3861 365 3912 merid.

776 4044 867 4110 308.

291 4178 373 4226 Anno
394 4189 469 4240 1477,
491 4190 530 4239 19.
549 4181 703 4233 novembris.
722 4185 820 4236 Budae.

184 4304 213 4362 A
236 4304 382 4379 Stephano
404 4306 525 4377 Baikor,
541 4308 640 4380 Jialr'cc
661 4316 769 4387 curtae,
792 4313 982 4383 constituitur,
1007 4321 1041 4371 ut
1061 4332 1081 4370 a
1103 4313 1304 4370 communitate
1326 4309 1447 4371 ciuitatis

178 4413 370 4485 possessiones
392 4415 510 4487 capriulr
533 4413 686 4490 Kobiljak,
711 4417 821 4493 Soibljc
843 4426 889 4478 etc.
909 4419 1129 4495 perinjurium
1151 4437 1209 4477 non
1225 4437 1284 4477 esse
1299 4425 1446 4494 occupatas

370 4520 458 4578 iudex
480 4529 509 4578 et
528 4523 745 4601 quinquaginta
767 4526 842 4581 ciues
855 4525 1057 4600 jurejurando
1079 4524 1269 4599 obstringant.

289 4663 352 4722 Nos
384 4681 489 4723 comes
520 4664 693 4738 Stephanus
718 4668 762 4743 de,
780 4668 901 4741 Bathor‚
925 4667 1020 4745 judex
1045 4670 1130 4728 curie
1153 4668 1343 4728 serenissimi
1365 4669 1448 4745 prins

182 4771 260 4845 cipis
284 4771 403 4830 domini
426 4774 548 4843 Mathie‚
580 4773 629 4831 dei
659 4775 763 4846 gracia
791 4777 872 4847 regis
908 4776 1078 4849 Hungarie,
1101 4776 1260 4850 Bohemie,
1282 4775 1449 4849 Dalmacie,

181 4877 309 4936 Croacie
332 4885 387 4936 etc.
410 4879 528 4935 Damus
552 4894 610 4951 pro
634 4881 794 4951 memoria,
826 4883 910 4955 quod
943 4884 1033 4940 nobis
1065 4881 1307 4957 quadragesimo
1337 4887 1448 4958 quarto
