3278 5348
508 446 581 503 Doc.
599 457 673 522 373.
701 481 737 489 —
764 448 819 504 An.
843 460 936 524 1494.

85 661 181 718 cionis
224 660 364 730 existant,
398 675 459 719 non
495 659 534 717 ad
581 661 682 733 magis
729 676 782 719 seu
817 659 969 737 majorem
1004 679 1182 721 mensuram
1215 665 1276 723 nisi
1316 666 1354 725 ad

85 783 182 825 unum
206 768 382 838 bacculum,
405 768 461 840 qui
484 767 581 840 vulgo
606 768 733 840 palycza
756 767 877 838 dicitur,
904 776 957 825 aut
980 768 1019 826 ad
1044 784 1221 828 mensuram
1246 771 1352 831 decem

86 874 240 932 librarum
265 889 444 931 mensurare
475 875 581 948 possit.
606 873 665 931 Res
688 880 741 930 aut
771 875 972 932 mercimonia
995 877 1027 933 in
1050 876 1161 933 maiori
1185 879 1356 949 quantitate

88 981 262 1051 existentes,
287 995 411 1053 semper
434 979 472 1036 ad
498 994 675 1037 mensuram
699 995 751 1036 seu
770 987 915 1036 stateram
939 983 1044 1038 nostre
1057 983 1287 1041 communitatis
1310 1001 1355 1042 re·

85 1093 234 1150 curentes.
257 1088 315 1143 sub
338 1101 446 1144 earum
470 1101 575 1143 rerum
597 1087 804 1156 ammissione,
829 1094 859 1143 et
881 1101 943 1144 non
971 1103 1042 1144 cum
1059 1087 1120 1145 alia
1132 1086 1245 1146 debeat
1268 1105 1354 1148 men-

84 1208 198 1250 surare.
224 1193 292 1250 Hoc
327 1193 427 1250 eciam
457 1192 573 1264 addito,
604 1191 687 1265 quod
719 1191 858 1266 prefatus
890 1194 1012 1251 Marcus
1034 1209 1139 1251 comes
1163 1200 1266 1253 noster
1289 1211 1354 1254 mo·

84 1298 205 1368 demus,
236 1300 262 1356 si
297 1299 350 1372 qui
380 1298 419 1355 ad
444 1299 634 1357 solucionem
658 1300 799 1372 ipsorum
830 1306 1038 1373 proventuum
1060 1301 1158 1373 ipsius
1190 1303 1355 1361 comitatus

85 1405 182 1462 nostri
224 1404 320 1477 tepidi
352 1411 451 1462 essent
486 1415 515 1462 et
554 1405 674 1462 remissi
709 1412 761 1462 aut
786 1403 874 1476 tardi,
908 1420 941 1462 se
976 1405 1106 1462 liberam
1143 1409 1352 1480 persolvendi,

87 1512 201 1569 nostris
220 1512 315 1569 eciam
342 1511 452 1568 domos
476 1519 506 1567 et
529 1527 578 1568 res
602 1526 710 1569 eorum
726 1509 884 1583 sigillandi
900 1511 1034 1568 habeant
1047 1511 1250 1583 facultatem3
1275 1521 1305 1572 et
1328 1516 1356 1573 si

87 1618 246 1691 quispiam
269 1619 300 1676 in
331 1619 490 1690 premissis
514 1618 643 1690 propria
667 1617 840 1675 temeritate
863 1617 1004 1689 sigillum
1027 1617 1163 1675 eiusdem
1189 1621 1288 1678 nostri
1304 1635 1354 1678 co·

86 1725 168 1781 mitis
193 1723 335 1797 frangere
360 1731 413 1782 aut
448 1725 602 1797 deponere
626 1723 858 1797 presumpserit,
883 1723 953 1780 talis
975 1723 1035 1780 hoc
1058 1724 1161 1795 ipsum
1185 1723 1300 1783 faciens
1323 1727 1353 1785 in

86 1829 192 1887 decem
219 1831 331 1888 marcis
355 1831 554 1888 denariorum
571 1830 785 1887 viennensium
807 1830 922 1902 partim
947 1829 1036 1887 nobis
1060 1844 1114 1886 seu
1137 1832 1354 1890 communitati

88 1942 201 2007 nostre,
226 1938 339 2010 partim
365 1938 424 2010 ipsi
441 1942 545 1993 nostro
559 1936 667 1994 comiti
689 1934 840 1992 moderno
854 1935 1068 2007 persolvendis
1093 1950 1167 1992 mox
1195 1939 1354 1996 convictus

86 2042 236 2099 habeatur
258 2043 327 2115 ipso
360 2041 449 2110 facto,
474 2042 561 2099 nullo
586 2042 645 2098 sibi
669 2041 852 2112 communis,
878 2041 1049 2114 iudicisque
1072 2043 1170 2099 nostri
1194 2049 1247 2100 aut
1269 2042 1354 2119 jura·

84 2158 187 2205 torum
218 2157 394 2205 nostrorum
427 2149 458 2205 in
490 2147 593 2205 medio
625 2147 813 2219 suffragante
843 2148 875 2203 in
898 2147 955 2204 hac
980 2154 1066 2220 parte
1111 2149 1270 2207 hiensuras
1305 2152 1352 2208 vi-

86 2253 208 2323 delicet,
239 2255 371 2311 cubulos
403 2255 500 2311 eciam
531 2254 596 2311 vini
619 2258 649 2310 et
672 2254 765 2310 staria
795 2253 869 2310 salis
893 2258 945 2311 aut
970 2254 1124 2325 quartalia
1149 2253 1275 2327 frugum
1300 2274 1351 2315 ex·

86 2362 200 2417 traneis
224 2360 402 2418 hominibus
426 2360 532 2417 nullus
555 2361 634 2417 aiter
656 2361 713 2417 nisi
738 2360 804 2432 ipse
828 2375 931 2417 comes
954 2367 1057 2416 noster
1081 2361 1250 2418 modernus
1278 2362 1352 2421 dare

85 2476 216 2536 tenetur;
253 2466 291 2522 de
322 2468 440 2539 quartis
472 2481 688 2524 mensurarum
719 2466 866 2538 qualibet,
901 2466 1059 2537 singulum
1096 2466 1270 2540 denarium,
1293 2484 1352 2543 pro

85 2583 224 2645 tempore
255 2580 437 2642 currentem,
473 2573 555 2630 idern
605 2588 709 2629 comes
740 2579 843 2630 noster
885 2572 1051 2629 modernus
1074 2574 1212 2646 recipere
1248 2578 1352 2635 valeat

84 2685 177 2750 atque
202 2680 306 2751 possit.
341 2679 417 2736 item
450 2681 546 2736 eciam
579 2680 645 2751 ipse
669 2694 772 2735 comes
803 2685 906 2736 noster
930 2677 1097 2736 modernus
1122 2683 1274 2740 maccella
1298 2700 1352 2742 no-

84 2794 149 2841 stra
173 2785 351 2842 communia
376 2787 407 2841 in
431 2784 513 2842 dicta
537 2785 661 2841 civitate
681 2785 785 2842 hahita
802 2786 886 2841 iuxta
911 2785 1007 2857 ipsius
1031 2785 1202 2844 voluntatis
1224 2789 1350 2848 libitum

84 2892 245 2948 conveniat
269 2897 299 2948 et
321 2890 474 2964 disponat,
498 2906 556 2963 pro
579 2892 772 2963 utilitateque
795 2907 849 2947 sua
873 2896 902 2947 et
918 2906 977 2963 pro
1001 2890 1142 2964 proiectu
1169 2891 1352 2954 detencium.

87 2997 152 3053 lloc
176 2997 273 3055 eciam
305 3013 460 3069 expresso,
493 2997 574 3069 quod
600 2998 625 3054 si
649 2998 718 3070 quis
742 2998 855 3070 aliquis
889 2997 1071 3055 carnificum
1108 2997 1351 3060 domesticorum

84 3103 165 3161 dicte
200 3106 342 3176 civitatis,
375 3112 463 3162 extra
495 3106 686 3162 territorium
721 3115 824 3164 nostre
855 3107 987 3165 civitatis
1020 3106 1169 3164 maccella
1193 3110 1350 3181 apreciare

83 3226 137 3268 seu
173 3212 338 3269 convenire
358 3226 393 3268 ac
426 3213 615 3283 societatem,
653 3213 749 3285 vulgo
784 3213 965 3285 hethwsyna
989 3213 1115 3284 dictam,
1139 3213 1275 3272 voluerit
1298 3222 1351 3273 aut

85 3318 224 3388 tenuerit,
250 3324 361 3375 extunc
387 3317 469 3375 idem
502 3325 640 3376 teneatur
670 3321 775 3376 statim
800 3321 940 3393 precium
964 3321 1052 3377 unius
1079 3321 1223 3379 maccelli
1245 3329 1350 3379 nostre

83 3424 314 3482 communitatis
338 3425 468 3497 solvere,
502 3434 616 3497 quanto
640 3427 751 3483 maiori
775 3428 879 3500 precio
904 3427 995 3483 vendi
1020 3437 1132 3501 posset,
1156 3434 1185 3484 et
1209 3429 1267 3485 hoc
1298 3443 1350 3485 co·

84 3530 152 3587 miti
175 3535 289 3588 nostro.
314 3530 468 3588 Addimus
499 3531 597 3588 eciam
622 3532 704 3605 quod
729 3533 888 3591 carnifices
912 3535 1049 3591 extranei
1073 3534 1224 3591 maccella
1247 3540 1350 3592 nostre

82 3638 317 3694 communitatis
342 3638 371 3693 in
396 3637 477 3695 dicta
501 3639 625 3695 civitate
649 3640 689 3695 ab
713 3641 781 3712 ipso
805 3642 917 3698 comite
942 3650 1047 3698 nostro
1071 3639 1221 3697 moderno
1245 3641 1344 3698 libere

82 3743 246 3800 convenire
270 3750 300 3801 et
331 3744 361 3800 in
393 3744 509 3802 eisdem
534 3760 640 3802 earnes
664 3752 798 3803 mactare
823 3753 852 3802 et
878 3746 1017 3818 vendere,
1039 3755 1091 3804 aut
1115 3747 1271 3817 animalia,
1289 3762 1349 3819 que

83 3851 113 3907 in
137 3850 213 3922 ipsis
245 3851 358 3907 nostris
390 3852 548 3908 maccellis
572 3860 709 3909 mactare
735 3854 859 3919 veilent,
884 3854 1002 3926 absque
1026 3853 1167 3925 qualibet
1190 3853 1349 3910 solucione

83 3970 243 4028 pascuum,
268 3973 402 4029 pascere,
427 3958 612 4030 pascuisque
647 3960 764 4016 nutrire
789 3961 920 4016 valeant.
944 3958 1099 4015 Addimus
1133 3959 1240 4029 eciam,
1265 3959 1348 4031 quod

83 4062 272 4135 quicumque
308 4063 489 4120 carnificum
523 4065 554 4121 in
587 4065 645 4121 hac
679 4065 803 4122 civitate
838 4066 980 4135 existens,
1018 4080 1124 4121 carnes
1160 4073 1296 4122 mactare
1320 4076 1349 4122 et

83 4167 298 4240 magisterium
328 4184 419 4225 suum
450 4185 593 4226 exercere
624 4170 758 4227 noluerit
782 4180 811 4226 et
835 4171 1020 4229 marcellum
1045 4186 1107 4228 non
1130 4171 1344 4242 apreciaverit,

80 4281 193 4331 extunc
224 4274 356 4347 quilibet
391 4276 469 4344 talis,
501 4276 526 4333 si
558 4292 685 4349 gregem
719 4278 813 4333 boum
847 4279 997 4346 habuerit,
1022 4278 1129 4335 comiti
1153 4285 1259 4334 nostro
1283 4291 1348 4334 mo·

77 4380 173 4437 derno
209 4379 321 4438 debeat
355 4389 384 4438 et
420 4389 558 4438 teneatur
593 4383 715 4439 solvere
751 4382 992 4440 coniuccionern
1016 4399 1069 4440 seu
1098 4383 1345 4457 apreciacionem

78 4486 168 4543 unius
196 4488 337 4544 maccelli
360 4493 475 4560 quanto
498 4489 609 4546 maiori
633 4490 738 4561 precio
763 4489 853 4547 vendi
879 4497 982 4562 posset
1006 4500 1036 4546 et
1061 4505 1117 4561 per
1140 4489 1227 4559 alios,
1256 4505 1347 4561 apre-

76 4591 174 4649 ciatur
212 4599 324 4665 autem,
360 4595 456 4651 nichil
491 4595 563 4666 plus
599 4596 670 4653 talis
702 4595 740 4652 de
768 4611 862 4668 grege
886 4595 1006 4668 prefata
1030 4596 1152 4652 solvere
1185 4597 1347 4654 tenebitur.

82 4697 237 4756 Addimus
260 4698 387 4773 insuper
410 4707 440 4756 et
463 4707 529 4756 rate
552 4701 768 4772 conclusimus,
793 4702 876 4775 quod
899 4702 1006 4759 nullus
1030 4703 1155 4772 civium,
1173 4702 1345 4760 incolarum

77 4809 108 4861 et
131 4804 376 4863 inhabitatorum
400 4803 480 4863 dicte
503 4805 636 4864 civitatis
659 4815 763 4866 nostre
786 4824 842 4866 nec
865 4809 963 4866 eciam
987 4809 1151 4866 hominum
1175 4808 1345 4866 sorensium

75 4886 253 4970 vicinorum
276 4909 422 4969 videlicet
452 4918 482 4969 et
513 4913 764 4973 communiorum
785 4915 1007 4989 cuiuscumque
1030 4915 1229 4990 condicionis,
1253 4930 1347 4975 sexus
