3278 5348
582 415 656 474 Boc.
679 410 748 473 162.
771 449 814 459 —
837 417 893 473 An.
916 427 1004 493 1452.
1367 435 1403 477 aa
1410 435 1427 493 3

165 633 248 691 tibus
284 631 451 707 prescripti
491 631 670 689 monasterii
703 631 794 688 beate
827 632 924 690 Marie
960 633 1089 705 virginis
1124 631 1429 708 quomodocumque,

166 740 438 815 qualitercumque
471 739 652 798 relictarum
685 744 716 797 et
750 737 944 810 donatarum,
980 739 1101 814 prefato
1138 739 1265 799 domino
1302 739 1432 798 Nicolao

167 845 318 905 moderno
341 845 479 920 plebano
503 851 533 904 et
564 844 678 904 futuris
701 845 853 904 universis
876 845 1019 920 plebanis
1043 864 1100 922 per
1134 847 1260 905 eosdem
1293 848 1432 920 abbates,

165 953 353 1012 modernum
373 960 403 1011 et
419 952 548 1025 futuros,
565 968 690 1027 semper
707 951 820 1010 debere
843 954 981 1027 persolvi
1005 954 1100 1028 pleno
1123 969 1194 1011 cum
1211 954 1331 1025 effectu,
1345 953 1432 1012 adiu·

165 1058 308 1118 dicamus
331 1064 361 1118 et
384 1076 441 1134 per
462 1060 519 1118 has
542 1066 663 1118 nostras
698 1058 880 1117 diffinitivas
918 1061 1088 1118 sentencias
1124 1059 1192 1118 dari
1225 1065 1256 1118 et
1293 1060 1433 1134 persolvi

165 1164 280 1225 debere
296 1166 538 1239 pronunciamus
550 1171 580 1224 et
595 1164 780 1223 mandamus
803 1181 861 1239 pro
876 1182 957 1224 nunc
972 1171 1002 1224 et
1025 1166 1171 1224 omnibus
1187 1166 1298 1224 suturis
1314 1171 1432 1241 tempo·

165 1273 277 1331 ribus:
298 1272 333 1330 In
356 1273 481 1331 nomine
505 1272 610 1347 patris,
634 1276 664 1330 et
686 1270 754 1342 filii,
782 1276 812 1328 et
846 1272 973 1346 spiritus
1007 1273 1112 1332 sancti.
1136 1274 1246 1330 Amen.
1280 1272 1433 1345 Quocirca

165 1378 259 1436 vobis
282 1376 417 1437 dominis
433 1379 577 1453 plebanis
594 1377 787 1452 supradictis,
800 1391 918 1435 necnon
932 1379 1086 1436 universis
1102 1384 1131 1435 ct
1151 1378 1282 1451 singulis
1298 1379 1433 1438 dominis

165 1484 312 1559 plebanis
335 1491 365 1542 et
388 1484 591 1542 ecclesiarum
626 1483 854 1558 parochialium
876 1485 1058 1556 rectoribus,
1081 1485 1285 1558 ipsorumque
1307 1487 1433 1545 vicariis

165 1607 218 1649 seu
242 1591 525 1650 locumtenentibus
549 1591 745 1664 presencium
767 1591 913 1648 noticiam
937 1590 1098 1660 habituris,
1115 1590 1154 1648 ad
1172 1605 1251 1663 quos
1275 1600 1432 1665 presentes

165 1697 374 1772 pervenerint,
395 1697 448 1755 vel
472 1697 526 1769 qui
550 1696 746 1770 presentibus
770 1695 890 1754 fueritis
919 1696 1068 1769 requisiti,
1104 1703 1158 1754 aut
1180 1697 1260 1755 alter
1291 1705 1431 1757 vestrum

165 1802 259 1863 fuerit
282 1805 457 1878 requisitus,
481 1804 513 1861 in
536 1803 653 1861 virtute
675 1808 778 1861 sancte
802 1802 981 1861 obediencie
1005 1809 1035 1860 et
1058 1804 1117 1860 suh
1152 1805 1431 1863 excommunicaci-

165 1911 233 1968 onis
257 1925 345 1985 pena,
370 1925 466 1983 quam
488 1910 515 1968 si
537 1925 624 1967 secus
647 1909 781 1967 feceritis
804 1910 836 1967 in
859 1923 914 1966 vos
949 1915 979 1966 et
1014 1916 1154 1967 vestrum
1191 1911 1365 1983 quemlibet
1388 1910 1432 1969 fe·

165 2016 264 2074 rimus
287 2016 318 2074 in
349 2016 409 2074 hiis
443 2016 577 2090 scriptis,
613 2014 745 2074 firmiter
772 2015 963 2090 precipimus
986 2020 1016 2073 et
1051 2015 1244 2088 mandamus,
1282 2024 1432 2090 quatenus

167 2127 308 2181 vestrum
331 2122 470 2180 universi
491 2122 712 2180 universaliter
734 2127 764 2178 et
787 2120 903 2193 singuli
925 2122 1132 2194 singulariter,
1157 2123 1211 2194 qui
1235 2125 1433 2196 presentibus

165 2226 286 2287 fueritis
308 2228 458 2302 requisiti,
481 2234 535 2287 aut
557 2228 637 2286 alter
661 2237 801 2285 vestrum
834 2227 927 2285 fuerit
949 2229 1125 2301 requisitus,
1160 2229 1241 2286 circa
1275 2229 1432 2304 prefatum

166 2333 329 2393 dominum
352 2335 503 2393 ltathiam
525 2335 673 2393 abbatem
708 2334 893 2392 modernum
917 2339 946 2393 et
980 2333 1099 2392 futuros
1132 2336 1262 2393 abbates
1295 2339 1432 2396 annotati

166 2441 346 2499 monasterii
368 2441 459 2499 beate
480 2441 577 2499 Maris
610 2441 749 2513 virginis,
783 2441 809 2498 si
844 2439 938 2498 fuerit
971 2447 1192 2515 opportunum,
1228 2443 1432 2515 personaliter

165 2545 328 2619 accedatis,
352 2548 499 2621 ipsosque
523 2548 622 2606 verbo
645 2553 751 2606 nostro
775 2546 944 2606 salubriter
969 2549 1181 2619 ammoneatis,
1206 2555 1239 2606 ut
1266 2550 1327 2623 ipsi
1351 2548 1431 2608 infra

165 2654 308 2729 spacium
330 2653 510 2728 quindecim
533 2654 656 2712 dierum
678 2670 696 2712 a
720 2654 771 2712 die
795 2654 977 2712 monicionis
1001 2654 1077 2726 ipsis
1112 2654 1214 2712 stende
1250 2655 1431 2714 immediate

165 2759 459 2835 computandorum,
478 2775 612 2833 quorum
636 2761 772 2835 quinque
795 2774 854 2834 pro
877 2760 989 2834 prime,
1015 2760 1152 2833 quinque
1168 2775 1226 2834 pro
1249 2762 1385 2820 secundo
1402 2770 1432 2820 et

166 2863 305 2939 reliquos
329 2866 467 2940 quinque
489 2866 555 2924 dies
578 2881 636 2940 pro
660 2868 756 2926 tercio
779 2871 809 2924 et
833 2867 1027 2940 premptorio
1052 2866 1184 2923 termino
1216 2882 1251 2923 ac
1285 2869 1431 2927 canonica

166 2973 341 3032 monicione
364 2971 481 3030 eisdem
513 2973 716 3046 assignamus,
742 2972 780 3030 de
804 2973 950 3030 omnibus
973 2978 1003 3030 et
1026 2971 1156 3044 singulis
1179 2974 1432 3047 obvencionibus‚

167 3079 380 3153 legacionibus
409 3079 660 3153 quibuscumque
683 3086 713 3137 et
736 3080 1004 3152 qualitercumque
1039 3080 1157 3136 invita
1184 3080 1235 3136 vel
1268 3081 1300 3138 in
1324 3082 1432 3141 mortis

167 3186 300 3244 articulo
323 3185 431 3243 autin
453 3185 634 3243 infirmitate
658 3186 834 3243 decedentis
854 3202 912 3260 per
926 3185 1149 3259 parrochianos
1161 3188 1298 3245 annotati
1314 3187 1432 3247 domini

167 3291 289 3351 Nicolai
303 3298 357 3349 aut
372 3306 585 3350 successorum
607 3308 735 3350 suorum
758 3307 969 3365 quoscumque
993 3290 1072 3348 datis
1108 3292 1159 3349 vel
1193 3291 1313 3350 donatis
1336 3309 1371 3351 ac
1388 3295 1432 3353 di·

167 3397 421 3472 missis,‚plenam
445 3404 475 3456 et
496 3397 710 3456 omnimodam
733 3397 892 3472 impendat
917 3397 969 3454 vel
992 3396 1172 3471 impendere
1195 3397 1327 3456 debeant
1344 3401 1431 3460 satis·

168 3503 349 3563 faccionem.
372 3503 434 3577 Qui
457 3505 483 3562 si
506 3504 644 3576 fecerint,
668 3506 746 3563 bene
770 3503 906 3578 quidem,
930 3503 1069 3576 alioquin
1093 3504 1207 3577 elapsis
1231 3505 1320 3563 dictis
1344 3509 1433 3579 quin·

169 3610 271 3669 decim
295 3611 415 3683 diebus,
439 3610 598 3684 prefatum
622 3610 785 3669 dominum
819 3610 971 3667 htathiam
1004 3610 1152 3667 abbatem
1188 3611 1372 3670 modernum
1396 3631 1434 3673 ex

167 3732 248 3774 nunc
271 3721 366 3790 prout
388 3733 426 3775 ex
449 3723 530 3789 tunc,
554 3722 584 3775 et
607 3734 644 3775 ex
668 3723 741 3776 tunc
764 3724 857 3791 prout
881 3734 919 3774 ex
942 3731 1023 3774 nunc
1039 3721 1069 3774 et
1085 3731 1191 3775 omnes
1215 3734 1286 3777 suos
1315 3736 1433 3778 succes·

167 3836 253 3881 sores
276 3823 407 3881 abbates
439 3824 587 3883 videlicet
624 3824 755 3899 predicti
790 3825 969 3882 monasterii
1006 3825 1094 3882 beate
1123 3825 1227 3895 htarie,
1263 3826 1289 3883 si
1312 3842 1433 3884 neeesse

169 3926 261 3988 fuerit
284 3934 315 3987 et
339 3929 487 4004 predictis
510 3931 653 4003 plebanis
677 3931 806 3989 ecclesie
829 3931 926 3988 sancti
950 3931 1047 3988 Marci
1063 3929 1235 4003 predictam
1252 3932 1432 3989 canonicam

168 4035 347 4109 porcionem
372 4053 425 4094 seu
461 4043 605 4110 quartam
628 4036 666 4094 de
689 4038 779 4095 bonis
802 4043 832 4094 et
855 4037 948 4093 rebus
972 4035 1157 4109 supradictis
1193 4035 1266 4092 dare
1297 4037 1433 4109 abnega-

168 4142 277 4213 verint,
301 4143 432 4215 singulis
455 4142 565 4201 diebus
589 4143 752 4201 dominicis
775 4150 805 4200 et
828 4142 947 4201 festivis
972 4144 1003 4200 in
1028 4143 1142 4199 vestris
1175 4141 1321 4211 ecclesiis,
1356 4142 1432 4201 dum

168 4248 268 4307 maior
292 4247 461 4306 multitudo
485 4248 597 4322 populi
620 4248 658 4306 ad
683 4249 790 4307 divina
812 4248 966 4307 audienda
990 4248 1177 4317 convenerit,
1201 4247 1333 4320 pulsatis
1349 4264 1432 4306 cam·
1480 4225 1482 4229 Α

169 4354 266 4427 panis,
290 4353 428 4412 candelis
451 4355 586 4412 accensis
617 4370 652 4411 ac
683 4355 798 4413 eisdem
835 4356 976 4413 extinctis
1009 4361 1038 4413 et
1063 4355 1093 4412 in
1129 4361 1244 4411 terram
1275 4355 1432 4428 proiectis,

168 4459 364 4535 pedibusque
398 4460 585 4518 conculcatis
622 4461 653 4518 in
686 4461 810 4533 signum
844 4461 1074 4518 malediccionis
1111 4465 1222 4530 eterne,
1245 4460 1372 4532 publice
1403 4468 1432 4518 et

168 4567 331 4627 manifeste
352 4567 623 4626 excommunicetis
646 4574 675 4625 et
698 4569 980 4626 excommunicatos
1003 4566 1069 4624 iore
1095 4566 1290 4640 pronucietis,
1306 4565 1432 4624 eosdem

168 4672 331 4733 dominum
354 4674 504 4732 Mathiam
527 4675 674 4732 abbatem
699 4674 884 4732 modernum
907 4680 936 4732 et
960 4673 1081 4732 futuros
1105 4672 1234 4729 abbates
1264 4687 1282 4728 a
1316 4672 1432 4731 Christi

168 4778 316 4839 fidelibus
340 4779 485 4839 facientes
508 4781 609 4839 arcius
632 4781 752 4851 evitari,
776 4781 865 4839 nulla
898 4781 1027 4838 sollercia
1061 4785 1169 4837 nature
1203 4778 1337 4836 humane
1359 4794 1432 4837 cum

168 4886 213 4945 eis
237 4886 424 4963 peragendo,
448 4894 500 4945 aut
532 4887 734 4946 elemosinam
764 4903 817 4945 seu
856 4887 1033 4960 hospicium
1068 4885 1330 4956 administrando;
1354 4900 1433 4959 quos
