3256 5346
315 431 376 486 ωε
659 409 732 466 nn.
750 420 821 484 371·
848 419 913 482 372·
938 438 981 448 -
1004 406 1061 464 Au·
1086 419 1176 483 1493·
1201 419 1295 483 1494·

884 617 961 685 371.

424 747 505 795 Anno
528 758 601 808 1493,
622 758 663 807 30.
683 743 805 792 octobris.
824 741 922 792 Budae.

322 870 500 937 Vlodr'slaus,
534 873 635 943 Hung.
666 879 715 940 etc,
745 889 806 927 rex.
831 871 959 943 episcopo
981 868 1175 942 zngrabiensi,
1206 871 1414 944 nonnullisque
1445 872 1586 929 nobilibus

312 979 442 1049 mandat,
465 988 499 1036 ut
502 980 619 1053 fratres
641 976 865 1035 Praedicatores
882 994 963 1048 sagr.
976 976 1007 1030 in
1018 975 1151 1048 fruendo
1166 978 1357 1049 possessione,
1372 995 1453 1051 quae
1468 987 1585 1036 vocatur

795 1082 930 1149 Slrrrretrk‘,
954 1089 1097 1140 tucantur.

415 1226 609 1285 Wiadislaus
636 1226 684 1284 dei
717 1228 820 1300 gracia
852 1242 906 1283 rex
931 1226 1089 1297 Hungarie
1113 1232 1143 1282 et
1167 1225 1314 1283 Bohemie
1339 1233 1396 1284 etc.
1421 1227 1580 1285 Fideiibus

312 1333 424 1390 nostris
453 1333 630 1391 reverendis
663 1335 692 1390 in
716 1332 839 1390 Christo
864 1333 1014 1405 patribus,
1038 1331 1165 1389 domino
1188 1331 1337 1402 Osualdo,
1362 1333 1513 1407 episcopo
1536 1349 1580 1390 ec·

311 1439 403 1495 clesie
423 1440 630 1510 zagrabiensis
653 1454 688 1495 ac
712 1437 855 1510 Georgio,
879 1439 1025 1510 episcopo
1050 1439 1217 1507 rosonensi,
1238 1439 1304 1495 eius
1327 1434 1528 1511 diffraganeo
1550 1440 1579 1497 in

311 1543 392 1602 dicta
415 1545 545 1602 ecclesia
577 1544 776 1617 zagrabiensi,
800 1558 917 1601 necnon
943 1542 1114 1615 magnificis
1137 1542 1246 1600 futuris
1271 1558 1441 1616 regnorum
1465 1555 1577 1603 nostro·

309 1665 381 1707 rum
411 1649 581 1721 Dalmacie,
605 1650 732 1708 Croacie
762 1657 791 1707 et
815 1647 978 1707 Sclauonie
1010 1650 1107 1717 banis,
1124 1665 1159 1706 ac
1184 1649 1329 1707 Ladislao
1353 1650 1392 1708 de
1416 1651 1577 1724 Egerwara

310 1756 459 1827 magistro
474 1756 726 1813 thavernicorum
745 1762 923 1813 nostrorum
946 1761 976 1812 et
1000 1755 1123 1813 Andree
1140 1768 1176 1814 ac
1199 1755 1330 1829 Gaspar,
1349 1756 1427 1814 filiis
1450 1756 1575 1815 condam

307 1861 455 1943 Johannis
489 1861 663 1934 Hennyngh
694 1861 732 1919 de
755 1861 983 1929 Zomzedwara,
1019 1862 1153 1919 salutem
1184 1869 1214 1919 et
1237 1863 1384 1933 graciam.
1418 1862 1501 1936 Quia
1524 1878 1575 1920 nos

308 1968 470 2039 religiosos
500 1966 611 2025 iratres
641 1967 758 2025 ordinis
782 1966 1013 2025 Predicatorum
1047 1970 1077 2026 in
1101 1969 1229 2026 ecclesia
1253 1969 1337 2026 beati
1360 1968 1484 2027 Nicolai
1507 1984 1572 2026 con·

308 2071 441 2144 sessoris,
465 2073 615 2145 Zagrabie
638 2072 774 2144 fundata,
799 2072 951 2145 degentes,
975 2075 1068 2132 simui
1085 2091 1156 2133 cum
1180 2076 1371 2149 possessione
1394 2074 1572 2132 eorumdem

320 2178 540 2252 Slawethychy
564 2194 599 2236 ac
622 2179 761 2237 eiusdem
793 2180 989 2251 pertinenciis
1012 2182 1043 2237 in
1082 2186 1220 2238 nostram
1251 2181 1371 2253 regiam
1401 2181 1573 2254 recepimus

308 2287 533 2358 protectionem
557 2292 587 2343 et
610 2287 740 2343 tutelam
765 2285 940 2358 specialem,
951 2286 1081 2358 viceque
1105 2293 1134 2343 et
1147 2287 1176 2343 in
1201 2300 1333 2359 persona
1356 2293 1464 2344 nostre
1485 2286 1572 2343 maie

307 2392 394 2449 statis
418 2398 520 2449 vestre
541 2391 756 2449 commisimus
773 2391 900 2449 tuicioni
923 2400 952 2448 et
976 2392 1170 2464 proteccioni.
1187 2390 1344 2449 Fidelitati
1367 2393 1465 2464 igitur
1477 2400 1572 2450 vestre

306 2498 418 2554 harum
440 2498 519 2555 serie
541 2497 720 2555 firmissime
742 2498 965 2555 committimus
989 2506 1018 2555 et
1043 2497 1236 2569 mandamus,
1260 2506 1414 2570 quatenus
1437 2498 1566 2571 acceptis

307 2604 512 2675 presentibus,
536 2602 675 2676 prefatos
700 2603 811 2662 iratres
834 2605 865 2662 in
889 2604 971 2663 dicta
993 2606 1186 2679 possessione
1202 2605 1425 2678 Slawethychy
1446 2610 1476 2663 et
1498 2605 1571 2662 eius·

306 2709 377 2767 dem
398 2711 593 2783 pertinenciis
624 2718 730 2768 contra
757 2711 915 2783 quoslibet
938 2712 1121 2784 illegitimos
1145 2711 1338 2785 impetitores
1366 2718 1396 2769 et
1420 2713 1570 2785 signanter

306 2822 413 2873 contra
436 2815 557 2872 nobiles
574 2815 754 2888 Georgium,
773 2816 909 2887 Petrum,
934 2817 1065 2874 Paulum
1090 2823 1119 2874 et
1141 2817 1294 2898 Jacobum
1317 2817 1463 2892 Orsychy
1478 2818 1570 2876 dictos

306 2920 344 2978 de
368 2920 516 2993 Gorycza,
541 2923 595 2993 qui
619 2921 743 2980 eosdem
779 2921 890 2980 iratres
913 2924 943 2980 in
975 2924 1043 2996 ipsa
1065 2925 1258 2996 possessione
1283 2923 1496 2983 diversimodo
1518 2925 1571 2982 im·

306 3027 446 3101 pedirent
464 3035 494 3085 et
517 3028 737 3100 perturbarent
761 3029 849 3099 tuen',
884 3035 1048 3102 protegere
1071 3037 1102 3087 et
1125 3028 1284 3088 defensare
1306 3045 1344 3088 ac
1367 3031 1570 3106 indempniter

305 3138 505 3191 manutenere
536 3134 638 3191 modis
667 3135 813 3192 omnibus
845 3132 984 3193 debeatis
1014 3143 1044 3193 et
1067 3137 1241 3208 teneamini,
1264 3137 1450 3196 auctoritate
1470 3144 1569 3195 nostra

305 3242 502 3312 presentibus
525 3241 616 3298 vobis
640 3242 671 3297 in
694 3242 752 3299 hac
775 3248 863 3314 parte
885 3243 1044 3313 attributa,
1067 3258 1103 3300 ac
1125 3241 1193 3318 jure
1216 3250 1246 3300 et
1262 3241 1387 3318 justicia
1411 3244 1567 3302 mediante.

303 3344 397 3403 Secus
431 3362 491 3404 non
524 3347 643 3405 facturi.
675 3348 873 3406 Presentibus
905 3350 1059 3423 perlectis,
1095 3351 1253 3408 exhibenti
1274 3351 1434 3410 restitutis
1458 3351 1567 3408 Datum

303 3450 388 3508 Bude
426 3451 502 3509 feria
534 3461 644 3525 quarta
675 3455 819 3526 proxima
851 3461 920 3512 ante
951 3453 1064 3513 festum
1099 3456 1246 3515 Omnium
1271 3464 1460 3516 sanctorum
1483 3459 1566 3514 Anno

304 3556 423 3614 domini
447 3559 616 3616 millesimo
648 3559 953 3632 quadringentesimo
975 3564 1175 3633 nonagesimo
1198 3564 1302 3621 tercio.

585 3715 629 3761 Ad
649 3713 804 3764 relacionem
824 3716 960 3764 Laurencii
980 3717 1096 3765 Bradach
1123 3717 1275 3766 cubicularii
1295 3721 1366 3783 regie
1384 3721 1532 3771 maiestatis.

407 3888 540 3951 Originale
565 3890 591 3937 in
610 3890 704 3941 charta.
724 3892 756 3938 In
776 3892 889 3954 margine
909 3893 1025 3941 inferiori
1044 3894 1196 3957 impressum
1216 3901 1254 3942 est
1273 3894 1386 3956 sigilum
1407 3898 1440 3946 In
1458 3897 1563 3947 archivio

301 3974 347 4025 lib.
367 3991 418 4037 reg.
439 3977 488 4025 civ.
507 3979 608 4041 zagrab.

901 4158 986 4227 372.

407 4294 481 4340 Anno
506 4306 579 4356 ¹494·
598 4309 622 4357 4.
644 4296 777 4347 februarii.

298 4408 326 4463 A
356 4410 482 4480 capitulo
514 4413 629 4484 nngrnb.
664 4414 694 4468 in
727 4415 893 4472 Fauianum
915 4415 950 4473 de
975 4416 1091 4490 Zernpc'c
1113 4422 1282 4478 canonicum
1298 4430 1425 4495 propter
1440 4425 1560 4498 perditor

714 4522 805 4560 mores
820 4511 917 4576 poeno
940 4506 1130 4564 conslr'tm'tnr.

405 4643 481 4699 Item
504 4641 579 4700 feria
604 4646 696 4703 tercia
717 4648 860 4719 proxima
884 4657 954 4720 post
970 4648 1084 4707 festum
1108 4651 1334 4724 purificationis
1359 4656 1449 4715 beate
1465 4656 1560 4714 Marie

298 4748 436 4819 virginis,
460 4748 535 4805 hora
559 4752 725 4809 terciarum
749 4769 846 4824 mane,
870 4754 908 4811 de
925 4741 1004 4812 anno
1029 4755 1146 4815 domini
1171 4758 1340 4819 millesimo
1358 4762 1561 4836 quadringen-

299 4853 410 4910 tesimo
432 4857 633 4927 nonagesimo
656 4867 776 4932 quarto,
793 4860 927 4918 dominis
951 4869 981 4918 et
997 4863 1137 4935 personis
1153 4862 1359 4940 infrascriptis
1375 4868 1408 4926 in
1430 4868 1561 4927 sacristia
