3278 5348
576 441 648 498 Doc.
673 453 743 517 234.
766 451 834 517 235.
854 471 896 483 —
917 439 975 498 An.
999 433 1091 515 1464.
1404 455 1464 515 ²93

193 657 340 732 ipsorum
371 655 493 734 juribus
523 662 626 716 tenere
649 661 743 731 atque
765 656 853 728 tueri,
877 639 947 715 ideo
968 655 1011 714 ita
1034 654 1173 714 volentes
1194 655 1353 730 prefatum
1380 657 1466 731 capi·

193 764 309 831 tulum,
342 764 538 839 populosque
567 777 604 820 ac
633 761 815 840 jobagiones
845 761 984 821 eiusdem
1015 766 1122 820 contra
1155 760 1316 821 libertates
1338 777 1375 820 ac
1396 760 1465 838 jura

195 870 341 943 ipsorum
365 871 406 928 ab
428 869 588 942 aliquibus
611 867 757 942 impediri
781 873 835 925 aut
858 867 1027 938 molestari,
1042 864 1226 942 juribusque
1249 868 1391 942 ipsorum
1407 884 1465 942 per

195 976 380 1050 quempiam
410 974 562 1047 derogari.
594 972 738 1031 fidelitati
761 978 864 1031 vestre
886 972 1019 1030 firmiter
1042 971 1247 1045 precipientes
1271 972 1465 1044 mandamus,

194 1087 349 1154 quatenus
377 1079 534 1154 prelatum
558 1079 733 1154 capitulum
753 1093 790 1136 ac
813 1077 949 1151 populos
971 1082 1001 1134 et
1023 1075 1205 1152 jobagiones
1229 1078 1325 1151 ipsius
1348 1077 1463 1137 amodo

194 1188 227 1244 in
251 1190 412 1260 posterum
436 1193 543 1243 contra
560 1184 727 1258 premissas
743 1183 904 1242 libertates
920 1197 957 1239 ac
976 1180 1045 1257 jura
1061 1182 1202 1255 ipsorum
1225 1183 1392 1241 molestare
1409 1189 1463 1242 aut

196 1290 400 1350 damnificare
421 1306 474 1349 seu
491 1290 653 1349 molestari
666 1305 865 1363 nequaquam
882 1289 1068 1363 permittatis
1091 1304 1147 1346 nec
1170 1304 1227 1362 per
1250 1304 1306 1346 vos
1329 1295 1383 1346 aut
1411 1304 1464 1348 ve·

196 1402 280 1456 stros
308 1396 462 1472 impedire
492 1396 612 1455 faciatis
643 1396 746 1469 gracie
774 1401 880 1455 nostre
902 1395 962 1452 sub
985 1395 1121 1453 obtentu.
1145 1394 1213 1452 Hoc
1235 1400 1340 1452 autem
1363 1395 1462 1454 eciam

195 1519 254 1578 per
283 1503 405 1561 futuros
435 1503 533 1560 banos
555 1501 642 1561 illius
664 1502 751 1575 regni
774 1502 872 1560 nostri
894 1499 1057 1559 Sclauonie
1080 1499 1213 1558 firmiter
1237 1501 1383 1559 volumus
1406 1502 1464 1558 ob·

199 1609 328 1667 servari.
358 1609 556 1666 Presentibus
584 1608 736 1682 perlectis,
768 1607 926 1665 exhibenti
955 1607 1112 1666 restitutis.
1136 1606 1253 1664 Datum
1276 1606 1361 1664 Bude
1384 1606 1461 1665 teria

198 1722 286 1773 sexta
310 1715 454 1788 proxima
478 1720 547 1788 post
564 1713 678 1772 festum
693 1715 857 1771 beatorum
880 1713 1087 1771 Thiburciiet
1110 1713 1268 1771 Valeriani
1284 1714 1459 1772 martirum.

193 1821 286 1878 Anno
317 1820 437 1878 domini
467 1821 636 1878 millesimo
670 1820 974 1894 quadringentesimo
1004 1820 1197 1892 sexagesimo
1221 1826 1340 1893 quarto.
1364 1819 1463 1892 Regni

194 1927 294 1984 nostri
318 1940 398 1983 anno
421 1927 562 2000 septimo,
587 1926 797 1984 coronacionis
821 1941 896 1983 vero
920 1926 1031 1998 primo.

301 2060 434 2125 Originale
451 2062 479 2111 in
498 2061 653 2112 membrana.
672 2063 704 2110 In
723 2062 837 2124 margine
855 2060 971 2109 interiori
985 2060 1136 2123 impressum
1149 2066 1188 2106 est
1202 2059 1324 2123 sigillum.
1343 2062 1375 2108 In
1391 2061 1460 2111 arch.

192 2163 251 2200 ven.
271 2149 348 2213 capit.
367 2149 468 2213 zagrab.
485 2150 546 2201 Act.
567 2148 630 2213 Cap.
649 2156 701 2201 ant.
720 2149 781 2199 fasc.
804 2160 826 2200 1.
846 2164 883 2199 nr.
904 2160 928 2209 9.

300 2486 380 2535 Anno
401 2485 475 2548 ¹4⁶4·
497 2497 536 2550 25.
556 2486 625 2536 maii.
651 2379 855 2548 ΖαςτεὼίαΞΜ

237 2609 267 2666 A
289 2610 413 2683 capimlo
443 2610 560 2683 aagrff.
593 2609 625 2668 in
657 2610 814 2668 detentores
844 2628 940 2667 renem
963 2629 982 2666 n
1005 2612 1111 2670 colonis
1140 2612 1300 2669 delatarum
1318 2619 1415 2685 poena

728 2700 920 2760 constituitur.

300 2844 388 2899 Anno
420 2842 540 2900 domini
572 2841 709 2900 MCCCC
740 2844 933 2915 sexagesimo
964 2851 1082 2915 quarto,
1108 2844 1184 2902 teria
1207 2849 1292 2901 sexta
1315 2845 1459 2916 proxima

190 2957 261 3023 post
280 2948 501 3019 Penthecostes,
525 2948 671 3007 videlicet
692 2951 761 3023 ipso
781 2950 830 3008 die
847 2950 916 3008 testi
934 2952 1014 3008 beati
1033 2951 1150 3008 Vrbani
1169 2966 1258 3024 pape,
1276 2950 1458 3007 conclusum

190 3060 237 3112 est
259 3055 473 3128 capitulariter
504 3056 535 3113 in
566 3055 705 3113 interiori
736 3057 875 3114 sacristia
907 3073 963 3129 per
985 3056 1136 3127 dominos,
1160 3056 1241 3131 quod
1269 3056 1458 3130 quicumque

189 3160 306 3219 alienas
330 3176 378 3218 res
401 3167 432 3218 et
455 3162 564 3234 quevis
581 3162 671 3229 bona,
696 3177 880 3235 quocunque
903 3163 1027 3220 nomine
1048 3170 1236 3234 censeantur,
1253 3178 1308 3237 per
1331 3162 1457 3220 colonos

189 3274 312 3325 nostros
335 3266 376 3323 ab
399 3267 661 3325 exercituantibus
684 3268 742 3325 hac
764 3269 843 3326 ieme
867 3270 1013 3342 preterita
1030 3270 1150 3327 ablatas
1174 3276 1203 3328 et
1219 3272 1352 3342 recepta,
1370 3283 1387 3326 a
1408 3268 1457 3326 die

187 3371 331 3430 datarum
363 3373 557 3446 presencium
588 3374 808 3446 computande,
833 3389 894 3432 non
924 3376 1113 3433 restituerint
1144 3382 1174 3433 et
1197 3375 1237 3433 ad
1268 3376 1373 3432 locum
1396 3391 1453 3448 per

187 3493 245 3536 nos
277 3478 490 3552 deputandum
521 3494 582 3536 non
614 3481 822 3552 reposuerint.
854 3486 966 3538 extunc
1000 3482 1070 3538 talis
1102 3482 1152 3540 vel
1180 3481 1257 3539 tales
1290 3487 1453 3554 tamquam

186 3584 361 3657 reipublice
391 3584 597 3642 occultatores
628 3592 658 3643 et
690 3585 924 3643 defraudatores
947 3589 1106 3644 consorcio
1130 3587 1262 3645 fratrum
1286 3593 1316 3644 et
1339 3586 1456 3659 prediis

185 3704 223 3747 ac
247 3690 393 3747 omnibus
417 3706 525 3748 eorum
558 3692 761 3763 proventibus
793 3694 1023 3750 canonicalibus
1047 3711 1170 3767 semper
1194 3700 1223 3750 et
1246 3692 1365 3751 tamdiu
1389 3693 1453 3766 pri-

187 3801 310 3866 ventur,
333 3811 494 3870 quousque
525 3798 556 3854 in
588 3798 683 3870 pleno
715 3798 853 3871 capitulo
877 3805 906 3856 et
929 3801 1069 3857 omnium
1093 3801 1231 3856 unanimi
1254 3813 1402 3856 consensu
1425 3804 1455 3855 et

186 3907 260 3959 voto
278 3903 445 3960 meruerint
461 3902 521 3960 sibi
537 3902 612 3976 ipsis
635 3904 772 3974 graciam
796 3920 891 3976 super
914 3904 1092 3962 huiusmodi
1110 3905 1287 3961 excessibus
1303 3904 1453 3976 optinere.

294 4036 372 4085 Liber
390 4037 484 4085 rubeus
503 4053 559 4088 ven.
580 4037 664 4102 Capit.
684 4039 784 4101 zagrab.
806 4041 836 4087 ln
855 4039 951 4088 archiv.
972 4039 1031 4088 incl.
1054 4039 1136 4086 Acad.
1157 4040 1253 4089 Scient.
1274 4039 1341 4088 Sluv.
1362 4038 1450 4088 merid.

783 4267 865 4332 235.

293 4407 373 4454 Anno
396 4406 470 4468 1464,
494 4418 532 4470 17.
552 4408 673 4471 Augusti
698 4410 846 4473 Zagrnbiae.

398 4533 565 4591 Demetrius
588 4552 607 4589 a
630 4536 755 4609 capitulo
778 4537 904 4594 vicanus
927 4538 1099 4611 capitularis
1115 4538 1242 4617 eligitur.

292 4676 420 4735 Gracias
450 4692 543 4751 agens
574 4678 742 4738 altissimas
772 4680 907 4740 dominis
931 4682 1008 4739 meis
1031 4682 1069 4739 de
1092 4683 1231 4757 capitulo
1252 4682 1453 4755 zagrabiensi,

182 4784 238 4857 qui
263 4796 322 4856 pro
344 4783 436 4841 solita
461 4783 649 4857 benignitate
673 4787 822 4860 ipsorum,
847 4804 909 4861 qua
931 4795 961 4846 et
984 4789 1061 4846 alias
1084 4804 1158 4862 erga
1188 4804 1238 4847 me
1269 4788 1451 4846 servitorem

181 4904 278 4949 suum
300 4889 346 4948 uti
368 4890 508 4949 consveti
528 4892 598 4963 sint,
621 4891 660 4949 ad
684 4892 834 4951 honorem
866 4894 1033 4952 vicariatus
1064 4910 1115 4952 me
1145 4894 1349 4969 prefecerunt,
1381 4908 1451 4968 pro·
