<?xml version="1.0" encoding="UTF-8"?>
<!DOCTYPE html PUBLIC "-//W3C//DTD XHTML 1.0 Transitional//EN"
    "http://www.w3.org/TR/xhtml1/DTD/xhtml1-transitional.dtd">
<html xmlns="http://www.w3.org/1999/xhtml" xml:lang="en" lang="en">
 <head>
  <title>
</title>
<meta http-equiv="Content-Type" content="text/html;charset=utf-8" />
  <meta name='ocr-system' content='tesseract 3.04.00' />
  <meta name='ocr-capabilities' content='ocr_page ocr_carea ocr_par ocr_line ocrx_word'/>
</head>
<body>
  <div class='ocr_page' id='page_1' title='image "./monumentahistor01laszgoog_0441.png"; bbox 0 0 3278 5348; ppageno 0'>
   <div class='ocr_carea' id='block_1_1' title="bbox 621 78 1453 177">
    <p class='ocr_par' dir='ltr' id='par_1_1' title="bbox 621 78 1453 177">
     <span class='ocr_line' id='line_1_1' title="bbox 621 78 1453 177; baseline 0.001 -18"><span class='ocrx_word' id='word_1_1' title='bbox 621 101 694 162; x_wconf 79' lang='lat' dir='ltr'>Dec,</span> <span class='ocrx_word' id='word_1_2' title='bbox 716 112 782 176; x_wconf 87' lang='lat'><em>125.</em></span> <span class='ocrx_word' id='word_1_3' title='bbox 809 133 848 144; x_wconf 92' lang='lat'>—</span> <span class='ocrx_word' id='word_1_4' title='bbox 874 101 930 159; x_wconf 83' lang='lat' dir='ltr'>An.</span> <span class='ocrx_word' id='word_1_5' title='bbox 954 113 1044 177; x_wconf 74' lang='lat'><em>1439.</em></span> <span class='ocrx_word' id='word_1_6' title='bbox 1219 78 1221 82; x_wconf 48' lang='grc'>’</span> <span class='ocrx_word' id='word_1_7' title='bbox 1395 115 1453 175; x_wconf 83' lang='lat'>1⁷3</span> 
     </span>
    </p>
   </div>
   <div class='ocr_carea' id='block_1_2' title="bbox 180 314 1458 3677">
    <p class='ocr_par' dir='ltr' id='par_1_2' title="bbox 180 314 1458 3677">
     <span class='ocr_line' id='line_1_2' title="bbox 180 314 1456 391; baseline -0.001 -15"><span class='ocrx_word' id='word_1_8' title='bbox 180 323 271 377; x_wconf 88' lang='lat' dir='ltr'>entes</span> <span class='ocrx_word' id='word_1_9' title='bbox 305 323 337 376; x_wconf 89' lang='lat' dir='ltr'>et</span> <span class='ocrx_word' id='word_1_10' title='bbox 358 316 492 375; x_wconf 87' lang='lat' dir='ltr'>directas</span> <span class='ocrx_word' id='word_1_11' title='bbox 522 330 646 375; x_wconf 87' lang='lat' dir='ltr'>summa</span> <span class='ocrx_word' id='word_1_12' title='bbox 681 331 752 373; x_wconf 93' lang='lat' dir='ltr'>cum</span> <span class='ocrx_word' id='word_1_13' title='bbox 782 314 962 373; x_wconf 83' lang='lat' dir='ltr'>obediencia</span> <span class='ocrx_word' id='word_1_14' title='bbox 991 318 1166 391; x_wconf 87' lang='lat' dir='ltr'>recepimus</span> <span class='ocrx_word' id='word_1_15' title='bbox 1199 318 1231 376; x_wconf 88' lang='lat' dir='ltr'>in</span> <span class='ocrx_word' id='word_1_16' title='bbox 1264 318 1321 375; x_wconf 90' lang='lat' dir='ltr'>hec</span> <span class='ocrx_word' id='word_1_17' title='bbox 1343 316 1456 375; x_wconf 84' lang='lat' dir='ltr'>verba:</span> 
     </span>
     <span class='ocr_line' id='line_1_3' title="bbox 189 414 1458 502; baseline -0.002 -20"><span class='ocrx_word' id='word_1_18' title='bbox 189 417 276 502; x_wconf 79' lang='lat' dir='ltr'>(vide</span> <span class='ocrx_word' id='word_1_19' title='bbox 298 423 375 482; x_wconf 89' lang='lat' dir='ltr'>Doc.</span> <span class='ocrx_word' id='word_1_20' title='bbox 400 438 471 499; x_wconf 84' lang='lat'><strong>1²4·</strong></span> <span class='ocrx_word' id='word_1_21' title='bbox 494 423 533 481; x_wconf 90' lang='lat' dir='ltr'>de</span> <span class='ocrx_word' id='word_1_22' title='bbox 556 437 637 482; x_wconf 89' lang='lat' dir='ltr'>anno</span> <span class='ocrx_word' id='word_1_23' title='bbox 657 437 749 498; x_wconf 84' lang='lat'>1439.</span> <span class='ocrx_word' id='word_1_24' title='bbox 766 421 815 480; x_wconf 89' lang='lat' dir='ltr'>dle</span> <span class='ocrx_word' id='word_1_25' title='bbox 832 420 860 481; x_wconf 89' lang='grc' dir='ltr'>ό.</span> <span class='ocrx_word' id='word_1_26' title='bbox 884 414 979 498; x_wconf 80' lang='lat' dir='ltr'>maii).</span> <span class='ocrx_word' id='word_1_27' title='bbox 992 422 1055 481; x_wconf 92' lang='lat' dir='ltr'>Nos</span> <span class='ocrx_word' id='word_1_28' title='bbox 1071 424 1175 499; x_wconf 88' lang='lat' dir='ltr'>itaque</span> <span class='ocrx_word' id='word_1_29' title='bbox 1190 422 1344 482; x_wconf 85' lang='lat' dir='ltr'>mandatis</span> <span class='ocrx_word' id='word_1_30' title='bbox 1360 423 1458 496; x_wconf 91' lang='lat' dir='ltr'>ipsius</span> 
     </span>
     <span class='ocr_line' id='line_1_4' title="bbox 188 526 1458 603; baseline -0.001 -15"><span class='ocrx_word' id='word_1_31' title='bbox 188 528 310 588; x_wconf 91' lang='lat' dir='ltr'>domini</span> <span class='ocrx_word' id='word_1_32' title='bbox 333 529 433 589; x_wconf 86' lang='lat' dir='ltr'>nostri</span> <span class='ocrx_word' id='word_1_33' title='bbox 452 529 535 603; x_wconf 87' lang='lat' dir='ltr'>regis</span> <span class='ocrx_word' id='word_1_34' title='bbox 558 529 590 587; x_wconf 90' lang='lat' dir='ltr'>in</span> <span class='ocrx_word' id='word_1_35' title='bbox 606 528 752 587; x_wconf 91' lang='lat' dir='ltr'>omnibus</span> <span class='ocrx_word' id='word_1_36' title='bbox 767 526 896 586; x_wconf 88' lang='lat' dir='ltr'>obedire</span> <span class='ocrx_word' id='word_1_37' title='bbox 917 527 1086 602; x_wconf 88' lang='lat' dir='ltr'>cupientes,</span> <span class='ocrx_word' id='word_1_38' title='bbox 1101 536 1136 590; x_wconf 89' lang='lat' dir='ltr'>ut</span> <span class='ocrx_word' id='word_1_39' title='bbox 1151 537 1300 601; x_wconf 91' lang='lat' dir='ltr'>tenemur,</span> <span class='ocrx_word' id='word_1_40' title='bbox 1323 544 1458 587; x_wconf 91' lang='lat' dir='ltr'>unacum</span> 
     </span>
     <span class='ocr_line' id='line_1_5' title="bbox 185 633 1458 711; baseline -0.002 -17"><span class='ocrx_word' id='word_1_41' title='bbox 185 633 310 711; x_wconf 82' lang='lat' dir='ltr'>prefato</span> <span class='ocrx_word' id='word_1_42' title='bbox 347 635 520 707; x_wconf 90' lang='lat' dir='ltr'>Dominieo,</span> <span class='ocrx_word' id='word_1_43' title='bbox 557 635 624 693; x_wconf 90' lang='lat' dir='ltr'>filio</span> <span class='ocrx_word' id='word_1_44' title='bbox 652 634 798 705; x_wconf 90' lang='lat' dir='ltr'>Ladislai,</span> <span class='ocrx_word' id='word_1_45' title='bbox 833 634 871 692; x_wconf 92' lang='lat' dir='ltr'>de</span> <span class='ocrx_word' id='word_1_46' title='bbox 907 634 1046 706; x_wconf 86' lang='lat' dir='ltr'>predicta</span> <span class='ocrx_word' id='word_1_47' title='bbox 1082 635 1298 707; x_wconf 85' lang='lat' dir='ltr'>Brolronowcz,</span> <span class='ocrx_word' id='word_1_48' title='bbox 1332 634 1458 694; x_wconf 90' lang='lat' dir='ltr'>homine</span> 
     </span>
     <span class='ocr_line' id='line_1_6' title="bbox 184 739 1456 816; baseline -0.002 -16"><span class='ocrx_word' id='word_1_49' title='bbox 184 741 327 800; x_wconf 91' lang='lat' dir='ltr'>eiusdem</span> <span class='ocrx_word' id='word_1_50' title='bbox 363 742 447 815; x_wconf 81' lang='lat' dir='ltr'>regie</span> <span class='ocrx_word' id='word_1_51' title='bbox 481 741 659 813; x_wconf 87' lang='lat' dir='ltr'>maiestatis,</span> <span class='ocrx_word' id='word_1_52' title='bbox 693 746 836 799; x_wconf 90' lang='lat' dir='ltr'>nostrum</span> <span class='ocrx_word' id='word_1_53' title='bbox 871 739 1032 798; x_wconf 88' lang='lat' dir='ltr'>hominem</span> <span class='ocrx_word' id='word_1_54' title='bbox 1063 742 1256 816; x_wconf 88' lang='lat' dir='ltr'>fidedignum</span> <span class='ocrx_word' id='word_1_55' title='bbox 1287 741 1456 799; x_wconf 90' lang='lat' dir='ltr'>discretum</span> 
     </span>
     <span class='ocr_line' id='line_1_7' title="bbox 185 846 1457 922; baseline -0.002 -16"><span class='ocrx_word' id='word_1_56' title='bbox 185 848 292 906; x_wconf 79' lang='lat' dir='ltr'>virum</span> <span class='ocrx_word' id='word_1_57' title='bbox 316 846 509 922; x_wconf 80' lang='lat' dir='ltr'>Stephanum</span> <span class='ocrx_word' id='word_1_58' title='bbox 533 847 744 921; x_wconf 90' lang='lat' dir='ltr'>presbiterum</span> <span class='ocrx_word' id='word_1_59' title='bbox 768 853 798 904; x_wconf 91' lang='lat' dir='ltr'>et</span> <span class='ocrx_word' id='word_1_60' title='bbox 829 847 1072 920; x_wconf 87' lang='lat' dir='ltr'>prebendarium</span> <span class='ocrx_word' id='word_1_61' title='bbox 1104 848 1192 906; x_wconf 91' lang='lat' dir='ltr'>chori</span> <span class='ocrx_word' id='word_1_62' title='bbox 1224 846 1306 905; x_wconf 93' lang='lat' dir='ltr'>dicte</span> <span class='ocrx_word' id='word_1_63' title='bbox 1328 847 1457 905; x_wconf 86' lang='lat' dir='ltr'>ecclesie</span> 
     </span>
     <span class='ocr_line' id='line_1_8' title="bbox 183 951 1456 1028; baseline -0.002 -16"><span class='ocrx_word' id='word_1_64' title='bbox 183 960 290 1012; x_wconf 87' lang='lat' dir='ltr'>nostre</span> <span class='ocrx_word' id='word_1_65' title='bbox 313 953 354 1010; x_wconf 90' lang='lat' dir='ltr'>ad</span> <span class='ocrx_word' id='word_1_66' title='bbox 377 953 531 1027; x_wconf 90' lang='lat' dir='ltr'>premissa</span> <span class='ocrx_word' id='word_1_67' title='bbox 550 951 687 1011; x_wconf 90' lang='lat' dir='ltr'>fideliter</span> <span class='ocrx_word' id='word_1_68' title='bbox 707 951 885 1027; x_wconf 90' lang='lat' dir='ltr'>peragenda</span> <span class='ocrx_word' id='word_1_69' title='bbox 908 960 1013 1011; x_wconf 92' lang='lat' dir='ltr'>nostro</span> <span class='ocrx_word' id='word_1_70' title='bbox 1035 969 1093 1028; x_wconf 91' lang='lat' dir='ltr'>pro</span> <span class='ocrx_word' id='word_1_71' title='bbox 1109 953 1286 1011; x_wconf 90' lang='lat' dir='ltr'>testimonio</span> <span class='ocrx_word' id='word_1_72' title='bbox 1309 952 1456 1011; x_wconf 86' lang='lat' dir='ltr'>duximus</span> 
     </span>
     <span class='ocr_line' id='line_1_9' title="bbox 188 1058 1457 1132; baseline 0 -15"><span class='ocrx_word' id='word_1_73' title='bbox 188 1059 419 1118; x_wconf 90' lang='lat' dir='ltr'>destinandum.</span> <span class='ocrx_word' id='word_1_74' title='bbox 450 1058 512 1132; x_wconf 80' lang='lat' dir='ltr'>Qui</span> <span class='ocrx_word' id='word_1_75' title='bbox 535 1058 662 1118; x_wconf 88' lang='lat' dir='ltr'>taudem</span> <span class='ocrx_word' id='word_1_76' title='bbox 685 1058 796 1117; x_wconf 84' lang='lat' dir='ltr'>exinde</span> <span class='ocrx_word' id='word_1_77' title='bbox 819 1058 858 1115; x_wconf 88' lang='lat' dir='ltr'>ad</span> <span class='ocrx_word' id='word_1_78' title='bbox 882 1074 938 1117; x_wconf 92' lang='lat' dir='ltr'>nos</span> <span class='ocrx_word' id='word_1_79' title='bbox 960 1061 1077 1118; x_wconf 84' lang='lat' dir='ltr'>reversi</span> <span class='ocrx_word' id='word_1_80' title='bbox 1108 1060 1198 1118; x_wconf 90' lang='lat' dir='ltr'>nobis</span> <span class='ocrx_word' id='word_1_81' title='bbox 1221 1074 1298 1116; x_wconf 88' lang='lat' dir='ltr'>voce</span> <span class='ocrx_word' id='word_1_82' title='bbox 1322 1073 1457 1117; x_wconf 90' lang='lat' dir='ltr'>consona</span> 
     </span>
     <span class='ocr_line' id='line_1_10' title="bbox 188 1162 1458 1239; baseline -0.002 -15"><span class='ocrx_word' id='word_1_83' title='bbox 188 1165 364 1224; x_wconf 87' lang='lat' dir='ltr'>retulerunt</span> <span class='ocrx_word' id='word_1_84' title='bbox 381 1167 439 1224; x_wconf 92' lang='lat' dir='ltr'>isto</span> <span class='ocrx_word' id='word_1_85' title='bbox 456 1165 560 1237; x_wconf 93' lang='lat' dir='ltr'>modo,</span> <span class='ocrx_word' id='word_1_86' title='bbox 584 1163 667 1239; x_wconf 94' lang='lat' dir='ltr'>quod</span> <span class='ocrx_word' id='word_1_87' title='bbox 692 1162 833 1238; x_wconf 82' lang='lat' dir='ltr'>prefatus</span> <span class='ocrx_word' id='word_1_88' title='bbox 848 1166 944 1223; x_wconf 91' lang='lat' dir='ltr'>homo</span> <span class='ocrx_word' id='word_1_89' title='bbox 960 1165 1063 1237; x_wconf 86' lang='lat' dir='ltr'>regius</span> <span class='ocrx_word' id='word_1_90' title='bbox 1085 1172 1227 1239; x_wconf 80' lang='lat' dir='ltr'>presente</span> <span class='ocrx_word' id='word_1_91' title='bbox 1251 1163 1334 1222; x_wconf 91' lang='lat' dir='ltr'>dieto</span> <span class='ocrx_word' id='word_1_92' title='bbox 1349 1169 1458 1222; x_wconf 90' lang='lat' dir='ltr'>nostro</span> 
     </span>
     <span class='ocr_line' id='line_1_11' title="bbox 187 1270 1457 1344; baseline -0.001 -15"><span class='ocrx_word' id='word_1_93' title='bbox 187 1271 376 1343; x_wconf 82' lang='lat' dir='ltr'>testimonie,</span> <span class='ocrx_word' id='word_1_94' title='bbox 392 1270 525 1342; x_wconf 87' lang='lat' dir='ltr'>sabbati,</span> <span class='ocrx_word' id='word_1_95' title='bbox 551 1270 601 1328; x_wconf 92' lang='lat' dir='ltr'>die</span> <span class='ocrx_word' id='word_1_96' title='bbox 624 1270 770 1329; x_wconf 86' lang='lat' dir='ltr'>videlicet</span> <span class='ocrx_word' id='word_1_97' title='bbox 793 1271 825 1329; x_wconf 90' lang='lat' dir='ltr'>lu</span> <span class='ocrx_word' id='word_1_98' title='bbox 847 1271 957 1344; x_wconf 79' lang='lat' dir='ltr'>vigilia</span> <span class='ocrx_word' id='word_1_99' title='bbox 980 1271 1049 1329; x_wconf 82' lang='lat' dir='ltr'>festi</span> <span class='ocrx_word' id='word_1_100' title='bbox 1074 1271 1296 1340; x_wconf 78' lang='lat' dir='ltr'>penthecostes,</span> <span class='ocrx_word' id='word_1_101' title='bbox 1314 1271 1457 1344; x_wconf 87' lang='lat' dir='ltr'>proxime</span> 
     </span>
     <span class='ocr_line' id='line_1_12' title="bbox 186 1368 1456 1453; baseline -0.002 -18"><span class='ocrx_word' id='word_1_102' title='bbox 186 1377 337 1453; x_wconf 87' lang='lat' dir='ltr'>preteriti,</span> <span class='ocrx_word' id='word_1_103' title='bbox 353 1376 390 1434; x_wconf 87' lang='lat' dir='ltr'>ad</span> <span class='ocrx_word' id='word_1_104' title='bbox 416 1368 514 1435; x_wconf 83' lang='lat' dir='ltr'>facies&#39;</span> <span class='ocrx_word' id='word_1_105' title='bbox 527 1377 739 1451; x_wconf 89' lang='lat' dir='ltr'>predictarum</span> <span class='ocrx_word' id='word_1_106' title='bbox 758 1378 960 1451; x_wconf 89' lang='lat' dir='ltr'>possessionis</span> <span class='ocrx_word' id='word_1_107' title='bbox 977 1378 1153 1449; x_wconf 84' lang='lat' dir='ltr'>Kralyowc,</span> <span class='ocrx_word' id='word_1_108' title='bbox 1166 1392 1284 1435; x_wconf 87' lang='lat' dir='ltr'>necnon</span> <span class='ocrx_word' id='word_1_109' title='bbox 1300 1377 1456 1451; x_wconf 90' lang='lat' dir='ltr'>porcionis</span> 
     </span>
     <span class='ocr_line' id='line_1_13' title="bbox 186 1482 1457 1557; baseline 0 -17"><span class='ocrx_word' id='word_1_110' title='bbox 186 1483 429 1556; x_wconf 88' lang='lat' dir='ltr'>possessionarie</span> <span class='ocrx_word' id='word_1_111' title='bbox 460 1483 492 1541; x_wconf 88' lang='lat' dir='ltr'>iu</span> <span class='ocrx_word' id='word_1_112' title='bbox 527 1483 700 1557; x_wconf 90' lang='lat' dir='ltr'>prescripta</span> <span class='ocrx_word' id='word_1_113' title='bbox 731 1483 924 1556; x_wconf 88' lang='lat' dir='ltr'>possessione</span> <span class='ocrx_word' id='word_1_114' title='bbox 958 1483 1075 1556; x_wconf 89' lang='lat' dir='ltr'>Czerye</span> <span class='ocrx_word' id='word_1_115' title='bbox 1105 1484 1210 1541; x_wconf 88' lang='lat' dir='ltr'>habite</span> <span class='ocrx_word' id='word_1_116' title='bbox 1233 1499 1269 1541; x_wconf 89' lang='lat' dir='ltr'>ac</span> <span class='ocrx_word' id='word_1_117' title='bbox 1292 1483 1403 1541; x_wconf 89' lang='lat' dir='ltr'>tributi</span> <span class='ocrx_word' id='word_1_118' title='bbox 1425 1482 1457 1540; x_wconf 91' lang='lat' dir='ltr'>in</span> 
     </span>
     <span class='ocr_line' id='line_1_14' title="bbox 186 1589 1455 1665; baseline 0.001 -19"><span class='ocrx_word' id='word_1_119' title='bbox 186 1589 296 1647; x_wconf 87' lang='lat' dir='ltr'>eadem</span> <span class='ocrx_word' id='word_1_120' title='bbox 320 1589 402 1663; x_wconf 86' lang='lat' dir='ltr'>exigi</span> <span class='ocrx_word' id='word_1_121' title='bbox 432 1589 535 1660; x_wconf 90' lang='lat' dir='ltr'>soliti;</span> <span class='ocrx_word' id='word_1_122' title='bbox 558 1590 634 1647; x_wconf 90' lang='lat' dir='ltr'>item</span> <span class='ocrx_word' id='word_1_123' title='bbox 668 1591 900 1665; x_wconf 91' lang='lat' dir='ltr'>possessionum</span> <span class='ocrx_word' id='word_1_124' title='bbox 931 1589 1087 1661; x_wconf 85' lang='lat' dir='ltr'>Kobylalr,</span> <span class='ocrx_word' id='word_1_125' title='bbox 1122 1589 1272 1662; x_wconf 89' lang='lat' dir='ltr'>Zwyblye</span> <span class='ocrx_word' id='word_1_126' title='bbox 1294 1595 1324 1646; x_wconf 88' lang='lat' dir='ltr'>et</span> <span class='ocrx_word' id='word_1_127' title='bbox 1358 1589 1455 1647; x_wconf 80' lang='lat' dir='ltr'>North</span> 
     </span>
     <span class='ocr_line' id='line_1_15' title="bbox 185 1693 1456 1770; baseline -0.001 -16"><span class='ocrx_word' id='word_1_128' title='bbox 185 1694 406 1768; x_wconf 87' lang='lat' dir='ltr'>predictarum,</span> <span class='ocrx_word' id='word_1_129' title='bbox 423 1701 706 1770; x_wconf 88' lang='lat' dir='ltr'>consequenterque</span> <span class='ocrx_word' id='word_1_130' title='bbox 722 1696 796 1753; x_wconf 92' lang='lat' dir='ltr'>dicti</span> <span class='ocrx_word' id='word_1_131' title='bbox 818 1693 895 1770; x_wconf 86' lang='lat' dir='ltr'>juris</span> <span class='ocrx_word' id='word_1_132' title='bbox 917 1695 995 1768; x_wconf 87' lang='lat' dir='ltr'>regii</span> <span class='ocrx_word' id='word_1_133' title='bbox 1017 1696 1049 1753; x_wconf 93' lang='lat' dir='ltr'>in</span> <span class='ocrx_word' id='word_1_134' title='bbox 1072 1694 1190 1753; x_wconf 90' lang='lat' dir='ltr'>eisdem</span> <span class='ocrx_word' id='word_1_135' title='bbox 1211 1694 1322 1767; x_wconf 87' lang='lat' dir='ltr'>habiti,</span> <span class='ocrx_word' id='word_1_136' title='bbox 1345 1696 1456 1754; x_wconf 83' lang='lat' dir='ltr'>vicinis</span> 
     </span>
     <span class='ocr_line' id='line_1_16' title="bbox 187 1799 1456 1873; baseline 0 -15"><span class='ocrx_word' id='word_1_137' title='bbox 187 1805 217 1859; x_wconf 91' lang='lat' dir='ltr'>et</span> <span class='ocrx_word' id='word_1_138' title='bbox 239 1801 461 1860; x_wconf 88' lang='lat' dir='ltr'>commetaneis</span> <span class='ocrx_word' id='word_1_139' title='bbox 492 1801 556 1859; x_wconf 93' lang='lat' dir='ltr'>suis</span> <span class='ocrx_word' id='word_1_140' title='bbox 583 1801 743 1873; x_wconf 87' lang='lat' dir='ltr'>universis,</span> <span class='ocrx_word' id='word_1_141' title='bbox 767 1802 924 1873; x_wconf 85' lang='lat' dir='ltr'>signanter</span> <span class='ocrx_word' id='word_1_142' title='bbox 952 1815 1027 1858; x_wconf 83' lang='lat' dir='ltr'>vero</span> <span class='ocrx_word' id='word_1_143' title='bbox 1057 1799 1208 1858; x_wconf 88' lang='lat' dir='ltr'>Michaele</span> <span class='ocrx_word' id='word_1_144' title='bbox 1232 1799 1270 1857; x_wconf 89' lang='lat' dir='ltr'>de</span> <span class='ocrx_word' id='word_1_145' title='bbox 1305 1800 1456 1873; x_wconf 86' lang='lat' dir='ltr'>Kysgora,</span> 
     </span>
     <span class='ocr_line' id='line_1_17' title="bbox 187 1905 1456 1981; baseline 0.001 -17"><span class='ocrx_word' id='word_1_146' title='bbox 187 1913 390 1981; x_wconf 84' lang='lat' dir='ltr'>procuratore</span> <span class='ocrx_word' id='word_1_147' title='bbox 423 1908 506 1966; x_wconf 89' lang='lat' dir='ltr'>curie</span> <span class='ocrx_word' id='word_1_148' title='bbox 541 1908 728 1981; x_wconf 87' lang='lat' dir='ltr'>episcopalis</span> <span class='ocrx_word' id='word_1_149' title='bbox 757 1907 966 1979; x_wconf 88' lang='lat' dir='ltr'>zagrabiensis</span> <span class='ocrx_word' id='word_1_150' title='bbox 1001 1913 1031 1964; x_wconf 86' lang='lat' dir='ltr'>et</span> <span class='ocrx_word' id='word_1_151' title='bbox 1067 1905 1202 1963; x_wconf 85' lang='lat' dir='ltr'>officiale</span> <span class='ocrx_word' id='word_1_152' title='bbox 1224 1906 1256 1965; x_wconf 90' lang='lat' dir='ltr'>in</span> <span class='ocrx_word' id='word_1_153' title='bbox 1279 1905 1361 1964; x_wconf 88' lang='lat' dir='ltr'>dicta</span> <span class='ocrx_word' id='word_1_154' title='bbox 1384 1923 1456 1980; x_wconf 90' lang='lat' dir='ltr'>pos·</span> 
     </span>
     <span class='ocr_line' id='line_1_18' title="bbox 186 2012 1457 2088; baseline 0.002 -18"><span class='ocrx_word' id='word_1_155' title='bbox 186 2013 322 2071; x_wconf 87' lang='lat' dir='ltr'>sessione</span> <span class='ocrx_word' id='word_1_156' title='bbox 357 2012 491 2086; x_wconf 85' lang='lat' dir='ltr'>Caerye,</span> <span class='ocrx_word' id='word_1_157' title='bbox 526 2013 628 2086; x_wconf 93' lang='lat' dir='ltr'>quoad</span> <span class='ocrx_word' id='word_1_158' title='bbox 662 2013 841 2088; x_wconf 89' lang='lat' dir='ltr'>porcionem</span> <span class='ocrx_word' id='word_1_159' title='bbox 876 2013 1087 2086; x_wconf 89' lang='lat' dir='ltr'>episcopalem</span> <span class='ocrx_word' id='word_1_160' title='bbox 1125 2012 1309 2083; x_wconf 88' lang='lat' dir='ltr'>constituto,</span> <span class='ocrx_word' id='word_1_161' title='bbox 1339 2029 1457 2072; x_wconf 89' lang='lat' dir='ltr'>necnon</span> 
     </span>
     <span class='ocr_line' id='line_1_19' title="bbox 188 2117 1457 2202; baseline 0.001 -26"><span class='ocrx_word' id='word_1_162' title='bbox 188 2118 328 2189; x_wconf 86' lang='lat' dir='ltr'>Nicolao,</span> <span class='ocrx_word' id='word_1_163' title='bbox 351 2118 491 2202; x_wconf 88' lang='lat' dir='ltr'>Johanne</span> <span class='ocrx_word' id='word_1_164' title='bbox 525 2126 555 2177; x_wconf 86' lang='lat' dir='ltr'>et</span> <span class='ocrx_word' id='word_1_165' title='bbox 577 2118 722 2191; x_wconf 90' lang='lat' dir='ltr'>Georgio,</span> <span class='ocrx_word' id='word_1_166' title='bbox 746 2118 820 2176; x_wconf 85' lang='lat' dir='ltr'>filiis</span> <span class='ocrx_word' id='word_1_167' title='bbox 843 2118 992 2189; x_wconf 86' lang='lat' dir='ltr'>Ladislai,</span> <span class='ocrx_word' id='word_1_168' title='bbox 1015 2117 1073 2176; x_wconf 88' lang='lat' dir='ltr'>filii</span> <span class='ocrx_word' id='word_1_169' title='bbox 1096 2118 1273 2175; x_wconf 91' lang='lat' dir='ltr'>Ladomerii</span> <span class='ocrx_word' id='word_1_170' title='bbox 1296 2119 1335 2176; x_wconf 91' lang='lat' dir='ltr'>de</span> <span class='ocrx_word' id='word_1_171' title='bbox 1357 2119 1457 2178; x_wconf 88' lang='lat' dir='ltr'>Rado·</span> 
     </span>
     <span class='ocr_line' id='line_1_20' title="bbox 187 2224 1456 2298; baseline 0.002 -16"><span class='ocrx_word' id='word_1_172' title='bbox 187 2240 290 2283; x_wconf 80' lang='lat' dir='ltr'>merca</span> <span class='ocrx_word' id='word_1_173' title='bbox 311 2232 342 2283; x_wconf 88' lang='lat' dir='ltr'>et</span> <span class='ocrx_word' id='word_1_174' title='bbox 365 2225 403 2283; x_wconf 90' lang='lat' dir='ltr'>de</span> <span class='ocrx_word' id='word_1_175' title='bbox 437 2225 579 2284; x_wconf 85' lang='lat' dir='ltr'>Belowar</span> <span class='ocrx_word' id='word_1_176' title='bbox 611 2231 640 2283; x_wconf 91' lang='lat' dir='ltr'>et</span> <span class='ocrx_word' id='word_1_177' title='bbox 674 2226 833 2296; x_wconf 89' lang='lat' dir='ltr'>Michaele‚</span> <span class='ocrx_word' id='word_1_178' title='bbox 865 2225 932 2282; x_wconf 85' lang='lat' dir='ltr'>tilio</span> <span class='ocrx_word' id='word_1_179' title='bbox 957 2225 1038 2283; x_wconf 88' lang='lat' dir='ltr'>Petri</span> <span class='ocrx_word' id='word_1_180' title='bbox 1061 2224 1208 2297; x_wconf 87' lang='lat' dir='ltr'>Prybych</span> <span class='ocrx_word' id='word_1_181' title='bbox 1231 2224 1270 2281; x_wconf 90' lang='lat' dir='ltr'>de</span> <span class='ocrx_word' id='word_1_182' title='bbox 1301 2225 1456 2298; x_wconf 79' lang='lat' dir='ltr'>Maresha,</span> 
     </span>
     <span class='ocr_line' id='line_1_21' title="bbox 186 2329 1454 2405; baseline 0 -16"><span class='ocrx_word' id='word_1_183' title='bbox 186 2329 323 2397; x_wconf 78' lang='lat' dir='ltr'>officiale</span> <span class='ocrx_word' id='word_1_184' title='bbox 346 2332 501 2405; x_wconf 88' lang='lat' dir='ltr'>prioratus</span> <span class='ocrx_word' id='word_1_185' title='bbox 524 2333 648 2389; x_wconf 89' lang='lat' dir='ltr'>Aurane</span> <span class='ocrx_word' id='word_1_186' title='bbox 670 2332 701 2389; x_wconf 90' lang='lat' dir='ltr'>in</span> <span class='ocrx_word' id='word_1_187' title='bbox 725 2331 917 2404; x_wconf 87' lang='lat' dir='ltr'>possessione</span> <span class='ocrx_word' id='word_1_188' title='bbox 939 2329 1080 2402; x_wconf 87' lang='lat' dir='ltr'>Bosyako</span> <span class='ocrx_word' id='word_1_189' title='bbox 1097 2330 1255 2403; x_wconf 88' lang='lat' dir='ltr'>appellata</span> <span class='ocrx_word' id='word_1_190' title='bbox 1279 2331 1454 2403; x_wconf 77' lang='lat' dir='ltr'>constitum,</span> 
     </span>
     <span class='ocr_line' id='line_1_22' title="bbox 186 2435 1455 2511; baseline 0.001 -16"><span class='ocrx_word' id='word_1_191' title='bbox 186 2436 264 2495; x_wconf 88' lang='lat' dir='ltr'>inibi</span> <span class='ocrx_word' id='word_1_192' title='bbox 286 2437 438 2510; x_wconf 86' lang='lat' dir='ltr'>legittime</span> <span class='ocrx_word' id='word_1_193' title='bbox 469 2436 645 2495; x_wconf 84' lang='lat' dir='ltr'>convocatis</span> <span class='ocrx_word' id='word_1_194' title='bbox 668 2443 699 2494; x_wconf 90' lang='lat' dir='ltr'>et</span> <span class='ocrx_word' id='word_1_195' title='bbox 722 2437 917 2511; x_wconf 85' lang='lat' dir='ltr'>presentibus</span> <span class='ocrx_word' id='word_1_196' title='bbox 932 2435 1119 2505; x_wconf 85' lang='lat' dir='ltr'>accedentes,</span> <span class='ocrx_word' id='word_1_197' title='bbox 1140 2435 1362 2494; x_wconf 87' lang='lat' dir='ltr'>introduxisset</span> <span class='ocrx_word' id='word_1_198' title='bbox 1386 2454 1455 2511; x_wconf 92' lang='lat' dir='ltr'>pre·</span> 
     </span>
     <span class='ocr_line' id='line_1_23' title="bbox 187 2520 1455 2616; baseline 0 -16"><span class='ocrx_word' id='word_1_199' title='bbox 187 2540 284 2600; x_wconf 82' lang='lat' dir='ltr'>fatam</span> <span class='ocrx_word' id='word_1_200' title='bbox 318 2543 481 2601; x_wconf 89' lang='lat' dir='ltr'>ecclesiam</span> <span class='ocrx_word' id='word_1_201' title='bbox 512 2542 745 2615; x_wconf 90' lang='lat' dir='ltr'>zagrabiensem</span> <span class='ocrx_word' id='word_1_202' title='bbox 771 2558 807 2600; x_wconf 90' lang='lat' dir='ltr'>ac</span> <span class='ocrx_word' id='word_1_203' title='bbox 834 2542 932 2599; x_wconf 87' lang='lat' dir='ltr'>altare</span> <span class='ocrx_word' id='word_1_204' title='bbox 959 2547 1063 2598; x_wconf 87' lang='lat' dir='ltr'>sancte</span> <span class='ocrx_word' id='word_1_205' title='bbox 1098 2541 1197 2598; x_wconf 84' lang='lat' dir='ltr'>&#39;crucis</span> <span class='ocrx_word' id='word_1_206' title='bbox 1232 2520 1455 2616; x_wconf 87' lang='lat' dir='ltr'>supradictum,</span> 
     </span>
     <span class='ocr_line' id='line_1_24' title="bbox 187 2647 1455 2723; baseline 0.001 -17"><span class='ocrx_word' id='word_1_207' title='bbox 187 2656 471 2723; x_wconf 86' lang='lat' dir='ltr'>consequenterque</span> <span class='ocrx_word' id='word_1_208' title='bbox 493 2656 645 2707; x_wconf 90' lang='lat' dir='ltr'>rectorem</span> <span class='ocrx_word' id='word_1_209' title='bbox 661 2649 800 2706; x_wconf 87' lang='lat' dir='ltr'>eiusdem</span> <span class='ocrx_word' id='word_1_210' title='bbox 817 2648 1002 2706; x_wconf 90' lang='lat' dir='ltr'>modernum</span> <span class='ocrx_word' id='word_1_211' title='bbox 1023 2648 1054 2705; x_wconf 92' lang='lat' dir='ltr'>in</span> <span class='ocrx_word' id='word_1_212' title='bbox 1071 2647 1246 2705; x_wconf 89' lang='lat' dir='ltr'>dominium</span> <span class='ocrx_word' id='word_1_213' title='bbox 1261 2649 1402 2723; x_wconf 84' lang='lat' dir='ltr'>ipsarum</span> <span class='ocrx_word' id='word_1_214' title='bbox 1426 2657 1455 2707; x_wconf 92' lang='lat' dir='ltr'>et</span> 
     </span>
     <span class='ocr_line' id='line_1_25' title="bbox 186 2753 1456 2829; baseline 0.002 -17"><span class='ocrx_word' id='word_1_215' title='bbox 186 2754 335 2827; x_wconf 92' lang='lat' dir='ltr'>eiusdem,</span> <span class='ocrx_word' id='word_1_216' title='bbox 351 2756 568 2829; x_wconf 87' lang='lat' dir='ltr'>statuissctque</span> <span class='ocrx_word' id='word_1_217' title='bbox 584 2755 708 2813; x_wconf 91' lang='lat' dir='ltr'>easdem</span> <span class='ocrx_word' id='word_1_218' title='bbox 725 2760 755 2812; x_wconf 88' lang='lat' dir='ltr'>et</span> <span class='ocrx_word' id='word_1_219' title='bbox 778 2755 861 2812; x_wconf 90' lang='lat' dir='ltr'>idem</span> <span class='ocrx_word' id='word_1_220' title='bbox 879 2754 995 2812; x_wconf 90' lang='lat' dir='ltr'>eisdem</span> <span class='ocrx_word' id='word_1_221' title='bbox 1012 2755 1163 2827; x_wconf 92' lang='lat' dir='ltr'>premisse</span> <span class='ocrx_word' id='word_1_222' title='bbox 1178 2753 1262 2827; x_wconf 85' lang='lat' dir='ltr'>regie</span> <span class='ocrx_word' id='word_1_223' title='bbox 1279 2753 1456 2814; x_wconf 89' lang='lat' dir='ltr'>donacionis</span> 
     </span>
     <span class='ocr_line' id='line_1_26' title="bbox 186 2859 1456 2935; baseline 0.001 -17"><span class='ocrx_word' id='word_1_224' title='bbox 186 2860 279 2919; x_wconf 87' lang='lat' dir='ltr'>titulo</span> <span class='ocrx_word' id='word_1_225' title='bbox 313 2866 465 2935; x_wconf 91' lang='lat' dir='ltr'>perpetuo</span> <span class='ocrx_word' id='word_1_226' title='bbox 497 2860 708 2935; x_wconf 88' lang='lat' dir='ltr'>possidendas,</span> <span class='ocrx_word' id='word_1_227' title='bbox 740 2861 829 2919; x_wconf 92' lang='lat' dir='ltr'>nullo</span> <span class='ocrx_word' id='word_1_228' title='bbox 864 2861 985 2935; x_wconf 91' lang='lat' dir='ltr'>penitus</span> <span class='ocrx_word' id='word_1_229' title='bbox 1021 2859 1245 2918; x_wconf 90' lang='lat' dir='ltr'>contradictore</span> <span class='ocrx_word' id='word_1_230' title='bbox 1279 2870 1456 2934; x_wconf 89' lang='lat' dir='ltr'>apparente,</span> 
     </span>
     <span class='ocr_line' id='line_1_27' title="bbox 187 2967 1456 3041; baseline 0 -14"><span class='ocrx_word' id='word_1_231' title='bbox 187 2967 288 3027; x_wconf 86' lang='lat' dir='ltr'>tribus</span> <span class='ocrx_word' id='word_1_232' title='bbox 322 2967 432 3026; x_wconf 89' lang='lat' dir='ltr'>diebus</span> <span class='ocrx_word' id='word_1_233' title='bbox 466 2968 617 3026; x_wconf 90' lang='lat' dir='ltr'>continuis</span> <span class='ocrx_word' id='word_1_234' title='bbox 649 2974 678 3025; x_wconf 91' lang='lat' dir='ltr'>et</span> <span class='ocrx_word' id='word_1_235' title='bbox 712 2968 874 3041; x_wconf 90' lang='lat' dir='ltr'>legittimis</span> <span class='ocrx_word' id='word_1_236' title='bbox 906 2967 992 3024; x_wconf 87' lang='lat' dir='ltr'>iuxta</span> <span class='ocrx_word' id='word_1_237' title='bbox 1026 2967 1113 3039; x_wconf 88' lang='lat' dir='ltr'>regni</span> <span class='ocrx_word' id='word_1_238' title='bbox 1147 2967 1401 3025; x_wconf 87' lang='lat' dir='ltr'>consvctudiuem</span> <span class='ocrx_word' id='word_1_239' title='bbox 1424 2969 1456 3027; x_wconf 89' lang='lat' dir='ltr'>in</span> 
     </span>
     <span class='ocr_line' id='line_1_28' title="bbox 188 3072 1455 3146; baseline 0 -15"><span class='ocrx_word' id='word_1_240' title='bbox 188 3072 326 3133; x_wconf 81' lang='lat' dir='ltr'>faciebus</span> <span class='ocrx_word' id='word_1_241' title='bbox 349 3072 530 3131; x_wconf 89' lang='lat' dir='ltr'>earumdem</span> <span class='ocrx_word' id='word_1_242' title='bbox 554 3080 583 3131; x_wconf 91' lang='lat' dir='ltr'>ct</span> <span class='ocrx_word' id='word_1_243' title='bbox 605 3072 743 3131; x_wconf 89' lang='lat' dir='ltr'>eiusdem</span> <span class='ocrx_word' id='word_1_244' title='bbox 774 3079 996 3146; x_wconf 85' lang='lat' dir='ltr'>permanentes.</span> <span class='ocrx_word' id='word_1_245' title='bbox 1021 3072 1054 3129; x_wconf 93' lang='lat' dir='ltr'>ln</span> <span class='ocrx_word' id='word_1_246' title='bbox 1078 3072 1165 3129; x_wconf 90' lang='lat' dir='ltr'>cuius</span> <span class='ocrx_word' id='word_1_247' title='bbox 1196 3075 1240 3131; x_wconf 91' lang='lat' dir='ltr'>rei</span> <span class='ocrx_word' id='word_1_248' title='bbox 1271 3075 1455 3132; x_wconf 86' lang='lat' dir='ltr'>memoriam</span> 
     </span>
     <span class='ocr_line' id='line_1_29' title="bbox 187 3177 1455 3254; baseline 0.001 -17"><span class='ocrx_word' id='word_1_249' title='bbox 187 3177 431 3252; x_wconf 87' lang='lat' dir='ltr'>firmitatemque</span> <span class='ocrx_word' id='word_1_250' title='bbox 455 3184 637 3254; x_wconf 90' lang='lat' dir='ltr'>perpetuam</span> <span class='ocrx_word' id='word_1_251' title='bbox 668 3187 825 3252; x_wconf 88' lang='lat' dir='ltr'>presentes</span> <span class='ocrx_word' id='word_1_252' title='bbox 849 3179 967 3237; x_wconf 85' lang='lat' dir='ltr'>litteras</span> <span class='ocrx_word' id='word_1_253' title='bbox 991 3184 1111 3235; x_wconf 88' lang='lat' dir='ltr'>nostras</span> <span class='ocrx_word' id='word_1_254' title='bbox 1144 3180 1357 3252; x_wconf 80' lang='lat' dir='ltr'>privilegiales</span> <span class='ocrx_word' id='word_1_255' title='bbox 1381 3197 1455 3253; x_wconf 90' lang='lat' dir='ltr'>pcn-</span> 
     </span>
     <span class='ocr_line' id='line_1_30' title="bbox 187 3283 1456 3360; baseline 0.001 -17"><span class='ocrx_word' id='word_1_256' title='bbox 187 3283 288 3343; x_wconf 92' lang='lat' dir='ltr'>deutis</span> <span class='ocrx_word' id='word_1_257' title='bbox 313 3285 459 3342; x_wconf 89' lang='lat' dir='ltr'>autentici</span> <span class='ocrx_word' id='word_1_258' title='bbox 491 3285 588 3358; x_wconf 92' lang='lat' dir='ltr'>sigilli</span> <span class='ocrx_word' id='word_1_259' title='bbox 615 3286 712 3343; x_wconf 90' lang='lat' dir='ltr'>nostri</span> <span class='ocrx_word' id='word_1_260' title='bbox 746 3285 917 3342; x_wconf 88' lang='lat' dir='ltr'>munimine</span> <span class='ocrx_word' id='word_1_261' title='bbox 944 3286 1126 3355; x_wconf 87' lang='lat' dir='ltr'>roboratas,</span> <span class='ocrx_word' id='word_1_262' title='bbox 1162 3286 1332 3360; x_wconf 89' lang='lat' dir='ltr'>alphabeto</span> <span class='ocrx_word' id='word_1_263' title='bbox 1361 3286 1456 3344; x_wconf 90' lang='lat' dir='ltr'>inter-</span> 
     </span>
     <span class='ocr_line' id='line_1_31' title="bbox 187 3390 1454 3464; baseline 0.002 -16"><span class='ocrx_word' id='word_1_264' title='bbox 187 3390 275 3461; x_wconf 90' lang='lat' dir='ltr'>cisas,</span> <span class='ocrx_word' id='word_1_265' title='bbox 298 3390 416 3448; x_wconf 89' lang='lat' dir='ltr'>eisdem</span> <span class='ocrx_word' id='word_1_266' title='bbox 438 3391 525 3449; x_wconf 85' lang='lat' dir='ltr'>iuxta</span> <span class='ocrx_word' id='word_1_267' title='bbox 547 3392 625 3464; x_wconf 90' lang='lat' dir='ltr'>regii</span> <span class='ocrx_word' id='word_1_268' title='bbox 648 3400 677 3448; x_wconf 88' lang='lat' dir='ltr'>ct</span> <span class='ocrx_word' id='word_1_269' title='bbox 699 3391 800 3449; x_wconf 90' lang='lat' dir='ltr'>nostri</span> <span class='ocrx_word' id='word_1_270' title='bbox 823 3391 985 3448; x_wconf 89' lang='lat' dir='ltr'>hominum</span> <span class='ocrx_word' id='word_1_271' title='bbox 1007 3390 1153 3448; x_wconf 87' lang='lat' dir='ltr'>fassiones</span> <span class='ocrx_word' id='word_1_272' title='bbox 1178 3391 1324 3450; x_wconf 87' lang='lat' dir='ltr'>duximus</span> <span class='ocrx_word' id='word_1_273' title='bbox 1347 3408 1454 3450; x_wconf 91' lang='lat' dir='ltr'>conce·</span> 
     </span>
     <span class='ocr_line' id='line_1_32' title="bbox 187 3495 1453 3573; baseline 0.001 -18"><span class='ocrx_word' id='word_1_274' title='bbox 187 3495 314 3556; x_wconf 89' lang='lat' dir='ltr'>dendas.</span> <span class='ocrx_word' id='word_1_275' title='bbox 349 3496 464 3555; x_wconf 87' lang='lat' dir='ltr'>Datum</span> <span class='ocrx_word' id='word_1_276' title='bbox 489 3498 720 3571; x_wconf 90' lang='lat' dir='ltr'>quintodecimo</span> <span class='ocrx_word' id='word_1_277' title='bbox 744 3497 793 3554; x_wconf 92' lang='lat' dir='ltr'>die</span> <span class='ocrx_word' id='word_1_278' title='bbox 824 3497 885 3555; x_wconf 90' lang='lat' dir='ltr'>diet</span> <span class='ocrx_word' id='word_1_279' title='bbox 908 3500 1148 3572; x_wconf 82' lang='lat' dir='ltr'>possessiouaric</span> <span class='ocrx_word' id='word_1_280' title='bbox 1172 3500 1351 3557; x_wconf 89' lang='lat' dir='ltr'>statucionis</span> <span class='ocrx_word' id='word_1_281' title='bbox 1383 3516 1453 3573; x_wconf 91' lang='lat' dir='ltr'>pre-</span> 
     </span>
     <span class='ocr_line' id='line_1_33' title="bbox 186 3602 768 3677; baseline -0.002 -15"><span class='ocrx_word' id='word_1_282' title='bbox 186 3610 299 3662; x_wconf 87' lang='lat' dir='ltr'>notate.</span> <span class='ocrx_word' id='word_1_283' title='bbox 323 3605 413 3661; x_wconf 85' lang='lat' dir='ltr'>Anno</span> <span class='ocrx_word' id='word_1_284' title='bbox 436 3602 557 3661; x_wconf 91' lang='lat' dir='ltr'>domini</span> <span class='ocrx_word' id='word_1_285' title='bbox 579 3603 768 3677; x_wconf 92' lang='lat' dir='ltr'>supradicto.</span> 
     </span>
    </p>
   </div>
   <div class='ocr_carea' id='block_1_3' title="bbox 185 3792 1452 3947">
    <p class='ocr_par' dir='ltr' id='par_1_3' title="bbox 185 3792 1452 3947">
     <span class='ocr_line' id='line_1_34' title="bbox 292 3792 1452 3858; baseline 0.003 -16"><span class='ocrx_word' id='word_1_286' title='bbox 292 3795 317 3843; x_wconf 89' lang='lat' dir='ltr'>E</span> <span class='ocrx_word' id='word_1_287' title='bbox 335 3799 496 3858; x_wconf 88' lang='lat' dir='ltr'>transumpto</span> <span class='ocrx_word' id='word_1_288' title='bbox 522 3793 630 3858; x_wconf 84' lang='lat' dir='ltr'>capituli</span> <span class='ocrx_word' id='word_1_289' title='bbox 659 3792 825 3852; x_wconf 89' lang='lat' dir='ltr'>chasmeusis,</span> <span class='ocrx_word' id='word_1_290' title='bbox 854 3793 886 3841; x_wconf 87' lang='lat' dir='ltr'>de</span> <span class='ocrx_word' id='word_1_291' title='bbox 914 3810 981 3842; x_wconf 86' lang='lat' dir='ltr'>anno</span> <span class='ocrx_word' id='word_1_292' title='bbox 1013 3795 1086 3856; x_wconf 85' lang='lat'>1481.</span> <span class='ocrx_word' id='word_1_293' title='bbox 1108 3797 1137 3843; x_wconf 93' lang='lat' dir='ltr'>In</span> <span class='ocrx_word' id='word_1_294' title='bbox 1164 3794 1258 3843; x_wconf 88' lang='lat' dir='ltr'>archiv.</span> <span class='ocrx_word' id='word_1_295' title='bbox 1291 3810 1346 3844; x_wconf 86' lang='lat' dir='ltr'>ven.</span> <span class='ocrx_word' id='word_1_296' title='bbox 1375 3795 1452 3858; x_wconf 84' lang='lat' dir='ltr'>capit.</span> 
     </span>
     <span class='ocr_line' id='line_1_35' title="bbox 185 3880 757 3947; baseline 0.003 -18"><span class='ocrx_word' id='word_1_297' title='bbox 185 3881 285 3945; x_wconf 78' lang='lat' dir='ltr'>ragrab.</span> <span class='ocrx_word' id='word_1_298' title='bbox 306 3880 369 3929; x_wconf 89' lang='lat' dir='ltr'>Act.</span> <span class='ocrx_word' id='word_1_299' title='bbox 388 3896 443 3946; x_wconf 86' lang='lat' dir='ltr'>cap.</span> <span class='ocrx_word' id='word_1_300' title='bbox 463 3887 515 3933; x_wconf 82' lang='lat' dir='ltr'>ant.</span> <span class='ocrx_word' id='word_1_301' title='bbox 534 3881 595 3932; x_wconf 81' lang='lat' dir='ltr'>rare.</span> <span class='ocrx_word' id='word_1_302' title='bbox 616 3893 639 3932; x_wconf 83' lang='lat'>2.</span> <span class='ocrx_word' id='word_1_303' title='bbox 659 3897 696 3932; x_wconf 86' lang='lat' dir='ltr'>nr.</span> <span class='ocrx_word' id='word_1_304' title='bbox 717 3892 757 3947; x_wconf 83' lang='lat'>35.</span> 
     </span>
    </p>
   </div>
   <div class='ocr_carea' id='block_1_4' title="bbox 0 0 1644 5348">
    <p class='ocr_par' dir='ltr' id='par_1_4' title="bbox 0 0 1644 5348">
     <span class='ocr_line' id='line_1_36' title="bbox 0 0 1644 5348; baseline 0 0"><span class='ocrx_word' id='word_1_305' title='bbox 0 0 1644 5348; x_wconf 95' lang='lat' dir='ltr'> </span> 
     </span>
    </p>
   </div>
  </div>
 </body>
</html>
