3278 5348
625 398 699 455 Doc.
723 408 791 472 225.
818 428 857 438 —
881 398 938 456 An,
961 392 1052 474 1462.
1249 358 1252 363 ”
1398 399 1457 473 283

188 501 331 510 m.—

186 613 308 672 multos
331 628 451 672 errores
482 620 512 672 et
544 612 681 671 defectus
703 618 771 672 tum
794 612 826 670 in
849 611 927 684 aliis,
952 616 1019 670 tum
1043 613 1207 686 presertim
1230 613 1262 670 in
1285 611 1458 671 collacione

187 719 413 778 beneficiorum
438 722 469 779 in
492 720 548 778 illa
571 720 701 778 ecclesia
716 720 878 790 committi,
903 734 939 778 ea
962 721 1061 778 eciam
1085 718 1123 777 de
1147 734 1247 791 causa,
1264 719 1349 792 quod
1366 720 1457 778 nobis

189 842 247 900 per
271 842 332 895 eos,
357 827 411 900 qui
434 827 670 900 impetraverint
694 804 899 900 personarum
923 826 1126 897 condiciones,
1150 827 1192 884 ita
1215 832 1248 884 ut
1264 825 1333 896 sint,
1349 827 1454 899 sepius

188 949 252 991 non
275 933 482 1003 notificantur,
507 949 544 991 ex
568 948 630 1006 quo
655 932 832 1005 frequenter
851 933 1009 1005 contingit,
1027 933 1155 990 minime
1171 932 1297 990 idoneos
1314 937 1343 989 et
1362 932 1453 1005 plane

188 1039 333 1112 indignos
366 1040 554 1113 promoveri.
589 1039 710 1112 Quibus
747 1037 901 1096 scandalis
932 1043 962 1097 et
993 1039 1228 1097 enormitatibus
1260 1053 1318 1112 pro
1350 1037 1456 1096 debito

186 1150 294 1203 nostro
318 1144 483 1218 providere
506 1151 536 1202 et
559 1159 704 1202 occurere
729 1146 875 1215 volentes,
899 1160 1024 1203 omnem
1040 1146 1255 1202 auctoritatem
1273 1143 1456 1220 jurispatro·

185 1258 278 1311 natus
300 1253 397 1310 nostri
420 1253 505 1325 regii,
530 1251 615 1324 quod
637 1252 717 1309 sicut
739 1252 770 1309 in
794 1251 939 1309 omnibus
970 1252 1039 1308 aliis
1069 1251 1206 1309 ecclesiis
1238 1251 1324 1323 regni
1354 1251 1453 1308 nostri

186 1357 424 1416 kathedralibus
448 1359 612 1431 presertim
634 1363 664 1415 et
687 1357 870 1430 collegiatis,
893 1358 935 1415 ita
959 1358 990 1414 in
1013 1358 1081 1431 ipsa
1104 1357 1233 1414 ecclesia
1256 1357 1456 1429 zagrabiensi‚

187 1480 277 1523 more
301 1464 448 1523 divorum
472 1464 726 1537 predecessorum
750 1470 928 1521 nostrorum
950 1478 1062 1535 regum
1085 1463 1250 1535 Hungarie,
1276 1463 1390 1520 habere
1410 1461 1456 1520 di·

187 1571 355 1641 noscimur,
379 1569 466 1628 fideli
487 1575 593 1628 nostro
617 1568 740 1640 dilecto,
764 1569 935 1628 reverendo
958 1571 988 1626 in
1013 1569 1137 1627 Christo
1155 1570 1243 1642 patri,
1260 1568 1379 1627 domini
1401 1570 1453 1651 Jo-

186 1677 282 1734 hanni
307 1677 454 1749 episcopo
485 1675 613 1734 ecclesie
643 1675 844 1735 waradiensis
874 1677 917 1733 ita
950 1675 1092 1734 dedimus
1113 1682 1143 1733 et
1166 1676 1380 1747 concessimus,
1404 1675 1458 1734 da·

187 1797 323 1855 musque
355 1789 385 1839 et
408 1781 614 1853 concedimus,
645 1789 679 1839 ut
702 1782 769 1855 ipse
792 1797 900 1841 omues
923 1782 1096 1854 dignitates,
1120 1788 1301 1855 personatus
1323 1797 1359 1839 ac
1383 1797 1457 1854 que·

187 1904 323 1962 cumque
355 1887 458 1946 officia
490 1893 520 1945 et
551 1887 700 1945 beneficia
734 1889 941 1946 ecclesiastica
971 1887 1085 1946 amodo
1113 1889 1258 1961 deinceps
1281 1889 1312 1946 in
1336 1886 1456 1961 prelata

187 1996 320 2053 ecclesia
351 1995 551 2068 zagrabiensi,
583 1994 852 2068 qualitercumque
884 1994 922 2053 de
952 1994 1020 2070 jure
1050 2001 1080 2052 et
1104 1995 1185 2052 lacto
1209 2000 1363 2063 vacatura,
1388 2009 1457 2067 per·

188 2102 274 2159 sonis
305 2100 424 2159 idoneis
455 2111 485 2159 et
517 2102 715 2159 benemeritis
747 2101 886 2160 conferre
909 2108 939 2159 et
962 2102 1000 2159 de
1023 2101 1141 2160 eisdem
1164 2101 1330 2174 providere
1353 2100 1457 2158 valeat

185 2211 281 2281 atque
313 2209 412 2281 possit
443 2208 536 2281 pleno
566 2206 641 2282 jure.
672 2207 745 2266 ldeo
776 2208 920 2266 fidelitati
952 2216 1052 2266 vestre
1083 2209 1194 2265 harum
1224 2207 1302 2265 serie
1325 2206 1457 2264 firmiter

188 2314 382 2388 precipimus
406 2319 436 2371 et
458 2313 651 2385 mandamus,
675 2321 825 2387 quatenus
848 2314 962 2372 amodo
985 2317 1016 2373 in
1039 2321 1127 2372 antea
1151 2314 1222 2371 illos
1239 2312 1455 2370 tantummodo

186 2419 227 2478 ad
251 2420 424 2492 dignitates,
448 2426 638 2494 personatus,
661 2419 764 2479 officia
787 2428 816 2478 et
840 2421 988 2479 beneficia
1011 2421 1216 2478 ecclesiastica
1241 2426 1387 2477 vacatura
1403 2419 1456 2475 ad·

186 2527 312 2584 mittere
334 2532 363 2583 ct
387 2528 418 2584 in
440 2527 536 2585 vestri
559 2527 697 2585 medium
721 2534 899 2602 accceptare
930 2528 1068 2586 debeatis
1092 2533 1121 2584 et
1144 2527 1317 2593 teneamini,
1341 2525 1456 2599 quibus

188 2632 371 2690 huiusmodi
394 2632 570 2704 dignitates,
594 2640 785 2707 personatus,
810 2632 914 2691 officia
937 2641 966 2691 et
990 2634 1139 2691 beneficia
1162 2632 1367 2690 ecclesiastica
1388 2648 1456 2705 pre·

187 2737 270 2796 latus
293 2737 437 2797 dominus
458 2739 613 2822 Johanncs
637 2741 802 2814 episcopus
825 2740 998 2810 contulerit,
1021 2741 1090 2797 aliis
1114 2754 1383 2813 quorumcumque
1405 2738 1455 2795 lit-

186 2845 261 2902 teris
284 2850 314 2903 et
336 2845 491 2903 mandatis
515 2846 642 2903 minime
666 2847 787 2905 curatis.
811 2846 875 2904 Nos
899 2848 981 2904 enirn
999 2861 1055 2919 pro
1071 2847 1159 2904 irrito
1175 2846 1283 2903 haberi
1299 2845 1455 2915 volumus,

185 2951 214 3009 si
238 2951 314 3024 quid
336 2951 515 3011 huiusmodi
539 2951 676 3010 mandati
698 2954 796 3011 nostri
827 2954 858 3011 in
881 2959 1093 3026 contemptum
1117 2951 1210 3011 fuerit
1233 2950 1455 3025 quoquomodo

186 3055 318 3115 forsitan
345 3063 574 3132 attemptatum.
598 3058 692 3117 Secus
716 3061 811 3133 igitur
834 3075 895 3117 non
919 3058 1037 3118 facturi.
1073 3058 1270 3116 Presentibus
1300 3057 1455 3131 perlectis,

186 3163 346 3222 exhibenti
369 3166 527 3224 restitutis.
561 3166 678 3224 Datum
701 3166 786 3225 Bude
818 3165 894 3224 feria
925 3165 1058 3224 secunda
1082 3165 1225 3239 proxima
1248 3171 1317 3222 ante
1341 3162 1455 3221 festum

185 3271 384 3329 Ascensionis
413 3271 538 3331 domini
572 3274 661 3329 Anno
686 3273 823 3330 eiusdem
848 3273 1017 3331 millesimo
1042 3271 1345 3344 quadringentesimo
1369 3285 1456 3328 sexa·

184 3378 306 3450 gesimo
329 3377 471 3436 secundo

295 3515 372 3563 Liber
392 3513 486 3563 rubeus
505 3530 560 3562 ven.
581 3515 688 3579 capituli
707 3517 759 3563 eccl
797 3517 1028 3579 zagmbieusis.1n
1048 3516 1142 3567 archiv.
1173 3516 1233 3564 incl.
1255 3517 1338 3566 Aead.
1364 3516 1445 3564 scient

185 3601 257 3652 Slav.
277 3603 365 3653 merid.

777 3781 859 3848 225.

295 3868 374 3916 Auno
397 3869 470 3932 1462,
493 3882 532 3931 30.
552 3870 621 3920 maii.
644 3869 739 3919 Burlac.

184 3978 217 4036 A
241 3979 370 4049 Mutlrr'a,
394 3981 550 4054 Hungarr'e
572 3987 622 4040 etc.
655 3999 729 4053 rege,
760 3981 802 4036 all
820 3999 841 4040 s.
867 3981 987 4038 ll'r'colui
1008 3983 1068 4038 ord.
1094 3984 1333 4039 Praedr'ccrlormn
1357 4002 1453 4038 ›trouu-

184 4086 305 4143 stcrium
328 4087 513 4159 zagrobr'eusc
535 4088 719 4161 reficiendum
743 4088 894 4160 tuctigalr'u
918 4089 993 4161 regri
1013 4089 1085 4144 virili
1105 4090 1135 4144 ln
1160 4088 1239 4144 Savo
1254 4088 1379 4161 somnne
1395 4098 1451 4166 per

617 4195 741 4268 qumque
763 4212 855 4251 atilios
877 4194 1022 4250 (celamur.

294 4338 423 4396 llathias
446 4337 496 4397 dei
519 4340 622 4412 gracia
646 4356 699 4397 rex
728 4341 894 4412 ilungarie,
927 4339 1095 4410 Dalmacie,
1124 4339 1250 4397 Croacic
1278 4347 1334 4397 etc.
1365 4340 1452 4398 Fide·

190 4443 276 4501 libus
298 4445 411 4502 nostris
443 4446 580 4519 capitulo
611 4447 738 4504 ecclesie
760 4448 968 4519 zagrabiensis
992 4447 1124 4503 salutem
1148 4450 1177 4503 et
1201 4446 1346 4519 graciam.
1370 4446 1450 4503 Cum

182 4555 328 4608 nostum
351 4550 391 4608 ad
411 4553 633 4609 nonnullorum
653 4553 795 4611 fidelium
817 4560 995 4610 nostrorum
1009 4553 1186 4610 humillime
1209 4553 1451 4626 supplicacionis

184 4657 369 4715 instanciam
392 4674 449 4731 per
472 4673 524 4715 eos
548 4674 605 4732 pro
630 4667 717 4732 parte
741 4658 842 4717 fidelis
866 4660 962 4716 nostri
987 4659 1124 4731 religiosi
1157 4659 1263 4717 fratris
1294 4660 1448 4717 Eustachii

183 4762 298 4836 prioris
313 4763 441 4821 claustri
460 4765 545 4822 beati
562 4764 680 4823 Nicolai
696 4764 889 4837 confessoris,
906 4765 1023 4823 ordinis
1040 4765 1281 4835 predicatorum,
1299 4765 1449 4837 Zagrabie

183 4865 317 4941 fundati,
339 4884 375 4927 ac
400 4869 617 4931 universorum
640 4871 775 4933 aliorum
791 4870 924 4931 fratrum
941 4873 972 4929 in
988 4870 1098 4929 eodem
1115 4872 1251 4932 claustro
1268 4871 1451 4947 degencium
