3278 5348
199 431 264 494 394
621 414 693 471 Doc.
712 425 787 490 314.
814 444 849 455 -
876 411 933 470 An.
956 406 1048 489 1476.

200 633 348 691 stanciam
374 648 429 705 per
453 643 505 686 eos
528 633 632 686 nostre
652 633 822 703 propterea
851 633 995 702 porrecte
1018 627 1186 702 maiestati,
1211 629 1343 689 eosdem
1364 630 1467 690 iratres

200 738 252 797 sed
277 745 306 797 ct
337 751 529 795 successores
560 751 667 793 eornm
692 751 750 810 pro
774 740 915 809 tempore
937 735 1075 793 clanstro
1096 734 1131 793 in
1153 734 1271 794 eodem
1294 737 1352 796 deo
1373 737 1465 796 farnu-

200 845 308 916 lantes,
333 844 373 900 ab
397 843 545 901 omnibus
569 842 648 901 taxis
679 848 709 900 et
739 841 1035 913 contribuoionibus,
1068 848 1132 899 tam
1156 841 1280 901 scilicet
1304 843 1466 916 ordinariis,

199 967 293 1025 quam
317 949 576 1021 extraordinariis,
601 948 704 1019 daciis‚
739 948 886 1019 collectis,
925 948 1129 1022 proventibus
1162 955 1194 1006 et
1224 950 1390 1023 quibusvis
1416 951 1465 1008 ob

198 1058 398 1116 vencionibus
421 1057 510 1113 nobis
545 1063 597 1112 aut
620 1055 689 1114 aliis
723 1071 740 1112 e
774 1055 878 1113 medio
912 1056 1052 1129 ipsorum
1085 1056 1316 1129 proveniendis,
1356 1073 1465 1116 necnon

198 1164 344 1233 serviciis,
369 1162 482 1235 quibus
517 1161 611 1219 iidem
646 1162 677 1218 in
700 1160 838 1219 medinm
862 1160 943 1219 dicte
973 1161 1106 1219 civitatis
1127 1166 1235 1219 nostre
1267 1165 1390 1222 racione
1405 1163 1463 1222 dic·

199 1275 302 1325 tarum
335 1267 467 1325 duarum
499 1268 670 1325 sessionum
696 1274 880 1334 tenerentur,
916 1267 954 1325 de
988 1267 1092 1340 gracia
1126 1268 1268 1341 speciali,
1304 1278 1461 1344 nostreque

198 1375 283 1446 regie
304 1374 464 1446 potestatis
489 1373 690 1446 plenitudine,
707 1373 854 1430 duximus
878 1375 908 1431 in
935 1380 1121 1447 perpetuum
1144 1374 1330 1433 eximendos
1354 1383 1384 1434 et
1398 1392 1461 1448 sup·

198 1480 376 1553 portandos,
399 1481 496 1537 immo
520 1479 686 1536 eximimus
710 1488 740 1537 et
763 1486 985 1553 supportamus
1010 1479 1207 1552 presencium
1231 1496 1290 1554 per
1322 1483 1460 1555 vigorem.

197 1585 349 1657 Quocirca
379 1586 469 1642 vobis
499 1584 647 1641 fidelibus
682 1586 795 1642 nostris
827 1585 979 1642 universis
1010 1590 1041 1642 et
1063 1585 1197 1657 singulis
1219 1584 1410 1646 dicatoribus
1430 1592 1456 1644 et

197 1692 409 1763 quarumlibet
445 1697 596 1760 taxarum,
629 1691 898 1748 contribuoionum
932 1699 962 1748 et
993 1691 1222 1748 obvencionum
1252 1695 1456 1763 exactoribus;

197 1799 271 1855 item
295 1798 526 1871 circumspectis
550 1795 653 1871 judici,
677 1795 795 1872 juratis
828 1797 950 1856 civibus
985 1803 1015 1855 et
1045 1797 1103 1854 toti
1134 1800 1353 1858 communitati
1384 1799 1455 1857 dicte

195 1904 329 1960 civitatis
351 1911 455 1961 nostre
480 1904 594 1960 montis
618 1903 790 1974 Grecensis,
814 1919 894 1960 nnnc
918 1904 1092 1961 constitutis
1117 1909 1148 1962 et
1170 1905 1203 1962 in
1227 1903 1370 1963 futurum
1392 1920 1454 1963 con·

159 2061 161 2068 .
195 2009 366 2080 stituendis,
402 2017 558 2081 presentes
589 2010 710 2080 visuris,
742 2011 852 2066 harum
885 2010 962 2066 serie
993 2008 1126 2067 firmiter
1150 2011 1359 2085 precipientes
1382 2027 1457 2069 man·

195 2114 315 2185 damus,
351 2120 500 2188 qnatenus
534 2117 668 2189 receptis
704 2117 896 2189 presentibus
927 2115 1040 2173 amodo
1071 2116 1102 2174 in
1134 2124 1299 2191 posterum
1330 2119 1456 2194 prelatos

196 2222 306 2281 fratres
330 2223 540 2280 Predicatores
564 2223 681 2281 ordinis
704 2224 788 2282 beati
811 2213 974 2294 Dominici‚
998 2223 1053 2281 sed
1077 2231 1107 2282 et
1129 2240 1326 2286 successores
1357 2240 1456 2284 eornm

196 2344 253 2402 pro
278 2338 418 2404 tempore
448 2331 480 2388 in
511 2330 593 2388 dicto
624 2332 761 2389 claustro
802 2331 955 2405 degentes,
986 2331 1024 2388 ad
1057 2333 1250 2391 solucionem
1283 2332 1455 2407 quarumvis

196 2444 339 2494 taxarum
363 2442 426 2494 tam
451 2439 481 2495 in
506 2437 609 2496 medio
633 2439 728 2496 vestri
753 2453 810 2511 pro
833 2453 1030 2512 quocumque
1046 2439 1175 2512 negocio
1191 2439 1456 2512 imponendarum,

195 2558 288 2615 quam
312 2543 444 2601 aliarum
469 2544 748 2614 contribuoionum,
766 2543 936 2616 daciorum,
951 2544 1156 2603 collectarum
1173 2554 1204 2603 et
1220 2546 1452 2611 obvencionum

194 2663 311 2704 necnon
335 2650 547 2717 serviciorum
572 2665 632 2721 que
656 2648 749 2706 iidem
774 2656 916 2723 pretextu
950 2649 1102 2708 dictarum
1134 2650 1267 2709 duarum
1292 2653 1455 2709 sessionum

196 2753 294 2810 iacere
329 2754 485 2828 deberem,
520 2762 643 2828 tempus
674 2754 754 2813 inira
779 2757 975 2829 premissum,
1006 2763 1111 2816 contra
1132 2756 1269 2816 formam
1292 2759 1456 2832 prescripte

193 2864 297 2917 nostre
320 2862 458 2932 graciose
489 2862 708 2935 exempcionis,
742 2862 932 2935 compellere
957 2870 987 2921 et
1010 2865 1179 2937 astringere
1203 2871 1233 2922 et
1256 2881 1314 2922 nec
1337 2864 1456 2922 eosdem

192 2967 314 3023 racione
338 2968 447 3042 previa
471 2968 501 3025 in
526 2969 666 3041 personis
689 2973 719 3026 et
742 2968 924 3027 eorumdem
949 2971 1142 3043 quibuslibet
1173 2970 1268 3028 rebus
1300 2970 1456 3045 impedire,

193 3074 360 3130 molestare
383 3082 411 3131 et
436 3073 660 3147 dampnificare
684 3075 906 3147 quoquomodo
924 3077 1110 3149 presumatis
1126 3092 1182 3135 nec
1199 3077 1266 3135 sitis
1283 3079 1351 3136 ausi
1367 3076 1456 3135 modo

191 3178 329 3251 aliquali,
363 3181 465 3251 gracie
495 3188 598 3238 nostre
632 3182 692 3237 sub
723 3181 858 3239 obtentu.
895 3183 1055 3241 Presentes
1088 3182 1223 3254 tandem,
1260 3200 1339 3257 quas
1363 3184 1455 3256 sigilli

190 3285 288 3342 nostri
311 3286 499 3359 appensione
523 3286 710 3344 communiri
741 3285 879 3360 lecimus,
910 3295 980 3360 post
1011 3304 1118 3347 earum
1150 3290 1303 3348 lecturam
1337 3305 1457 3365 semper

189 3389 278 3448 reddi
300 3389 444 3464 jubemus
467 3392 611 3449 manibus
634 3394 831 3464 presentanti.
864 3395 981 3452 Datum
1015 3395 1098 3454 Bude
1120 3396 1152 3455 in
1184 3396 1263 3456 festo
1296 3399 1456 3458 beatorum

190 3495 253 3553 Viti
277 3503 307 3554 et
331 3496 461 3554 Modesti
486 3499 657 3554 martirum.
683 3501 772 3556 Anno
803 3499 920 3558 domini
952 3502 1121 3560 millesimo
1153 3502 1455 3577 quadringentesimo

190 3603 418 3672 septuagesimo
442 3612 561 3661 octavo.
584 3604 763 3675 Regnorum
786 3616 974 3678 nostrorum,
998 3623 1078 3666 anno
1111 3609 1269 3682 Hungarie
1295 3615 1353 3678 etc,
1375 3611 1455 3683 vige·

189 3707 268 3763 simo
293 3707 403 3780 primo,
427 3709 574 3766 Bohemie
599 3725 673 3766 vero
698 3710 825 3768 decimo.

823 3812 934 3862 Reiacio
954 3813 1079 3879 Stephani
1098 3816 1223 3880 prepositi
1237 3817 1422 3869 Demesiensis.

292 3931 425 3996 Originale
445 3934 472 3982 in
491 3934 645 3986 membrana
666 3937 692 3984 A
704 3952 768 3985 zona
781 3939 877 3986 sericea
891 3939 970 3998 rubri,
983 3939 1037 3988 albi
1050 3948 1098 3992 etc.
1112 3940 1203 3990 viridis
1216 3939 1313 3990 coloris
1325 3942 1452 4007 appendet

185 4019 307 4082 sigillum.
328 4023 359 4070 In
377 4023 474 4074 archiv.
493 4022 552 4074 incl.
573 4024 656 4075 Acad.
676 4025 763 4074 Scient
792 4027 890 4078 Slavor.
910 4028 1001 4079 merid.

781 4257 865 4322 314.

291 4390 372 4438 Anno
394 4394 468 4455 1478,
489 4406 530 4456 30.
547 4397 628 4459 Junii,
650 4398 799 4460 Zagrabiae.

246 4532 250 4542 “
310 4515 500 4577 observanda
522 4523 643 4596 quedam
664 4525 698 4583 de
718 4527 893 4600 sigillatione
917 4546 936 4583 a
958 4529 1084 4602 capitulo
1106 4530 1331 4590 constituuntur.

288 4660 511 4722 MCCCCLXX
533 4673 652 4740 octavo,
677 4669 753 4728 feria
778 4673 870 4731 tercia
888 4672 1014 4731 infesto
1032 4677 1339 4737 commemorationis
1354 4681 1456 4739 sancti

182 4763 272 4823 Pauli
301 4771 444 4843 apostoli,
474 4772 524 4830 bic
552 4773 585 4832 in
615 4777 763 4849 sacristia,
796 4779 932 4837 dominis
961 4779 1000 4837 ad
1032 4780 1092 4839 hoc
1122 4783 1303 4856 specialiter
1325 4800 1454 4861 congre-

182 4873 270 4945 gatis,
295 4874 455 4936 videlicet:
479 4879 603 4954 lectore,
620 4889 753 4957 cantore,
769 4886 976 4958 suffraganeo,
989 4886 1323 4965 dubicensissemlek,
1339 4891 1454 4968 Vaska,
