3278 5348
202 396 264 458 160
616 399 689 457 Doc.
713 412 782 459 120.
803 431 841 442 -
866 395 1039 478 Are1438.

199 613 276 687 ipsis
308 612 446 686 recipere
479 618 509 669 et
539 611 643 686 ipsum
674 615 865 674 territorium
888 619 995 673 contra
1018 615 1195 690 predictum
1218 617 1394 693 capitulum
1416 616 1464 676 de

199 720 334 790 fensare;
357 720 464 794 plures
486 719 586 776 minas
603 719 719 778 eisdem
744 721 878 780 dominis
902 719 941 779 de
963 720 1047 780 dicto
1069 722 1207 797 capitulo
1227 723 1348 783 ibidem
1381 725 1464 799 inpo

198 833 313 885 nentes.
346 825 486 883 Tandem
518 827 657 899 sequenti
692 827 742 886 die
776 828 808 886 in
838 826 917 885 festo
950 826 1039 886 beate
1063 829 1259 901 Margarethe
1282 830 1415 903 virginis
1436 836 1466 887 et

199 934 335 991 martiris
358 933 502 991 similiter
523 931 633 991 eodem
657 949 745 1006 anno,
772 949 834 1008 quo
858 933 908 991 die
926 933 1072 992 videlicet
1088 934 1119 992 in
1135 934 1204 1008 ipsa
1220 934 1347 993 civitate
1363 933 1466 994 forum

198 1039 329 1098 annuale
353 1054 406 1096 seu
429 1038 563 1096 nundine
586 1055 658 1097 curn
682 1041 791 1099 ceteris
813 1041 995 1099 libertatum
1017 1041 1226 1115 prerogativis
1256 1056 1276 1099 a
1312 1040 1367 1101 diu
1389 1041 1467 1100 cele·

198 1147 283 1205 brari
306 1145 544 1215 consuevissent,
567 1145 646 1203 hora
670 1161 881 1220 vesperarum,
905 1146 981 1204 dum
1007 1147 1069 1221 ipsi
1091 1145 1210 1204 domiui
1240 1146 1279 1204 de
1311 1145 1396 1206 dicto
1418 1163 1465 1206 ca·

197 1254 298 1329 pitulo
333 1267 405 1309 curn
439 1250 524 1309 clero
556 1251 654 1324 ipsius
688 1253 816 1327 capituli
840 1252 1055 1326 vespertinum
1080 1251 1219 1311 officium
1243 1252 1467 1324 decantassent,

197 1359 330 1434 predicti
353 1359 437 1415 cives
458 1363 488 1414 et
511 1357 660 1431 hospites,
685 1363 714 1414 et
737 1359 892 1431 signanter
916 1359 948 1416 in
970 1358 1076 1432 platea
1091 1366 1233 1416 sutorum
1258 1358 1290 1415 in
1313 1358 1468 1417 suburbio

197 1466 277 1524 dicte
301 1465 435 1522 civitatis
468 1470 704 1535 commorantes,
735 1464 916 1522 coadunatis
945 1465 1006 1522 sibi
1027 1465 1186 1523 nonnullis
1216 1465 1398 1523 hominibus
1421 1463 1466 1523 fo·

196 1572 347 1660 rensibus,
373 1571 427 1644 qui
449 1569 488 1627 ad
513 1569 690 1627 huiusmodi
712 1570 865 1628 nundinas
889 1586 942 1628 seu
966 1569 1071 1628 forum
1094 1569 1226 1628 annuale
1242 1571 1311 1645 ipso
1329 1570 1380 1629 die
1396 1570 1466 1629 festi

197 1680 286 1736 beate
317 1676 513 1749 Margarethe
542 1676 673 1748 virginis
704 1677 735 1733 in
762 1676 845 1734 dicta
868 1677 993 1734 civitate
1016 1678 1169 1735 celebrari
1191 1676 1310 1748 solitas,
1335 1675 1466 1735 fuissent

195 1785 383 1857 congregati,
413 1800 451 1841 ex
486 1789 691 1857 preconcepta
721 1798 739 1839 a
774 1783 827 1840 diu
850 1790 957 1840 contra
980 1783 1143 1841 ecclesiam
1166 1782 1405 1855 zagrabiensem
1429 1797 1465 1840 ac

195 1891 367 1964 capitulum
402 1896 432 1947 et
467 1889 586 1946 clerum
624 1888 762 1946 eiusdem
784 1889 913 1946 ecclesie
936 1890 1073 1979 rancoris
1096 1888 1229 1959 malicia,
1253 1889 1398 1946 manibus
1414 1903 1464 1947 ar·

195 2000 286 2056 matis
309 2006 339 2056 et
362 1997 558 2071 potenciariis
581 1995 620 2053 ad
645 1995 820 2068 predictum
844 1997 1016 2070 capitulum
1040 2002 1147 2054 contra
1172 1996 1333 2054 libertates
1351 2008 1460 2053 eorum

195 2112 224 2163 et
259 2112 360 2162 cetera
394 2110 481 2177 pacta
518 2102 603 2177 pacis
637 2108 666 2159 et
702 2102 866 2160 concordie
897 2103 1102 2176 interipsum
1124 2102 1298 2176 capitulum
1322 2106 1353 2158 et
1379 2101 1471 2158 cives·

194 2211 389 2284 temporibus
420 2209 580 2266 retroactis
612 2209 707 2265 innita
739 2217 769 2266 et
805 2208 894 2280 facta,
920 2210 1132 2282 vigorosisque
1157 2208 1267 2265 litteris
1289 2208 1350 2266 sub
1372 2207 1464 2266 certis

193 2318 280 2391 penis
305 2318 335 2373 iu
359 2313 475 2373 eisdem
507 2315 661 2387 expressis
685 2312 817 2385 firmata,
841 2331 899 2389 per
920 2315 1004 2389 ipsos
1027 2316 1111 2373 cives
1132 2313 1196 2390 jam
1220 2313 1325 2387 sepius
1349 2321 1380 2370 et
1402 2314 1463 2386 sig·

192 2430 300 2481 nanter
335 2429 475 2495 tempore
502 2420 727 2477 combustionis
761 2420 929 2478 domorum
959 2421 1177 2479 canonicorum
1208 2418 1246 2477 de
1270 2419 1353 2477 dicto
1377 2420 1460 2495 capi·

192 2531 258 2588 tulo
290 2545 345 2601 per
380 2527 504 2585 eosdem
534 2527 616 2584 cives
647 2525 687 2583 ad
718 2532 790 2584 tunc
824 2526 913 2597 facta,
937 2542 1012 2584 ausu
1037 2527 1210 2598 temerario
1226 2526 1462 2600 voluntateque,

192 2651 286 2692 manu
309 2634 463 2692 hostiliter
487 2631 708 2702 descendendo,
725 2633 889 2706 curiasque
912 2641 941 2690 et
964 2633 1074 2692 domos
1097 2633 1317 2691 canonicorum
1338 2647 1462 2691 eorum·

191 2741 263 2798 dem
287 2749 315 2796 et
339 2741 494 2812 signanter
518 2739 718 2797 dominorum
742 2740 879 2798 Ladislai
903 2740 941 2797 de
972 2740 1112 2797 Davvoch
1142 2715 1461 2814 predictistephani

191 2845 328 2903 Farkasii
352 2844 559 2901 archidiaconi
582 2845 620 2901 de
644 2845 760 2917 Bexyn,
784 2846 924 2918 magistri
948 2845 1109 2903 Michaelis
1132 2844 1268 2903 doctoris
1299 2846 1376 2902 artis
1398 2861 1461 2903 me·

190 2952 289 3010 dicine
313 2959 342 3009 et
365 2952 513 3033 Johannis
544 2952 677 3008 cantoris
700 2951 839 3009 eiusdem
863 2952 989 3009 ecclesie
1012 2952 1190 3009 immaniter
1219 2950 1398 3009 invadendo
1432 2956 1462 3008 et

188 3058 400 3128 subintrando,
425 3073 508 3114 seras
524 3065 553 3114 et
570 3057 738 3128 clausuras,
761 3073 879 3115 necnon
903 3057 1002 3115 hostia
1028 3057 1195 3115 domorum
1218 3064 1249 3115 et
1272 3057 1460 3115 celariorum

188 3163 426 3236 confrangendo‚
450 3164 644 3234 lectisternia,
669 3164 841 3236 pluynaria,
871 3162 985 3234 lardos‚
1016 3163 1155 3236 aliasque
1186 3180 1236 3222 res
1259 3169 1290 3221 et
1311 3163 1395 3222 bona
1429 3163 1461 3221 in

189 3272 305 3328 eisdem
330 3270 475 3327 domibus
498 3284 606 3326 eorum
627 3278 776 3343 repertas,
792 3270 924 3339 inventa,
941 3268 1099 3327 afferendo
1116 3274 1146 3327 et
1162 3268 1362 3343 asportando,
1380 3268 1460 3327 duos

188 3376 357 3434 familiares
380 3375 522 3446 magistri
543 3376 652 3457 Jacobi
677 3375 715 3433 de
737 3375 896 3445 Zerdahel,
921 3375 1067 3433 videlicet
1096 3376 1247 3433 Mathiam
1278 3381 1308 3434 et
1340 3375 1460 3449 Grego-

187 3483 278 3552 rium,
301 3483 376 3539 item
400 3491 533 3554 quatuor
556 3481 725 3539 familiares
749 3483 891 3555 magistri
908 3481 1026 3540 Nicolai
1044 3482 1179 3552 Almaui,
1195 3482 1313 3540 scilicet
1329 3481 1459 3553 Lucam,

186 3587 386 3661 Stephanum,
404 3588 535 3644 Paulum
560 3594 589 3644 et
606 3588 749 3658 Petrum;
773 3590 846 3646 item
871 3588 1040 3646 familiares
1057 3588 1176 3645 domini
1191 3587 1320 3659 Thorne,
1337 3587 1458 3647 domini

188 3694 337 3767 prepositi
362 3694 543 3764 bachiensis,
567 3696 785 3753 canonicorum
810 3696 937 3753 ecclesie
959 3695 1175 3767 zagrabiensis,
1190 3694 1340 3767 gravibus
1363 3694 1458 3767 sagit·

186 3808 287 3858 tarum
311 3801 422 3858 ictibus
447 3801 581 3858 letaliter
603 3802 817 3858 vulnerassent
841 3808 870 3858 et
894 3801 1033 3873 Gywrah
1056 3800 1202 3858 villicum
1224 3799 1344 3857 domini
1368 3799 1454 3858 Petri

186 3907 361 3964 dubicensis
385 3912 414 3963 et
438 3907 632 3963 Demetrium
655 3905 853 3981 jobagionem
877 3907 1019 3980 magistri
1040 3905 1167 3978 Georgii
1184 3904 1222 3963 de
1246 3905 1394 3963 Marocha
1416 3905 1457 3963 si·

185 4015 301 4072 militer
323 4014 540 4070 canonicorum
564 4014 692 4071 ecclesie
726 4014 873 4079 eiusdem,
909 4013 1078 4071 miserabili
1113 4028 1188 4070 nece
1214 4012 1454 4082 interemissent;

185 4121 376 4177 Anthonium
400 4121 516 4177 dictum
541 4120 677 4191 Twwalr,
701 4119 899 4195 johagionem
914 4119 1079 4178 memorati
1101 4117 1220 4177 domini
1243 4117 1359 4175 Mathie
1384 4133 1454 4192 pre·

184 4226 277 4299 positi
300 4227 331 4282 in
355 4227 445 4282 Elues
469 4233 714 4283 commorantem
736 4226 811 4283 diris
835 4232 865 4283 et
888 4227 1035 4283 letalibus
1060 4225 1173 4283 ictibus
1194 4224 1367 4297 sagitarum
1382 4225 1456 4282 afle-

184 4332 295 4389 cissent
318 4338 347 4389 et
371 4349 425 4405 per
451 4332 625 4406 predictum
650 4334 821 4406 capitulum
848 4333 1004 4390 discursus
1036 4331 1185 4400 faciendo
1208 4330 1370 4404 replicatis
1394 4331 1456 4389 cla·

183 4439 332 4506 moribus,
362 4439 578 4496 vociferando:
601 4440 775 4498 sacerdotes
810 4440 985 4497 interficite!
1009 4440 1117 4514 plures
1151 4453 1188 4495 ex
1224 4438 1300 4510 ipsis
1334 4436 1457 4494 civibus

183 4544 341 4617 usquead
365 4545 467 4617 ipsam
491 4547 656 4603 ecclesiam
680 4545 896 4604 kathedralem
920 4547 1127 4603 cucurrissent
1150 4552 1181 4602 et
1211 4542 1378 4602 nonnullas
1410 4556 1458 4599 sa·

182 4651 274 4723 gittas
309 4666 362 4706 seu
398 4651 476 4708 ictus
511 4652 695 4723 sagittarum
730 4654 761 4710 in
797 4655 896 4727 ipsam
931 4652 1094 4709 ecclesiam
1129 4666 1183 4708 seu
1205 4650 1271 4707 eius
1295 4656 1398 4707 turres
1420 4662 1457 4706 ac

182 4755 334 4830 quosdam
358 4756 501 4814 dominos
525 4757 562 4814 de
587 4759 724 4832 capitulo
748 4758 895 4832 predicto
921 4758 975 4830 qui
998 4758 1043 4816 ibi
1075 4756 1149 4831 fuge
1180 4755 1320 4832 presidio
1351 4755 1455 4814 auffu-

180 4864 295 4937 gissent
319 4863 482 4934 emitend0,
499 4871 529 4921 et
551 4865 610 4922 nisi
635 4865 695 4939 ipsi
719 4864 837 4922 domini
860 4872 889 4921 et
913 4864 1051 4922 canonici
1075 4863 1113 4920 de
1144 4861 1285 4938 predicto
1314 4861 1458 4937 capitulo
