3256 5346
284 455 347 524 526
678 449 817 508 Addenda
840 462 867 509 2.
893 481 933 490 -
957 449 1012 509 An.
1036 445 1128 526 1436.

284 675 315 729 et
338 668 446 727 tribuli
469 667 645 739 statucione,
662 680 721 740 pro
739 665 856 723 eisdem
876 664 1011 724 dominis
1035 664 1074 724 de
1098 665 1181 725 dicto
1204 667 1344 741 capitulo
1359 665 1552 745 zagrabiensi

284 789 402 834 necnon
434 779 553 832 rectore
584 773 732 847 prelibati
755 772 862 830 altaris
884 776 988 830 sancte
1010 772 1110 830 crucis
1133 772 1191 831 rite
1217 771 1297 831 iacta
1328 770 1487 842 confectis,
1510 777 1552 829 te·

284 896 397 938 norum
431 878 708 948 subnotandorum,
743 877 924 951 supplicans
955 877 1067 936 exinde
1097 877 1182 936 idem
1211 878 1350 937 Thomas
1390 876 1551 949 archidya-

285 1001 380 1044 conus
410 992 440 1044 et
463 987 636 1055 canonicus,
660 999 778 1043 necnon
801 991 903 1043 rector
926 985 1093 1058 prescripti
1116 984 1224 1043 altaris
1248 990 1353 1043 sancte
1375 983 1478 1042 crucis
1497 997 1551 1040 suo

286 1100 316 1151 et
349 1093 561 1167 predictorum
593 1091 793 1149 dominorum
827 1088 866 1148 de
890 1090 973 1148 dicto
997 1091 1135 1164 capitulo
1157 1090 1350 1163 zagrabiensi
1372 1089 1551 1148 nominibus

286 1205 315 1255 et
347 1199 379 1256 in
413 1197 553 1272 personis
584 1197 737 1254 maiestati
767 1202 870 1254 nostre
905 1197 1066 1255 humiliter
1097 1205 1127 1255 et
1160 1196 1280 1266 devote,
1303 1201 1339 1254 ut
1362 1197 1419 1253 has
1443 1196 1549 1253 ambas

286 1304 406 1361 litteras
429 1303 567 1360 annotati
589 1303 719 1376 capituli
742 1304 930 1360 chasmensis
952 1304 1166 1377 privilegiales
1188 1304 1302 1362 nostris
1325 1302 1440 1361 litteris
1463 1301 1546 1359 slmi-

286 1410 358 1467 liter
390 1408 639 1482 privilegialibus
671 1409 842 1466 verbaliter
864 1409 958 1467 inseri
980 1416 1012 1467 et
1034 1410 1148 1467 ascribi
1172 1408 1328 1480 facientes,
1352 1423 1412 1482 pro
1435 1407 1549 1465 eisdem

286 1515 420 1572 dominis
452 1514 491 1572 de
525 1512 654 1571 iamfato
685 1515 823 1588 capitulo
853 1515 1055 1588 zagrabiensi,
1078 1530 1195 1573 necnon
1218 1516 1310 1573 altari
1335 1519 1500 1588 prenotato
1521 1522 1549 1570 et

285 1621 399 1680 rectori
422 1620 560 1679 eiusdem
579 1635 637 1694 pro
653 1627 794 1695 ternpore
817 1622 983 1679 constituto
1007 1622 1205 1695 perhenniter
1227 1622 1379 1679 valituras
1403 1620 1550 1679 innovan-

287 1735 340 1796 tes,
365 1725 550 1784 confirmare
574 1741 610 1783 ac
632 1726 812 1784 huiusmodi
835 1725 1036 1784 donacionem
1060 1733 1091 1784 et
1113 1727 1386 1802 perpetuacionem
1412 1726 1548 1800 ipsarum

288 1832 527 1907 possessionum,
546 1832 716 1905 tributique
728 1833 855 1891 antelati
871 1847 927 1907 per
950 1837 1130 1891 annotatum
1152 1833 1355 1906 Rodolphum
1380 1830 1480 1903 factis,
1495 1844 1547 1888 no

285 1944 384 1996 strum
416 1938 538 2010 regium
569 1938 753 1996 benivolum
785 1953 968 1996 consensum
999 1938 1149 1996 adhibere
1172 1937 1374 2010 dignaremur
1397 1944 1428 1995 et
1450 1950 1549 1994 assen-

286 2061 364 2103 sum.
396 2043 667 2118 Quarumquidem
692 2045 866 2102 litterarum
883 2046 1036 2117 prenotati
1060 2044 1189 2118 capituli
1212 2043 1341 2101 ecclesie
1363 2042 1550 2100 chasmensis

285 2152 376 2209 unius
402 2149 613 2224 privilegialis
637 2151 740 2208 littere
762 2159 850 2208 tenor
872 2151 898 2208 is
920 2157 982 2209 est:
1005 2144 1091 2228 (vide
1113 2149 1191 2209 Doc.
1216 2163 1265 2218 75.
1288 2164 1358 2206 ann
1385 2161 1479 2224 ¹434·
1500 2145 1549 2204 die

289 2270 337 2326 25·
361 2249 457 2340 Julii).
481 2255 620 2313 Alterius
643 2270 719 2313 vero
743 2254 882 2313 eiusdem
906 2255 1035 2330 capituli
1058 2255 1201 2314 similiter
1217 2252 1427 2328 privilegialis
1449 2255 1550 2313 littere

286 2362 477 2421 continencia
500 2362 641 2420 verbalis
665 2367 710 2420 est
733 2362 825 2420 talis:
849 2356 934 2441 (vide
957 2363 1033 2421 Doc.
1057 2357 1107 2433 78,
1131 2377 1199 2420 ann.
1226 2375 1319 2437 1434.
1333 2360 1385 2419 die
1410 2374 1460 2434 23,
1483 2375 1549 2434 sep·

287 2460 439 2546 tembris).
473 2467 538 2525 Nos
572 2468 666 2539 igitur
700 2466 895 2539 humillimis,
931 2467 1113 2543 devotisque
1140 2467 1322 2527 huiusmodi
1344 2467 1548 2541 peticionibus

286 2573 360 2632 dicti
393 2574 531 2632 Thomae
570 2571 789 2645 archidyaconi
820 2588 857 2631 ac
889 2575 1029 2633 canonici
1050 2581 1081 2632 et
1103 2575 1232 2634 rectoris
1254 2573 1362 2633 altaris
1386 2569 1550 2647 prescripti

286 2694 342 2736 suo
372 2687 402 2737 et
432 2678 644 2752 predictorum
679 2677 878 2736 dominorum
901 2680 1120 2739 canonicorum
1143 2680 1308 2739 memorati
1330 2680 1461 2753 capituli
1484 2692 1550 2753 pre·

286 2786 383 2845 libate
413 2784 540 2843 ecclesie
570 2785 778 2857 zagrabiensis
809 2786 988 2845 nominibus
1020 2802 1077 2860 per
1099 2788 1203 2861 ipsum
1221 2791 1328 2845 nostre
1349 2786 1446 2845 modo
1469 2790 1549 2843 ante·

287 2892 370 2950 dicto
401 2898 543 2965 porrecte
567 2890 720 2948 maiestati
751 2888 924 2964 benigniter
954 2891 1107 2950 exauditis
1129 2900 1160 2951 et
1182 2892 1334 2962 admissis,
1357 2893 1546 2967 prescriptos

288 2998 364 3056 duas
388 2998 507 3055 litteras
542 2997 688 3069 prelibati
720 2997 850 3069 capituli
872 2998 1060 3056 chasmensis
1084 2998 1305 3073 privilegians,
1327 3012 1390 3056 non
1415 2999 1549 3066 abrasas,

286 3120 348 3164 non
371 3104 567 3175 cancellatas,
590 3104 693 3161 necin
714 3104 820 3177 aliqua
838 3119 946 3162 earum
970 3110 1059 3178 parte
1082 3104 1219 3176 viciatas,
1242 3103 1296 3162 sed
1312 3105 1400 3162 omni
1424 3116 1549 3178 prorsus

286 3213 367 3270 vicio
391 3210 575 3284 suspicionis
598 3216 746 3281 carentes,
763 3211 1021 3284 presentibusque
1040 3211 1152 3268 litteris
1164 3211 1277 3268 nostris
1298 3209 1550 3284 privilegialibus

287 3317 474 3375 verbotenus
513 3317 577 3373 sine
610 3316 819 3374 diminucione
846 3324 876 3376 et
908 3323 1075 3389 augmento
1105 3317 1237 3391 aliquali
1267 3317 1408 3388 insertas,
1448 3313 1549 3389 quoad

286 3438 393 3480 omnes
423 3423 563 3495 ipsarum
593 3423 808 3491 continencias,
845 3423 1000 3481 clausulas
1021 3429 1052 3482 et
1073 3423 1230 3494 articulos,
1252 3429 1379 3480 eatenus
1402 3430 1551 3495 quatenus

286 3529 395 3586 eedem
419 3528 483 3586 rite
515 3539 545 3586 et
575 3529 776 3586 inviolabiter
807 3537 947 3586 emanate
978 3536 1057 3601 sunt,
1088 3530 1272 3601 viribusque
1304 3543 1414 3586 earum
1437 3528 1551 3586 veritas

287 3636 483 3708 suffragatur,
515 3641 722 3707 acceptamus,
746 3637 960 3709 approbamus
982 3643 1013 3693 et
1035 3635 1244 3705 ratificamus;
1266 3635 1549 3707 nichilominusque

287 3743 327 3799 ob
351 3741 524 3799 remedium
547 3741 656 3798 salutis
680 3741 782 3798 anime
805 3748 908 3799 nostre
927 3743 1021 3800 simul
1038 3758 1110 3800 cum
1134 3741 1303 3799 donacione
1326 3756 1363 3798 ac
1387 3748 1550 3814 perpetua·

286 3848 382 3914 cione,
406 3849 636 3921 statucioneque
659 3848 899 3920 possessionaria
922 3855 952 3905 et
976 3849 1140 3906 tributaria
1174 3848 1307 3921 aliisque
1339 3848 1490 3905 omnibus
1522 3850 1549 3901 et

286 3954 416 4025 singulis
448 3954 607 4025 premissis
630 3955 772 4026 superius
797 3955 826 4011 in
850 3954 990 4027 ipsarum
1014 3953 1168 4012 dictarum
1191 3954 1368 4012 litterarum
1392 3953 1551 4012 tenoribus

288 4060 383 4116 lacius
415 4058 578 4131 explicatis
610 4066 641 4116 et
671 4060 830 4130 contentis,
862 4061 979 4116 cunctis
1009 4059 1124 4118 eisdem
1156 4066 1298 4118 nostrum
1321 4060 1446 4132 regium
1469 4059 1551 4117 beni·

288 4166 395 4222 volum
420 4180 602 4222 consensum
627 4166 789 4223 uberalem
814 4167 931 4239 pariter
954 4171 985 4224 et
1007 4181 1165 4224 assensum
1190 4165 1377 4237 exhibendo,
1401 4178 1550 4224 merano·

286 4277 348 4328 stra
371 4272 528 4344 imperiali
544 4281 573 4329 et
589 4273 688 4343 regali
703 4274 884 4329 auctoritate
907 4280 937 4330 et
960 4273 1121 4346 potestatis
1136 4272 1331 4347 plenitudine
1345 4287 1386 4330 ex
1406 4280 1549 4344 certaque

285 4385 388 4433 nostre
412 4378 580 4433 maiestatis
596 4379 725 4435 sciencia
739 4393 856 4435 necnon
879 4378 917 4435 de
941 4393 1091 4436 consensu
1116 4383 1146 4436 et
1170 4379 1331 4437 voluntate
1355 4380 1549 4437 serenissime

287 4483 435 4556 principis
468 4482 594 4539 domine
626 4483 761 4541 llarbare
785 4486 899 4556 regine,
923 4486 1074 4543 consortis
1097 4492 1201 4543 nostre
1224 4485 1392 4555 carissime,
1417 4485 1549 4558 prelato

286 4604 482 4661 rumquoque
515 4597 544 4645 et
578 4591 731 4647 baronum
768 4601 946 4648 nostrorum
982 4591 1111 4649 consilio
1140 4597 1322 4665 prematuro
1350 4604 1410 4664 pro
1442 4589 1550 4649 iisdem

287 4694 420 4751 dominis
443 4697 596 4753 canonicis
613 4697 651 4753 de
675 4704 813 4769 pretacto
836 4698 974 4770 capitulo
998 4697 1077 4755 dicte
1100 4698 1227 4756 ecclesie
1242 4696 1462 4770 nagrabiensis,
1485 4710 1551 4755 nec·

287 4815 346 4856 non
369 4799 460 4857 altari
484 4812 587 4859 sancte
619 4803 717 4859 crucis
742 4802 890 4875 predicto,
914 4819 950 4861 ac
973 4804 1087 4862 rectori
1109 4805 1208 4877 ipsius
1232 4817 1290 4878 pro
1313 4809 1459 4879 tempore
1481 4819 1551 4862 con·

285 4905 390 4962 stituto
414 4912 563 4979 perpetue
586 4909 737 4965 valituras
760 4909 936 4967 innovando
959 4910 1190 4980 confirmamus,
1214 4925 1251 4968 ac
1265 4911 1458 4969 roboramus
1483 4925 1551 4985 pre·
