3278 5348
607 351 682 413 Doc.
706 359 776 427 279.
798 382 842 394 -
864 350 921 409 An.
945 361 1033 427 1472.

781 561 868 631 279.

299 703 379 752 Anno
401 716 476 767 1472,
498 715 519 756 1.
539 703 663 766 Augusti.
684 702 831 766 Iagrsbiee.

235 831 368 888 Andreas
391 828 429 889 de
452 829 555 888 Zelino
571 829 801 905 praebendarius
817 836 939 905 propter
953 838 1066 904 pravos
1088 848 1180 888 mores
1197 832 1401 904 proscribitur.

299 978 388 1034 Anno
408 975 526 1033 domini
543 975 714 1033 millesimo
737 973 1042 1048 quadringentesimo
1065 975 1298 1048 septuagesimo
1315 975 1446 1044 secundo,

192 1082 261 1153 ipso
284 1080 333 1139 die
357 1081 395 1139 ad
422 1082 543 1139 vincula
565 1081 662 1139 sancti
684 1081 775 1151 Petri,
799 1095 855 1138 nos
878 1081 998 1138 domini
1020 1079 1220 1155 infrascripti,
1245 1081 1448 1154 capitulariter

192 1188 377 1259 congregati,
415 1188 643 1245 considerantes
682 1187 905 1245 nonnullorum
941 1186 1221 1261 prebendariorum
1256 1192 1288 1243 et
1324 1187 1446 1244 aliorum

191 1293 390 1350 subditorum
423 1300 601 1351 nostrorum
639 1308 742 1350 mores
773 1300 803 1350 et
837 1294 934 1350 vitam
970 1292 1204 1363 incorregibiles
1243 1297 1273 1348 et
1311 1291 1449 1350 scandala

191 1413 252 1455 non
283 1399 386 1455 solum
409 1400 440 1455 in
471 1399 555 1455 clero
586 1397 639 1454 sed
671 1398 768 1455 eciam
800 1399 830 1455 in
865 1399 983 1471 populo
1007 1413 1045 1454 ex
1068 1396 1184 1454 eisdem
1210 1397 1354 1470 plurima
1374 1396 1449 1464 oriri

191 1504 414 1562 conclusimus:
438 1504 522 1578 quod
547 1504 585 1561 de
609 1511 710 1561 cetero
727 1505 915 1577 quicumque
932 1504 1042 1561 talium
1058 1505 1259 1576 reperiretur,
1283 1506 1448 1563 municione

191 1610 300 1667 saltem
334 1610 405 1667 bina
429 1611 469 1668 ad
494 1613 667 1668 maximum
692 1611 851 1683 premissa,
884 1617 913 1667 et
944 1611 1117 1684 presertim,
1142 1610 1196 1682 qui
1229 1609 1374 1668 dominos
1395 1625 1449 1667 non

191 1716 359 1774 honoraret
389 1724 441 1773 aut
465 1717 623 1788 aliquibus
648 1717 753 1773 verbis
774 1715 909 1773 afficeret
935 1715 1098 1784 iniuriosis,
1122 1729 1160 1773 ex
1184 1722 1257 1772 tunc
1283 1717 1353 1789 ipso
1375 1715 1447 1773 facte

192 1821 350 1893 prebenda
380 1823 447 1880 sive
480 1838 533 1879 ara
564 1829 617 1879 aut
647 1824 889 1894 aliquorumque
920 1821 1025 1879 officio
1048 1823 1079 1878 in
1102 1822 1169 1894 ipsa
1191 1823 1326 1880 ecclesia
1348 1822 1445 1879 habito

190 1927 230 1983 sit
252 1928 392 1999 privatus
416 1934 445 1985 et
469 1928 507 1984 de
531 1927 635 1984 medio
667 1928 796 2001 capituli
827 1929 990 1985 seiunctus.
1014 1928 1051 1984 Et
1074 1929 1147 2000 quia
1171 1926 1315 1986 Andreas
1338 1928 1376 1985 de
1401 1926 1448 1984 Ze·

191 2033 262 2102 lina,
286 2036 392 2106 quiet
423 2035 615 2092 baccalarius
644 2036 851 2092 communiter
881 2043 1084 2107 nuncupatur,
1109 2035 1162 2106 qui
1184 2040 1312 2091 actenus
1335 2035 1366 2092 in
1388 2049 1449 2108 pre·

190 2139 291 2196 benda
329 2142 469 2213 magistri
511 2142 638 2199 Fabiani
673 2141 711 2197 de
743 2142 894 2213 Royscha,
930 2155 991 2197 non
1024 2141 1066 2196 ob
1100 2141 1147 2196 sui
1181 2141 1364 2210 bonitatem,
1397 2138 1445 2197 sed

189 2253 319 2320 propter
352 2246 427 2304 dicti
461 2248 602 2319 magistri
642 2247 770 2304 Fabiani
804 2247 977 2304 amiciciam
1012 2254 1041 2303 et
1076 2245 1217 2302 favorem
1253 2247 1448 2315 tolerabatur,

188 2352 297 2409 multis
327 2353 444 2426 previis
479 2354 706 2410 monicionibus
737 2353 924 2420 salubribus,
957 2352 1015 2424 piis
1047 2367 1082 2408 ac
1118 2353 1264 2424 paternis,
1288 2360 1324 2409 ut
1354 2353 1445 2411 vitam

189 2458 376 2528 emendaret,
400 2466 542 2515 acusatus
566 2459 614 2529 sit,
637 2474 691 2516 nec
724 2458 812 2515 illam
845 2457 1045 2515 emmendare
1078 2457 1207 2526 curavit,
1241 2459 1318 2530 quin
1349 2459 1448 2532 pocius

190 2563 310 2621 indies
342 2564 475 2621 deterior
507 2564 560 2637 fit3
592 2566 713 2636 hiisque
736 2579 796 2621 non
819 2571 988 2631 contentus,
1012 2563 1062 2620 die
1086 2562 1236 2620 hodierna
1259 2570 1369 2636 aperto
1390 2579 1446 2635 ore,

188 2670 219 2726 in
241 2678 308 2726 estu
325 2671 489 2727 temerario
505 2678 535 2726 et
554 2670 672 2727 insultu
689 2670 847 2743 impudico
865 2671 895 2727 in
912 2668 1052 2727 medium
1074 2670 1172 2727 nostri
1195 2669 1334 2742 veniens,
1350 2670 1449 2744 plures

188 2791 226 2831 ex
256 2776 346 2833 nobis
375 2781 404 2831 et
435 2776 549 2832 nostris
572 2777 778 2833 irreverenter
802 2777 906 2833 verbis
929 2775 1104 2849 impudicis,
1128 2775 1301 2834 inhonestis
1325 2784 1356 2834 et
1377 2777 1449 2834 iniu-

187 2881 277 2937 riosis
306 2881 426 2949 affecit;
455 2882 597 2938 nolentes
629 2883 733 2954 itaque
757 2881 859 2939 eidem
883 2882 998 2940 similia
1031 2883 1096 2956 pati
1120 2881 1158 2938 de
1182 2887 1294 2952 cetero,
1318 2882 1443 2940 eundem

188 2985 269 3043 dicta
303 3002 357 3043 sua
392 2987 551 3061 prebenda
582 2987 771 3061 privandum
804 2988 950 3046 duximus
982 2994 1011 3046 et
1040 2987 1079 3046 de
1109 2987 1212 3045 medio
1247 2994 1356 3046 nostro
1379 3004 1444 3046 eru·

187 3091 315 3149 landum
350 3101 379 3150 et
414 3095 674 3167 proscribendum
708 3103 874 3168 perpetu0‚
909 3096 1007 3152 immo
1042 3096 1221 3167 privamus,
1256 3095 1446 3153 excludimus

186 3205 216 3254 et
241 3199 471 3270 proscribimus,
495 3202 656 3259 mandates
682 3211 821 3274 preterea
845 3204 903 3259 sub
927 3200 1035 3259 eadem
1059 3217 1138 3274 pena
1161 3201 1310 3259 omnibus
1335 3209 1366 3258 et
1387 3202 1441 3258 sin·

186 3304 268 3373 gulis
299 3302 413 3361 decano
442 3313 472 3361 et
504 3308 717 3378 prebendariis
748 3314 782 3364 ut
812 3307 944 3365 eundem
976 3307 1014 3363 de
1037 3312 1140 3365 cetero
1171 3308 1270 3364 vitent
1294 3315 1326 3364 et
1349 3310 1444 3381 ipsum

185 3408 328 3465 societate
351 3419 381 3466 et
404 3413 562 3468 consorcio
588 3415 710 3484 privent
733 3423 763 3470 et
786 3432 841 3471 nec
864 3416 923 3471 sibi
941 3415 1124 3486 hospicium,
1148 3413 1302 3471 auxilium
1327 3420 1358 3472 et
1373 3428 1437 3471 cou-

185 3514 291 3571 silium
322 3516 359 3571 de
390 3524 490 3574 cetero
527 3519 646 3577 saciant.
679 3522 738 3578 l’ro
770 3538 830 3594 qua
854 3522 1049 3579 conclusione
1073 3519 1177 3577 future
1200 3520 1333 3578 tenenda
1355 3536 1440 3579 uuus·

186 3621 316 3693 quisque
340 3631 479 3679 nostrum
505 3625 553 3680 hic
577 3642 608 3681 se
633 3642 726 3683 manu
752 3628 879 3700 propria
902 3628 1091 3700 subscripsit.

293 3774 421 3837 Mathyas,
447 3778 593 3838 prepositus
607 3779 773 3838 ehasmensis,
787 3797 863 3828 manu
877 3781 980 3844 propria
999 3781 1128 3837 Andreas,
1140 3780 1279 3829 archidiac.
1299 3781 1443 3831 dubicensu's

184 3878 217 3912 m.
237 3879 262 3926 p.
282 3864 417 3919 Martinus,
437 3864 631 3914 archidiaconus
657 3870 759 3917 Waslra
784 3886 815 3917 m.
838 3886 862 3934 p.
891 3871 1027 3933 Georgius,
1046 3869 1242 3919 archidiaconus
1262 3870 1295 3918 de
1314 3871 1398 3920 Bexin
1414 3885 1447 3921 m.

184 3967 208 4014 p.
234 3951 421 4012 Sigismundus,
450 3953 644 4003 archidiaconus
670 3957 696 4004 in
723 3959 824 4007 Varasd
852 3975 885 4009 m.
905 3974 930 4023 p.
950 3959 1086 4021 Georgius,
1106 3958 1302 4007 archidiaconus
1322 3960 1446 4008 Vrbovvcz

183 4055 216 4090 m.
235 4056 259 4103 p.
280 4040 415 4088 Ladislaus
435 4048 520 4090 custos
539 4045 712 4105 zagrabiensis
731 4062 763 4093 m.
785 4063 809 4111 p.
830 4047 961 4096 Fabianus
980 4048 1012 4095 de
1031 4047 1143 4112 Roycha
1161 4062 1193 4097 m.
1214 4062 1238 4111 p.
1259 4046 1341 4112 Elyas
1360 4053 1444 4096 custos

183 4128 340 4178 chasmensis
359 4137 384 4177 et
404 4146 456 4180 cun
477 4132 577 4193 zagrab.
598 4148 630 4183 m.
651 4150 675 4196 p.
696 4135 825 4183 Gerardus
845 4136 877 4183 de
896 4135 979 4183 Patalr
998 4152 1023 4183 m
1053 4152 1078 4200 p.
1097 4136 1211 4184 Thomas
1229 4135 1352 4201 Thompa
1369 4151 1402 4186 nt
1421 4150 1445 4199 p.

183 4218 329 4266 Demetrius
344 4218 453 4267 Seleticz
473 4234 505 4266 m.
526 4235 550 4282 p,
571 4220 684 4267 Michnel
704 4222 825 4270 Raffnicz
845 4239 869 4271 m
899 4240 923 4287 p.
945 4224 1075 4272 Fabianus
1095 4223 1128 4271 de
1148 4223 1244 4272 Zinche
1264 4238 1296 4274 m.
1317 4239 1343 4288 p.
1363 4224 1442 4271 Geor·

181 4306 239 4369 gius
258 4307 431 4372 Megysheyve
449 4324 481 4358 m.
503 4324 527 4373 p.

286 4485 365 4533 Liber
383 4486 477 4533 rubeus
496 4501 551 4534 ven.
573 4484 657 4550 Capit,
676 4488 777 4550 zagrab.
796 4490 828 4536 In
847 4490 941 4540 archiv.
962 4489 1021 4541 incl.
1042 4489 1120 4539 Acad.
1134 4488 1230 4538 Scient.
1245 4488 1346 4543 Slavor.
1358 4489 1446 4541 merid.
