3256 5346
242 673 361 730 litteras
393 679 422 728 et
453 672 600 730 litteralia
632 684 687 726 sua
718 670 919 725 instrumenta
951 669 1122 733 exhiberet,
1155 682 1190 723 ac
1222 666 1262 724 de
1281 667 1374 727 dictis
1399 668 1523 745 judiciis

243 793 356 837 novem
380 793 556 835 marcarum
573 782 719 834 annotato
741 773 873 832 condam
898 773 1027 830 domino
1051 773 1196 830 Michaeli
1219 774 1361 847 palatino
1386 784 1419 833 et
1444 777 1525 850 parti

241 884 372 942 adverse
402 883 600 945 satisfaceret.
632 883 710 939 bene
740 880 876 954 quidem.
909 876 1048 952 alioquin
1080 893 1142 936 non
1177 880 1321 937 obstante
1345 881 1447 954 ipsius
1469 883 1524 939 ab·

245 990 345 1048 sencio
370 996 399 1047 et
429 989 609 1060 rebellione,
641 987 724 1045 idern
754 986 898 1044 dominus
931 985 1062 1044 Michael
1094 985 1251 1059 palatinus
1281 1001 1374 1043 suum
1409 986 1524 1045 taceret

246 1111 337 1154 causa
360 1097 391 1154 in
424 1096 584 1170 premissa,
617 1101 711 1169 prout
741 1093 871 1151 dictaret
902 1092 980 1149 ordo
1002 1089 1089 1168 juris,
1113 1096 1143 1150 et
1167 1099 1237 1164 post
1260 1093 1319 1149 bec
1341 1092 1522 1151 huiusmodi

245 1201 455 1260 trinetorensis
490 1200 749 1275 proclamacionis
781 1199 894 1255 seriem
926 1213 997 1255 curn
1028 1197 1153 1255 nomine
1177 1197 1369 1270 proclamati
1393 1204 1521 1257 octavas

244 1307 283 1366 ad
308 1307 471 1381 predictas,
502 1315 535 1365 ut
558 1307 647 1364 fieret
679 1304 854 1378 expediens,
887 1302 970 1361 dicto
994 1301 1126 1361 condam
1152 1302 1280 1361 domino
1302 1302 1522 1380 Michaelipa·

246 1413 342 1470 latino
365 1415 572 1471 amicabiliter
605 1412 823 1470 rescriberetis.
849 1411 875 1467 Α
908 1411 1023 1482 quibus
1046 1408 1173 1466 tandem
1199 1412 1319 1468 octavis
1343 1410 1416 1469 testi
1441 1412 1523 1470 beati

246 1518 374 1591 Georgii
399 1519 535 1577 martiris
563 1519 714 1593 premissa
744 1516 990 1574 instrumentalis
1022 1515 1177 1573 exbibicio
1209 1522 1313 1589 partes
1336 1517 1419 1575 inter
1455 1532 1523 1591 pre·

246 1624 344 1683 dictas
366 1627 504 1683 seriebus
536 1625 710 1682 litterarum
735 1621 799 1697 jam
824 1621 878 1678 tati
903 1615 1037 1678 condam
1061 1619 1183 1679 domini
1206 1623 1367 1681 Michaelis
1390 1622 1521 1698 palatini

248 1732 462 1805 prorogatorie
486 1729 679 1789 ventillanda
697 1729 736 1786 ad
754 1736 879 1786 octavas
904 1726 972 1785 testi
986 1726 1231 1800 Epiphaniarum
1249 1727 1369 1786 domini
1394 1730 1426 1787 in
1442 1745 1522 1788 auno

249 1837 386 1895 eiusdem
411 1838 581 1895 millesimo
605 1836 911 1910 quadringentesimo
930 1835 1140 1906 octuagesimo
1156 1834 1260 1905 tercio,
1277 1835 1429 1909 preteriti,
1446 1836 1522 1895 dila·

248 1943 312 1999 tive
335 1942 516 2001 devenisset.
540 1942 665 2000 Eisdem
691 1942 825 2015 denique
851 1940 970 1998 octavis
993 1940 1188 2011 instantibus,
1211 1939 1352 2014 prefatus
1375 1943 1524 2016 magister

247 2049 402 2131 Johannes
426 2048 563 2121 Possgay
595 2064 652 2122 pro
677 2042 799 2122 pretato
823 2047 951 2105 domino
975 2051 1080 2104 nostro
1103 2060 1177 2118 rege
1200 2062 1274 2104 cum
1296 2049 1523 2120 procuratoriis

246 2155 359 2213 litteris
382 2154 519 2213 eiusdem
554 2155 687 2228 sepefati
711 2154 843 2212 condam
869 2153 987 2210 domini
1011 2153 1170 2210 Michaelis
1194 2154 1326 2227 palatini
1349 2157 1476 2214 veniens
1492 2157 1522 2214 in

248 2263 449 2334 presenciam,
473 2262 593 2319 litteras
613 2267 733 2319 vestras
757 2276 852 2333 supra
876 2260 1027 2332 premissa
1051 2259 1249 2317 trinatorensi
1271 2260 1522 2334 proclamacione

248 2368 393 2425 relatorie
417 2368 591 2441 rescriptas,
615 2366 717 2425 eidem
741 2366 870 2424 domino
895 2366 1038 2423 llichaeli
1063 2365 1201 2439 palatino
1225 2372 1469 2440 presentaverat,
1492 2370 1522 2427 in

250 2473 362 2545 quibus
379 2473 461 2531 idem
479 2474 623 2531 dominus
642 2474 772 2530 tliclrael
786 2473 943 2547 palatinus
961 2487 1016 2545 per
1032 2471 1244 2530 Balthasarem
1266 2472 1306 2530 de
1323 2473 1522 2546 Mylrcbowca

249 2594 340 2637 suum
376 2581 579 2652 palatinalem
611 2596 645 2637 ac
678 2580 866 2650 Gregorium
903 2579 1112 2652 presbiterum
1149 2578 1237 2636 chori
1268 2579 1399 2638 ecclesie
1421 2586 1523 2639 vestre

250 2685 500 2759 prebendarium,
527 2688 629 2758 primo
653 2685 729 2743 teria
754 2685 861 2758 quinta
887 2685 1029 2758 proxima
1054 2691 1124 2758 post
1147 2683 1260 2742 testum
1283 2688 1523 2746 resurreccionis

196 2779 204 2792 '
248 2791 382 2863 Domini,
396 2799 467 2848 tunc
484 2794 626 2865 proxime
640 2792 831 2864 preteritum,
844 2789 1131 2855 Chetbertbrekbel
1144 2790 1288 2863 secund0,
1301 2791 1353 2850 die
1365 2791 1522 2852 dominico

249 2898 427 2955 immediate
451 2901 600 2971 sequenti,
625 2905 735 2973 utputa
760 2900 791 2955 in
816 2906 924 2955 octava
950 2897 1020 2956 festi
1047 2897 1284 2956 resurreccionis
1307 2898 1438 2958 Domini
1454 2914 1523 2974 pre·

250 3006 323 3061 tacti
347 3005 377 3062 in
405 3005 510 3076 Wgra,
534 3008 629 3064 tercio
652 3021 727 3062 vero
750 3012 780 3062 et
804 3005 916 3062 ultimo
939 3003 1015 3061 feria
1032 3003 1166 3062 secunda
1189 3003 1338 3062 similiter
1362 3012 1436 3064 tunc
1451 3021 1524 3082 pro·

250 3111 333 3166 xime
357 3111 523 3168 inmediate
554 3119 733 3168 occurrente
764 3112 794 3168 in
820 3116 923 3167 monte
946 3108 1103 3180 Grecensi,
1127 3109 1254 3184 oppidis
1278 3117 1308 3168 et
1332 3113 1467 3183 civitate,
1490 3114 1521 3171 in

248 3216 348 3273 tribus
383 3216 526 3274 videlicet
564 3217 638 3274 toris
676 3216 995 3289 comprovincialibus
1030 3222 1240 3273 memoratum
1275 3218 1450 3300 Johannem
1483 3219 1522 3277 de

251 3320 469 3379 Zomzedtvara
500 3325 689 3397 proscriptas
720 3324 839 3380 litteras
870 3330 899 3379 et
923 3321 1070 3379 litteralia
1094 3337 1148 3379 sua
1173 3323 1377 3382 instrumenta
1400 3325 1522 3384 exhibi-

249 3433 354 3485 turum
379 3436 408 3486 et
432 3429 470 3486 de
494 3426 615 3503 judiciis
639 3445 750 3487 novem
767 3442 944 3485 marcarum
962 3427 1043 3485 dicto
1069 3426 1196 3486 domino
1213 3429 1359 3488 Michaeli
1383 3432 1522 3504 palatino

250 3540 280 3592 et
300 3537 380 3608 parti
413 3536 543 3593 adverse
573 3535 802 3593 satisfacturum
838 3538 944 3590 contra
977 3537 1159 3590 annotatum
1192 3532 1356 3593 dominum
1379 3542 1522 3595 nostrum

247 3657 361 3713 regern,
386 3648 530 3711 actorem,
556 3642 682 3714 publice
705 3647 734 3697 et
765 3637 927 3696 manifeste
951 3638 988 3695 ad
1015 3637 1170 3712 predictas
1192 3646 1318 3698 octavas
1343 3641 1415 3700 festi
1439 3643 1522 3701 beati

247 3747 372 3818 Georgii
391 3748 527 3805 martiris
541 3755 612 3804 tunc
630 3754 774 3802 venturas
790 3760 880 3800 suam
899 3745 1102 3816 palatinalem
1125 3745 1157 3802 in
1180 3747 1377 3819 presenciam
1395 3749 1522 3821 publice

247 3856 474 3927 proclamatum
508 3855 643 3911 extitisse
668 3852 890 3924 comperuisset
914 3851 1047 3919 seriose;
1069 3856 1098 3908 et
1121 3851 1163 3908 ab
1186 3851 1303 3909 eisdem
1327 3856 1448 3912 octavis
1469 3870 1522 3912 ex·

247 3957 363 4015 hibicio
393 3960 637 4016 instrumentalis
668 3963 828 4030 prenotata
860 3971 904 4025 eo,
929 3956 1011 4029 quod
1045 3949 1183 4029 prelatus
1205 3957 1361 4040 Johannes
1383 3959 1424 4018 de
1447 3961 1520 4019 Ore·

247 4063 353 4120 howcz
378 4081 435 4136 pro
459 4073 602 4120 annotato
624 4066 763 4145 Johanne
788 4064 968 4134 llennyngb‚
994 4063 1024 4118 in
1048 4077 1172 4120 causam
1196 4069 1336 4135 attracto,
1360 4081 1432 4123 cum
1450 4080 1522 4140 pro·

248 4171 409 4227 curatoriis
440 4169 549 4225 litteris
578 4171 705 4240 capituli
737 4170 865 4226 ecclesie
896 4169 1104 4241 zagrabiensis
1134 4177 1244 4241 vestre,
1279 4171 1364 4229 dicto
1386 4173 1521 4231 condam

248 4275 397 4331 Michaele
421 4275 558 4346 palatino
582 4289 772 4346 comparens,
794 4292 850 4331 nec
874 4277 973 4348 ipsam
999 4276 1265 4334 instrumentalem
1289 4278 1519 4337 exhibicionem

249 4377 349 4436 tacere
366 4386 395 4436 et
411 4395 511 4450 neque
526 4379 638 4453 judicia
657 4389 816 4452 prenotata
837 4383 1016 4455 persolvere
1033 4397 1124 4455 posse
1136 4381 1297 4454 iudicarat,
1314 4399 1372 4456 per
1386 4384 1520 4444 eundern

252 4484 382 4541 condam
409 4486 569 4542 dominum
594 4487 776 4544 llichaelem
796 4489 969 4561 palatinum
987 4488 1023 4545 ad
1049 4494 1175 4545 octavas
1199 4487 1269 4546 lesti
1293 4488 1376 4547 beati
1392 4489 1521 4564 Georgii

249 4591 394 4660 martiris,
418 4598 490 4648 tunc
515 4599 667 4662 venturas,
692 4610 762 4649 cum
786 4594 970 4667 deponendo
993 4593 1108 4668 judicio
1132 4595 1227 4652 trium
1246 4610 1433 4669 marcarum,
1450 4612 1521 4672 pre·

247 4697 348 4754 missis
371 4696 493 4771 judiciis
518 4701 547 4756 in
573 4699 695 4773 dupplo
719 4702 955 4772 acrescentibus,
979 4702 1131 4759 extitisset
1153 4702 1328 4775 protellata.
1352 4704 1379 4759 Α
1403 4703 1520 4776 quibus

245 4802 370 4875 quidem
395 4807 513 4862 octavis
538 4806 606 4864 testi
632 4808 712 4864 beati
737 4807 864 4879 Georgii
881 4809 1017 4865 martiris
1037 4808 1176 4881 primum
1200 4808 1425 4882 prememorati
1441 4809 1521 4867 olim

248 4908 365 4967 domini
379 4912 537 4969 Michaelis
551 4914 686 4985 palatini,
701 4916 829 4987 ipsoque
843 4930 859 4970 e
873 4915 975 4970 medio
989 4916 1125 4988 sublato,
1140 4913 1370 4987 magnificoque
1384 4914 1520 4973 condam
