3278 5348
591 471 665 530 Dec.
689 484 758 547 214„
784 504 818 513 —
849 472 906 527 An.
931 483 1022 548 1459.

775 679 856 746 214.

288 845 369 893 Auno
391 856 465 909 1459,
486 844 509 894 8.
528 843 597 893 maii.
617 841 703 893 Crisii.

183 971 227 1030 Ab
257 972 362 1042 Ulrico,
384 973 481 1028 comite
502 971 600 1040 Cilioe,
624 987 700 1028 novo
722 969 781 1025 dies
803 970 987 1026 constituitur
1007 970 1037 1025 in
1060 987 1160 1040 causo,
1182 989 1271 1044 quam
1288 971 1442 1046 Heningas

182 1079 216 1135 de
239 1077 334 1136 Sused
352 1079 452 1136 intulit
472 1078 667 1136 communitati
694 1077 827 1146 civitatis,
849 1094 924 1148 quot
947 1093 1051 1133 novom
1075 1077 1152 1134 otiam
1175 1079 1310 1147 muntbt't,
1343 1096 1378 1135 nc
1397 1085 1448 1151 pro

614 1200 703 1240 merce
725 1181 862 1239 tributum
884 1183 1016 1240 solveret.

289 1348 352 1405 Nos
383 1347 508 1403 Vlricus
532 1344 581 1402 dei
612 1344 717 1417 gracia
748 1343 836 1415 Cilie,
869 1344 1086 1416 Ortemburge,
1116 1343 1307 1418 Zagorieque
1339 1359 1447 1415 eomes,

181 1469 299 1513 necnon
311 1453 398 1526 regni
410 1451 574 1509 Sclauonie
588 1452 692 1508 banus.
718 1451 866 1509 Memorie
882 1449 1147 1520 commendamus,
1172 1450 1258 1523 quod
1270 1451 1362 1508 nobis
1373 1449 1447 1508 feria

182 1558 316 1618 secunda
340 1559 483 1633 proxima
506 1563 577 1632 post
599 1562 725 1616 octavas
756 1555 827 1614 festi
863 1556 944 1613 beati
968 1554 1095 1628 Georgii
1127 1556 1265 1613 martiris
1295 1571 1447 1614 unacum

181 1666 269 1739 regni
291 1665 451 1723 nobilibus
473 1678 531 1738 pro
562 1663 702 1722 faciendo
733 1662 928 1720 moderativo
951 1660 1067 1735 judicio
1101 1662 1298 1720 causancium
1323 1663 1355 1720 in
1378 1661 1447 1720 sede

181 1779 286 1831 nostra
308 1770 458 1847 judicaria
483 1769 669 1840 sedentibus,
693 1769 835 1842 egregius
859 1769 1033 1840 Hennyngh
1058 1767 1096 1826 de
1120 1767 1322 1826 Zomzedwar
1345 1784 1449 1842 perso-

182 1879 294 1937 naliter
316 1883 454 1935 nostram
485 1878 609 1934 veniens
644 1877 675 1933 in
706 1876 907 1949 presenciam,
931 1874 1128 1947 presentibus
1159 1880 1189 1933 et
1218 1889 1326 1933 coram
1359 1875 1447 1933 nobis

182 1985 353 2043 astantibus
386 1983 496 2054 Blasio,
532 1983 598 2040 filio
629 1981 726 2052 Pauli,
761 1981 901 2038 Corardo
934 1981 1071 2052 Rawsar,
1106 1990 1136 2038 et
1170 1981 1294 2038 Matheo
1320 1982 1448 2049 notario,

182 2091 303 2149 civibus
326 2091 459 2147 civitatis
481 2089 688 2161 zagrabiensis
711 2088 825 2145 montis
849 2087 1020 2159 Grecensis,
1043 2092 1150 2145 contra
1172 2085 1308 2157 eosdem,
1332 2101 1448 2144 necnon

183 2195 318 2272 jndicem
342 2204 371 2253 et
393 2194 519 2271 juratos,
544 2201 724 2267 ceterosque
747 2195 829 2252 cives
852 2199 882 2251 et
902 2194 1125 2251 inhabitatores
1151 2191 1291 2250 eiusdem
1315 2192 1449 2250 civitatis

183 2304 345 2375 proposuit
367 2318 403 2358 eo
427 2301 536 2359 modo:
561 2300 719 2373 quomodo
741 2300 833 2358 iidem
858 2299 961 2376 judex,
985 2298 1086 2375 jurati,
1106 2300 1252 2371 civesque
1274 2304 1306 2356 et
1329 2299 1448 2356 inhabi-

184 2415 297 2464 tatores
321 2409 534 2481 prenominate
557 2407 691 2464 civitatis
707 2406 914 2477 zagrabiensis
930 2407 1067 2463 obmissa
1084 2412 1114 2461 et
1131 2411 1309 2477 postergata
1339 2419 1449 2477 magna

184 2519 214 2569 et
238 2513 386 2586 pupplica
418 2516 468 2571 via
492 2514 530 2571 de
562 2513 643 2571 dicta
674 2513 798 2570 civitate
833 2512 1025 2583 zagrabiensi
1054 2526 1162 2568 versus
1194 2516 1332 2568 castrum
1358 2526 1446 2568 suum

184 2618 382 2676 Zomzedwar
407 2621 580 2693 predictum
612 2624 642 2677 et
672 2620 826 2676 tributum
857 2619 916 2675 sub
946 2617 1056 2675 eodem
1091 2622 1192 2674 castro
1216 2616 1299 2689 exigi
1323 2617 1448 2675 solitum

185 2722 321 2794 ducente,
346 2727 502 2797 quandam
526 2727 620 2783 aliam
643 2741 758 2783 novam
785 2726 864 2781 viam
891 2740 998 2781 versus
1023 2723 1248 2797 possessionem
1264 2721 1449 2796 Sthwbyeza

185 2837 214 2887 et
238 2831 277 2886 ab
301 2832 370 2888 inde
401 2833 438 2888 ad
469 2834 640 2905 Krapinam
672 2832 848 2889 tendentem
878 2831 1108 2889 adinvenientes
1139 2838 1169 2887 et
1199 2829 1260 2887 sibi
1292 2830 1371 2904 ipsis
1394 2830 1446 2888 eli·

191 2943 304 3008 gentes,
328 2944 390 2994 tam
417 2940 445 2995 in
469 2940 608 3012 predicto
639 2940 709 2997 loco
733 2940 829 3013 ipsius
849 2940 897 2996 sui
920 2939 1028 2997 tributi
1051 2938 1110 2995 sub
1133 2936 1216 2994 dicto
1239 2944 1341 2996 castro
1363 2938 1450 2996 Zom-

184 3042 307 3101 zedwar
330 3045 410 3114 exigi
433 3053 587 3116 consveto,
611 3062 706 3118 quam
723 3047 820 3103 eciam
837 3046 867 3101 in
884 3045 965 3102 dicta
981 3044 1043 3101 alia
1062 3059 1143 3101 nova
1166 3044 1217 3100 via
1245 3060 1301 3117 per
1325 3045 1448 3102 eosdem

185 3149 358 3217 adinventa,
383 3150 420 3206 de
451 3153 544 3208 rebus
567 3158 596 3209 et
626 3152 814 3210 animalibus
837 3153 978 3224 ipsorum
1010 3151 1173 3207 venalibus
1203 3165 1240 3207 ac
1270 3152 1449 3209 mercanciis

184 3257 300 3313 tributa
324 3255 383 3312 sibi
407 3265 435 3312 et
460 3259 522 3314 suis
547 3260 716 3316 tributariis
740 3258 814 3316 dare
838 3265 867 3315 et
887 3259 1049 3315 exsolvere
1064 3256 1193 3328 nollent,
1216 3265 1403 3329 recusarent,
1420 3259 1450 3316 in

185 3376 275 3418 suum
300 3361 503 3435 preiudicium
529 3370 559 3420 et
583 3364 756 3437 dampnum
781 3365 872 3422 valde
889 3379 1045 3436 magnum,
1070 3380 1107 3420 ex
1131 3370 1219 3436 parte
1243 3377 1380 3435 quorum
1397 3380 1450 3438 per

184 3483 240 3525 nos
263 3469 322 3525 sibi
345 3466 494 3544 judicium
511 3477 540 3526 et
563 3469 717 3545 justiciam
734 3472 904 3545 postulavit
928 3471 1089 3544 impertiri.
1113 3468 1183 3542 Quo
1206 3469 1314 3527 audito
1338 3469 1450 3543 prefati

186 3574 312 3647 Blasius,
348 3576 503 3634 Corardus
526 3584 556 3634 et
579 3579 718 3635 htathcus
753 3579 836 3635 cives
859 3580 890 3635 in
915 3579 1054 3651 ipsorum
1079 3592 1114 3633 ac
1149 3576 1303 3634 dictorum
1329 3576 1449 3652 judicis,

184 3682 368 3759 juratorum,
392 3684 587 3756 aliorumque
610 3685 725 3741 civium
750 3691 779 3742 et
816 3685 1059 3742 inhabitatorum
1088 3689 1223 3756 pretacte
1247 3683 1383 3741 civitatis
1405 3697 1450 3739 za·

186 3790 357 3862 grabiensis
381 3791 558 3847 nominihus
582 3798 611 3847 et
635 3792 664 3847 in
690 3792 830 3864 personis
847 3797 984 3848 nostram
1002 3793 1186 3861 exurgentes
1202 3788 1233 3845 in
1258 3790 1448 3862 presenciam

184 3895 409 3969 responderunt
433 3913 469 3952 ex
494 3897 640 3954 adverso:
670 3897 829 3969 quomodo
853 3898 920 3970 ipsi,
944 3895 1137 3970 pretactique
1159 3893 1262 3970 judex,
1277 3891 1380 3969 jurati,
1404 3910 1449 3953 ce·

185 4004 304 4075 terique
329 4004 410 4060 cives
434 4009 462 4059 et
484 4004 704 4060 inhabitatores
721 4004 800 4061 dicte
817 4004 950 4061 civitatis
966 4003 1173 4076 zagrabiensis
1196 4003 1276 4059 intra
1302 4002 1449 4060 terminos

185 4116 214 4167 et
238 4110 351 4167 limites
375 4110 462 4181 regni
481 4109 639 4181 Hungarie
663 4117 691 4167 et
717 4112 856 4183 parcium
892 4111 952 4167 sibi
986 4110 1198 4166 subiectarum
1230 4115 1296 4165 tam
1320 4107 1359 4165 de
1383 4124 1449 4182 per·

184 4218 275 4287 sonis,
310 4216 466 4289 quamde
497 4217 589 4272 rebus
619 4224 648 4273 et
680 4217 888 4273 mercimoniis
923 4232 1031 4273 eorum
1067 4214 1261 4288 quibuslibet
1295 4215 1448 4273 tributum

183 4324 306 4382 solvere
329 4338 389 4378 non
413 4327 594 4392 tenerentur,
612 4331 641 4378 et
665 4325 695 4380 in
717 4322 893 4379 huiusmodi
910 4322 1202 4395 comprobaeionem
1226 4320 1347 4380 litteras
1369 4321 1444 4379 olim

183 4430 370 4489 serenissimi
393 4429 542 4502 principis
565 4428 681 4485 domini
706 4429 777 4485 Bele
800 4429 881 4500 regis
905 4429 1008 4501 quarti
1030 4443 1110 4485 anno
1133 4426 1252 4484 domini
1275 4427 1445 4486 millesimo

184 4537 394 4595 ducentesimo
417 4536 609 4608 sexagesimo
633 4543 728 4606 sexto,
751 4551 832 4593 nono
856 4535 1004 4593 kalendas
1028 4534 1210 4606 decembris,
1235 4535 1323 4606 regni
1345 4541 1449 4592 autem

183 4646 231 4703 sui
253 4659 333 4701 anno
357 4643 512 4700 tricesimo
536 4643 638 4715 primo
662 4641 900 4714 privilegialiter
911 4646 1076 4712 emanatas,
1101 4639 1242 4714 dupplici
1263 4654 1322 4697 suo
1344 4641 1450 4714 sigillo

182 4751 336 4809 autentico
360 4750 492 4807 vallatas
516 4764 620 4805 coram
644 4748 733 4804 nohis
757 4754 903 4805 curarunt
925 4748 1080 4816 exhibere,
1105 4747 1137 4803 in
1161 4745 1275 4819 quibus
1298 4745 1380 4806 inter
1403 4763 1450 4807 ce·

183 4864 248 4916 tera
271 4859 328 4915 hec
350 4857 491 4913 clausula
514 4855 784 4913 adinveniebatur:
808 4855 894 4926 Item,
919 4855 1036 4912 tributa
1059 4851 1141 4911 infra
1160 4851 1280 4925 regales
1300 4854 1451 4914 terminos

182 4966 214 5024 in
237 4964 326 5023 nullo
349 4963 418 5021 loco
442 4964 563 5021 solvere
587 4968 753 5020 teneantur.
787 4961 908 5035 Quibus
931 4960 1077 5019 exhibitis
1111 4957 1251 5033 prefatus
1272 4959 1451 5036 Hennyngh
