3278 5348
525 279 601 339 Boe.
619 290 672 357 57.
688 275 745 355 58.
769 311 812 323 -
835 280 891 338 An.
915 290 1131 356 1430-1431.

794 490 852 560 5⁵1.

291 595 372 645 Anno
397 608 473 660 1430,
494 609 517 649 a.
537 595 635 662 aprilis.
654 597 806 662 Tymaviae.

288 688 444 749 Statuerat
466 691 684 765 sigismundus
707 708 762 750 rex
785 692 817 750 in
840 691 973 749 comitiis
997 689 1245 759 Posoniensibus,
1268 692 1303 744 ut
1329 692 1452 744 moneta

184 796 300 867 regalis
325 797 357 854 in
388 799 533 856 omnibus
569 804 635 857 tam
668 799 762 871 regiis
793 813 888 871 quam
919 797 1121 855 ecclesiarum
1152 801 1208 854 etc.
1240 792 1452 850 exactionibus

185 902 225 959 ita
258 910 373 973 currat,
404 910 437 961 ut
470 911 593 962 centum
624 903 762 980 majores
794 904 920 975 denarii,
951 904 1073 961 noviter
1104 902 1177 972 cusi,
1201 899 1325 958 valeant
1354 912 1451 956 unum

183 1006 339 1065 florenum
363 1010 439 1079 auri,
464 1009 503 1067 de
519 1010 580 1068 alia
597 1025 671 1068 vero
696 1005 808 1068 minori
831 1017 963 1080 moneta,
989 1009 1150 1083 quartinus
1173 1011 1290 1076 vocata,
1314 1019 1351 1062 eo
1375 1009 1452 1061 tem·

187 1128 265 1187 pore
289 1125 441 1186 currente,
464 1115 683 1188 quadringenti
717 1116 835 1174 denarii
869 1116 1014 1174 similiter
1043 1115 1176 1173 valeant
1208 1112 1342 1180 Interim,
1374 1123 1451 1182 quo·

183 1234 282 1292 usque
306 1217 406 1294 major
430 1227 460 1278 et
484 1221 586 1279 minor
609 1221 692 1280 dicta
715 1230 839 1280 moneta
862 1222 1133 1295 multiplicaretur,
1158 1234 1215 1293 pro
1238 1233 1301 1275 uno
1324 1215 1451 1273 denario

183 1323 297 1400 majori
321 1327 373 1383 vel
398 1332 532 1399 quatuor
553 1328 736 1399 minoribus,
760 1327 866 1385 decem
891 1327 1034 1385 denarios
1069 1332 1219 1395 monetae,
1254 1323 1364 1381 duccat
1394 1337 1451 1394 ap·

184 1431 331 1504 pellatae,
365 1433 448 1490 solvi
482 1433 604 1492 debere.
640 1434 673 1491 ln
707 1435 858 1491 comitatu
881 1434 985 1506 itaque
1016 1431 1208 1504 zagrabiensi
1243 1437 1272 1487 et
1303 1426 1450 1496 crisiensi,

185 1535 321 1595 decimas
345 1552 406 1596 non
422 1538 514 1596 aliter
529 1554 624 1612 quam
641 1555 676 1596 ea
700 1546 822 1597 moneta
839 1538 957 1610 duccat,
974 1539 1051 1596 alias
1067 1538 1185 1594 abolita
1208 1542 1239 1592 et
1262 1533 1302 1591 ad
1326 1540 1449 1606 tempus

183 1648 302 1700 tanturn
326 1642 470 1716 admissa,
493 1646 666 1703 solvebant.
683 1644 864 1720 Capitulum
880 1644 1079 1717 Sigismundo
1104 1643 1224 1713 detulit,
1248 1641 1301 1714 qui
1324 1638 1451 1697 mandat

187 1749 333 1807 omnibus
349 1750 379 1808 in
396 1751 434 1807 iis
451 1752 651 1810 comitatibus
666 1753 745 1809 bona
770 1752 964 1822 habentibus,
988 1757 1023 1808 ut
1044 1756 1159 1807 statuto
1183 1765 1215 1806 se
1238 1745 1450 1814 accomodent,

184 1854 320 1927 alioquin
352 1856 464 1914 iisdem
495 1857 607 1916 litteris
645 1858 772 1916 mandat
802 1858 960 1915 Hermano
991 1856 1174 1914 Sclavoniae
1204 1856 1294 1925 bano,
1326 1858 1361 1909 ut
1393 1865 1445 1908 eos

186 1961 356 2034 compellat
378 1961 417 2019 ad
440 1961 591 2036 justitiam
616 1963 797 2023 faciendam.

289 2079 396 2143 Georgii
424 2081 596 2130 Marcelovic:
634 2084 751 2147 Regesta
778 2082 919 2147 Diplomat.
949 2082 1109 2144 aliorumque
1137 2081 1290 2129 Document.
1323 2076 1402 2127 MSC.
1422 2077 1449 2124 in

186 2165 341 2217 bibliotheca
359 2168 560 2220 archidioecesis
579 2172 680 2234 zagrnb.

785 2347 845 2412 58.

287 2450 368 2499 Anno
390 2462 465 2514 1431,
488 2463 527 2511 19.
548 2452 709 2515 septembris.
730 2452 877 2516 Zagrabiae.

191 2555 341 2631 Georgius,
355 2559 443 2634 filius
464 2560 544 2617 ducis
566 2561 599 2617 de
622 2561 784 2629 Marchale',
807 2562 886 2637 quod
904 2563 1009 2619 atleizet
1029 2560 1071 2616 ad
1090 2577 1226 2616 curruum
1250 2565 1338 2626 rotas,
1372 2574 1446 2630 quos

183 2647 321 2704 exereitus
343 2650 405 2722 ejus
426 2650 456 2705 in
479 2649 599 2706 ltaliam
615 2650 799 2724 proficisceres
820 2649 988 2722 Zagrabiae
1011 2669 1030 2704 a
1055 2649 1176 2706 M'eolue'
1194 2646 1228 2703 de
1258 2645 1344 2703 Gara
1360 2644 1446 2719 joba-

180 2735 320 2807 gionibus,
337 2738 485 2808 persoluto
501 2738 589 2810 prius
614 2740 718 2811 pretii),
743 2741 776 2796 oi
802 2747 956 2812 acceperut,
985 2738 1209 2794 eontmuuitaiem
1241 2735 1343 2790 terentis
1373 2732 1446 2790 Gre-

558 2829 647 2884 censis
669 2829 840 2884 innocentem
860 2847 916 2885 esse
939 2827 1074 2883 declarat.

288 2943 364 3027 [Nos
387 2949 549 3024 Georgius,
574 2952 659 3009 filius
682 2953 814 3011 Dionisii
838 2946 922 3029 bani]
953 2969 1008 3010 nec
1038 2967 1097 3009 non
1122 2948 1273 3021 wayuode
1303 2947 1341 3004 de
1365 2948 1445 3002 Mar·

181 3056 272 3113 chali.
296 3056 445 3113 Memorie
469 3057 724 3115 commendamus
752 3074 809 3131 per
832 3065 999 3131 presentes.
1023 3057 1115 3130 Quod
1132 3056 1261 3112 ducente
1284 3053 1374 3110 nobis
1390 3053 1447 3108 im·

182 3163 337 3236 peratoris
352 3163 521 3220 clemencia
537 3179 607 3220 cum
624 3165 768 3236 gentibus
784 3166 896 3221 nostris
919 3158 1018 3240 (more
1039 3155 1316 3239 exer)cituancium
1339 3173 1447 3215 versus

184 3266 272 3326 Italic
296 3275 399 3342 partes
423 3284 462 3325 ex
484 3279 632 3343 precepto
656 3271 844 3328 serenissimi
868 3271 1018 3344 principis
1043 3268 1160 3325 domini
1192 3267 1297 3337 nostri,
1327 3264 1448 3321 domini

182 3370 373 3445 Sigismundi
395 3376 477 3447 regis
501 3378 699 3449 pervenimus
722 3377 762 3434 ad
783 3376 979 3449 Zagrabiam,
1003 3376 1166 3433 casualiter
1183 3372 1347 3429 confractis
1370 3371 1446 3426 rotis

184 3494 332 3537 curruum
355 3487 542 3552 nostrorum,
567 3482 691 3540 easdem
715 3490 798 3541 rotas
828 3484 905 3540 alias
935 3484 1072 3555 reperire
1103 3497 1162 3538 non
1198 3479 1357 3553 potuimus
1388 3477 1446 3534 nisi

184 3585 361 3644 incivitate
391 3588 477 3659 regia
514 3590 628 3647 montis
658 3588 843 3648 Grechensis
874 3589 913 3647 de
944 3590 1027 3646 iuxta
1060 3587 1244 3659 Zagrabiam
1274 3583 1445 3657 predictam

184 3690 344 3749 hominum
367 3699 397 3750 et
419 3691 620 3768 jobagionum
642 3695 800 3768 magnifici
824 3696 884 3753 viri
908 3695 1026 3752 domini
1049 3693 1169 3750 Nicolai
1193 3692 1232 3749 de
1254 3691 1336 3747 Gara
1358 3690 1446 3761 regni

186 3796 341 3869 ilungarie
364 3799 504 3872 palatini,
528 3815 605 3871 quas
628 3806 711 3857 rotas
731 3815 802 3857 cum
818 3801 908 3857 nobis
927 3800 1008 3856 idem
1025 3797 1204 3874 jobagiones
1221 3796 1340 3853 domini
1361 3795 1445 3868 pala-

183 3901 237 3959 tini
272 3903 346 3961 dare
377 3913 569 3961 recusassent
591 3911 621 3962 et
644 3905 761 3963 eisdem
793 3921 897 3962 carere
928 3921 987 3962 non
1022 3905 1239 3977 potuissemus,
1271 3902 1445 3974 recepimus

184 4007 305 4065 easdem
330 4011 458 4082 propria
480 4011 661 4068 auctoritate
677 4018 790 4081 nostra,
807 4011 948 4084 deposito
964 4011 1117 4081 condigno
1132 4010 1236 4083 precio
1253 4006 1444 4065 earumdem.

186 4112 256 4171 ldeo
279 4112 422 4183 fatemur,
441 4114 524 4187 quod
543 4116 736 4174 civitatenses
760 4119 790 4174 in
814 4124 844 4175 et
867 4119 1027 4174 ablacione
1044 4116 1197 4174 dictorum
1213 4129 1361 4172 curruum
1377 4126 1445 4168 om-

184 4219 253 4276 nino
276 4228 347 4276 sunt
369 4221 554 4280 innocentes.
579 4221 699 4279 Harum
716 4233 891 4281 nostrarum
908 4225 1085 4281 testimonio
1108 4222 1270 4279 literarum
1294 4226 1324 4276 et
1347 4218 1445 4290 sigilli

187 4326 282 4382 nostri
298 4328 486 4400 appensione
501 4329 770 4386 communitarum.
788 4330 904 4388 Datum
923 4331 954 4387 in
971 4330 1052 4386 dicta
1068 4328 1218 4400 Zagrabia
1235 4326 1311 4383 feria
1335 4331 1444 4396 quarta

185 4432 325 4503 proxima
341 4439 410 4505 post
427 4432 541 4490 festum
558 4432 764 4492 Exaltacionis
783 4442 886 4494 sancte
902 4437 1009 4493 crucis.
1027 4437 1116 4492 Anno
1132 4433 1249 4490 domini
1274 4430 1443 4487 millesimo

183 4537 485 4611 quadringentesimo
508 4539 596 4596 XXX
620 4541 730 4612 primo.

286 4656 419 4719 Originnle
431 4657 459 4706 in
471 4656 567 4714 charta,
587 4657 661 4705 valde
674 4674 785 4710 exesum.
805 4662 836 4709 In
851 4662 964 4721 margine
978 4660 1092 4708 inferiori
1105 4661 1257 4724 impressum
1268 4666 1307 4706 est
1320 4656 1442 4717 sigillum.

182 4744 213 4794 In
231 4744 327 4797 archiv.
346 4744 391 4799 lib.
410 4762 463 4811 reg.
483 4747 553 4798 civit.
572 4747 754 4811 zagrabiensis.
