3278 5348
530 384 604 444 Dor.
622 397 676 460 33.
703 416 740 425 -
763 382 818 440 An.
843 397 932 461 1422.
1315 405 1352 462 41

86 585 328 657 instrumentum
352 615 411 673 per
432 599 530 657 alium
554 597 689 657 fideliter
716 600 876 673 scriptum,
900 598 973 657 licet
996 599 1066 657 aliis
1089 615 1147 674 pro
1172 605 1244 659 tunc
1267 601 1359 659 certis

88 703 154 754 me
177 710 311 779 occupato
334 705 470 778 negociis
492 704 699 778 arduissimis,
725 704 835 762 exinde
852 703 979 776 conieci,
1001 706 1171 780 publicavi,
1188 707 1358 780 subscripsi

89 802 126 854 et
161 807 187 866 iu
204 810 275 870 hanc
297 810 436 869 formam
459 811 621 886 publicam
644 809 762 882 redegi,
774 812 925 884 signoque
948 816 978 868 et
1000 813 1124 871 nomine
1147 828 1182 870 ac
1197 813 1355 888 subscrip·

88 901 189 970 cioue
207 918 279 976 meis
313 917 414 975 solitis
438 924 468 975 et
491 918 645 975 consvetis
679 932 812 974 unacum
847 918 1037 991 appensione
1067 918 1164 990 sigilli
1195 919 1358 977 reverendi

88 1001 129 1063 in
165 1018 269 1082 Christo
293 1023 392 1098 patris
415 1022 533 1081 domini
556 1023 705 1105 Johannis
736 1022 877 1097 episcopi
908 1024 1116 1096 zagrabiensis
1152 1025 1356 1099 suprascripti

84 1104 326 1197 diligentissime
350 1129 531 1202 consignavi
554 1136 681 1202 rogatus
704 1134 735 1186 et
758 1129 925 1201 requisitus
941 1131 973 1187 in
989 1129 1084 1187 fidem
1101 1136 1130 1187 et
1145 1132 1357 1190 testimonium

83 1221 231 1291 Omnium
253 1241 283 1293 et
306 1236 504 1308 singulorum
527 1236 761 1310 premissorum.

79 1477 98 1524 I
203 1421 331 1487 Originnlc
349 1421 446 1487 duplex
464 1423 491 1472 in
510 1423 664 1473 membrana.
685 1424 712 1472 A
732 1439 797 1472 zona
807 1423 877 1472 rubri
887 1431 912 1472 et
923 1423 975 1472 albi
987 1423 1080 1473 coloris
1092 1425 1221 1490 appendet
1234 1424 1356 1489 sigilium.

100 1498 131 1538 ¹²
161 1510 215 1559 arch.
231 1528 286 1562 ven.
307 1512 393 1577 Capit.
413 1513 513 1577 zagrnb.
533 1514 595 1565 Act.
616 1512 700 1579 Capit.
719 1520 771 1563 ant.
791 1514 852 1563 fasc.
874 1515 897 1565 6.
918 1515 965 1562 Nr.
986 1526 1027 1565 21.

699 1850 761 1916 33.

199 2051 267 2095 huno
290 2055 366 2106 1422,
386 2056 409 2107 7.
429 2043 581 2095 decembris.
600 2044 716 2096 Posonii.

75 2162 292 2258 &inserendus
314 2207 370 2246 rex
393 2187 551 2246 Slavoniac
574 2189 648 2247 bano
670 2191 798 2260 retondat,
822 2200 855 2249 ut
875 2209 927 2248 suo
942 2193 1053 2248 vrome'nc
1067 2193 1140 2249 cives
1155 2192 1357 2264 aograbienses

651 2295 795 2374 defendat.

802 2435 955 2486 Commissio
974 2437 1077 2501 propria
1096 2436 1193 2486 domini
1212 2438 1286 2500 regis.

198 2545 417 2621 sigismundus
440 2547 490 2606 dei
512 2548 616 2620 gracia
639 2547 852 2606 Romanorum
876 2564 940 2619 rex,
972 2564 1096 2621 semper
1130 2554 1287 2621 augustus,
1323 2563 1359 2605 ac

93 2641 263 2726 llungarie,
286 2653 442 2725 Bohemie,
465 2653 635 2725 Dalmacie,
659 2652 787 2711 Croacie
811 2660 867 2725 etc,
890 2670 956 2714 rex.
980 2653 1080 2711 Fideli
1103 2661 1208 2712 nostro
1240 2655 1359 2727 magni·

92 2757 155 2816 fico
176 2760 262 2832 regni
285 2758 449 2818 Sclauonie
470 2760 552 2818 bano
575 2760 627 2818 vel
660 2760 759 2834 ipsius
790 2761 940 2818 vicebano
975 2760 1108 2818 salutem
1144 2767 1174 2817 et
1210 2763 1357 2833 graciam.

98 2864 175 2924 Cum
209 2881 266 2925 nos
299 2863 426 2943 judices,
459 2865 587 2942 juratos,
622 2868 846 2940 universosque
880 2868 972 2938 cives,
1005 2868 1143 2941 hospites
1175 2873 1205 2925 et
1237 2868 1354 2925 incolas

94 2979 196 3031 nostre
211 2973 345 3031 civitatis
357 2973 573 3047 Zagrabiensis
588 2974 684 3032 simul
697 2990 767 3031 cum
781 2974 933 3031 universis
949 2974 1182 3044 hereditatibus,
1200 2975 1357 3046 rebusque

94 3085 123 3136 et
145 3080 235 3138 bonis
257 3080 400 3155 ipsorum
422 3081 625 3154 quibuslibet,
648 3078 737 3156 justis
761 3086 871 3154 utputa
901 3088 930 3138 et
954 3081 1124 3153 legittimis,
1160 3083 1191 3138 in
1214 3088 1354 3138 nostram

93 3188 208 3261 regiam
232 3188 408 3261 recepimus
432 3187 661 3261 proteccionem
685 3192 715 3243 et
738 3187 870 3244 tutelam
892 3188 1069 3260 specialem,
1104 3188 1230 3260 viteque
1254 3194 1357 3244 nostre

94 3293 263 3351 maiestatis
285 3297 315 3350 et
339 3308 471 3367 persone
494 3299 599 3350 nostre
622 3292 852 3350 commissimus
876 3293 1050 3363 tuicionem,
1081 3294 1176 3365 igitur
1208 3293 1353 3350 fidelitati

95 3405 193 3458 vestre
226 3398 361 3458 firmiter
394 3400 602 3474 precipientes
637 3398 830 3469 mandamus,
867 3406 1017 3471 quatenus
1052 3399 1189 3473 prefatos
1211 3397 1356 3474 judicem,

96 3503 210 3579 juratos
234 3519 271 3562 ac
293 3507 455 3564 universos
479 3506 571 3576 cives,
595 3506 733 3578 hospites
757 3509 786 3561 et
810 3506 927 3562 incolas
949 3511 1052 3562 nostre
1084 3507 1218 3563 civitatis
1241 3505 1357 3578 Zagra-

98 3610 210 3671 biensis
234 3611 330 3669 simul
353 3628 425 3670 cum
449 3613 596 3687 pretactis
618 3612 771 3670 universis
787 3611 1019 3682 hereditatibus,
1043 3614 1198 3686 rebusque
1223 3619 1253 3671 et
1270 3615 1359 3673 bonis

95 3716 236 3791 ipsorum
260 3717 424 3792 quibusvis
446 3717 544 3796 justis,
568 3724 603 3777 ut
626 3717 790 3792 prefertur,
815 3725 844 3775 et
875 3718 1025 3791 legitimis
1060 3727 1166 3777 contra
1201 3721 1359 3793 quoslibet

93 3820 276 3901 illegitimos
299 3825 502 3900 impetitores,
525 3827 610 3900 ipsos
642 3826 707 3883 sine
737 3823 814 3900 juris
849 3827 973 3884 tramite
1008 3827 1177 3899 inquietare
1208 3827 1359 3899 volentes,

87 3940 266 4007 protegere,
290 3933 379 4005 tueri,
410 3932 571 3992 defensare
605 3938 635 3990 et
668 3932 879 4005 indempniter
913 3943 1073 3991 manutere
1107 3949 1143 3990 ac
1177 3949 1359 3992 conservare

79 4041 276 4103 auctoritate
298 4043 404 4098 nostra
424 4040 509 4112 regia
531 4038 624 4096 vobis
647 4039 679 4096 in
709 4039 767 4096 hac
799 4045 888 4112 parte
922 4039 1073 4096 attributa
1108 4033 1232 4117 (harum
1265 4032 1357 4116 serie)

70 4148 257 4210 mediante.
280 4143 374 4204 Secus
396 4144 498 4205 facere
521 4159 581 4204 non
604 4145 710 4203 ausuri
732 4146 764 4203 in
788 4146 956 4218 premissis.
973 4145 1133 4203 Presentes
1149 4160 1273 4218 quoque
1289 4151 1359 4219 post

63 4256 200 4318 tarum
222 4253 376 4310 lecturam
395 4251 485 4311 reddi
507 4251 652 4328 jubemus
676 4254 871 4326 presentanti.
896 4253 1012 4310 Datum
1044 4253 1168 4311 Posonii
1192 4254 1221 4309 in
1252 4253 1359 4324 vigilia

60 4352 162 4425 ¹‘esti
188 4358 414 4432 Concepcionis
436 4359 566 4432 virginis
588 4359 732 4432 gloriose.
755 4361 846 4416 Anno
869 4359 986 4417 domini
1021 4360 1190 4417 millesimo
1215 4358 1359 4432 quadrin-

56 4467 267 4539 Rentesimo
290 4463 608 4538 vigesimosecundo.
632 4465 810 4537 Regnorum
833 4472 1009 4524 nostrorum
1033 4481 1114 4523 anno
1127 4466 1285 4539 Hungarie
1302 4470 1356 4521 etc.

51 4554 235 4635 kxxvl.
257 4572 473 4631 Romanorum
496 4572 667 4632 tredecimo
690 4576 720 4629 et
744 4571 889 4630 Bohemie
913 4574 1016 4630 tercio.

195 4760 331 4825 Originale
349 4760 377 4811 iu
396 4759 485 4810 charta
504 4768 543 4810 sat
561 4776 673 4812 exesum.
694 4760 725 4809 In
745 4762 858 4824 margine
877 4762 992 4811 inferiori
1008 4762 1160 4825 impressum
1179 4766 1217 4806 ost
1234 4754 1356 4818 sigilium.

54 4834 116 4904 Ῐι
136 4849 239 4903 archiv.
257 4849 296 4900 lib
323 4866 377 4915 reg.
396 4850 445 4901 cir.
464 4851 564 4915 zngrab.
