3278 5348
189 442 248 496 esa
557 424 630 482 Dec.
654 420 727 498 189.
752 437 825 498 roo.
850 457 892 467 -
915 425 972 482 An.
997 436 1086 500 1457.

189 530 689 539 --------
1122 530 1451 538 -——-—-

781 636 862 702 189.

292 779 373 827 Anno
395 787 469 844 1457,
491 791 513 831 1.
533 779 694 843 septembris.
714 780 843 830 Viennae

186 905 355 975 ladislaus,
378 906 557 979 Hungan'ac
580 914 629 967 cic.
654 925 717 977 rex,
736 905 876 983 Jolraum'
906 905 1018 962 Vitoucc
1039 904 1073 962 dc
1101 903 1215 963 Grcbca
1238 905 1313 962 bano
1328 905 1453 975 mandat,

372 1022 405 1069 ut
425 1014 521 1069 amnia
543 1014 648 1072 civium
672 1013 791 1087 aagrab.
807 1014 885 1088 jura
909 1020 937 1069 ct
957 1012 1101 1069 libertates
1123 1011 1266 1086 defendat.

291 1157 454 1214 Ladislaus
479 1156 528 1214 dei
551 1158 655 1230 gracia
678 1158 845 1230 Hungarie,
870 1156 1024 1226 Bohemie,
1048 1157 1218 1226 Dalmacie,
1242 1155 1372 1214 Croacie
1394 1160 1451 1213 etc.

185 1280 249 1335 rex,
273 1278 310 1321 ac
330 1264 452 1321 Austrie
471 1272 500 1321 et
524 1263 614 1322 Stirie
639 1264 712 1334 dux,
743 1264 944 1336 marchioque
968 1264 1106 1321 Morauie
1129 1272 1187 1322 etc.
1212 1262 1314 1321 Fideli
1349 1268 1452 1320 nostro

186 1369 357 1441 magnifico
380 1371 443 1428 Pan
474 1371 532 1454 Jan
566 1371 751 1444 Bythowecz
786 1370 824 1428 de
859 1370 1011 1439 Gereben,
1046 1371 1133 1443 regni
1169 1370 1267 1427 nostri
1290 1367 1452 1426 Sclauonie

185 1476 276 1546 bans,
303 1476 436 1534 salutem
460 1483 490 1535 et
513 1478 658 1549 graciam,
682 1476 762 1550 Quia
785 1492 841 1535 nos
865 1477 1025 1537 civitatem
1054 1485 1192 1534 nostram
1227 1474 1343 1532 montis
1377 1471 1452 1531 Gre-

185 1582 275 1639 sicuti
298 1583 376 1639 alias
400 1583 516 1641 liberas
539 1584 678 1641 civitates
702 1592 822 1641 nostras
845 1583 966 1656 regales
990 1582 1030 1640 ad
1061 1597 1171 1639 manus
1194 1586 1317 1639 nostras
1352 1579 1451 1651 regias

185 1688 358 1760 recepimus
382 1697 412 1746 et
436 1688 565 1749 eandem
589 1690 712 1747 civibus
727 1695 757 1747 et
778 1690 1040 1748 inhabitatoribus
1056 1687 1196 1746 eiusdem
1212 1684 1449 1760 gubernandam

183 1808 249 1851 esse
271 1795 493 1864 commisimus,
510 1795 664 1866 volumus,
681 1794 764 1867 quod
781 1795 882 1868 ipsam
895 1796 1052 1852 civitatem
1066 1799 1203 1851 nostram
1230 1807 1266 1850 ae
1290 1792 1450 1849 universos

188 1900 272 1956 cives
296 1907 325 1956 et
349 1900 570 1958 inhabitatores
593 1900 732 1958 eiusdem
749 1910 855 1958 contra
871 1900 1030 1973 quoslibet
1053 1900 1234 1971 illegitimos
1258 1898 1452 1971 impetitores

188 2007 276 2076 tueri,
301 2013 463 2079 protegere
486 2014 516 2064 et
540 2006 709 2076 defensare,
733 2006 803 2064 ideo
834 2006 978 2064 fidelitati
1013 2013 1114 2064 vestre
1149 2005 1283 2063 firmiter
1317 2003 1451 2077 precipi-

184 2111 264 2169 endo
287 2111 480 2182 mandamus,
506 2119 657 2189 quatenus
682 2119 853 2186 protectam
877 2113 1035 2169 civitatem
1059 2117 1196 2169 nostram
1229 2110 1344 2168 montis
1372 2107 1447 2166 Gre

183 2217 280 2275 censis
303 2232 338 2275 ac
360 2219 520 2277 universos
544 2221 626 2277 cives
650 2226 680 2277 et
702 2220 925 2278 inhabitatores
956 2220 1111 2289 eiusdem,
1147 2225 1255 2276 contra
1288 2217 1445 2290 quoslibet

184 2322 382 2396 illegittimos
405 2325 597 2399 impetitores
621 2327 709 2396 tueri,
731 2332 893 2399 protegere
917 2334 946 2383 et
971 2324 1136 2383 defendere
1167 2339 1203 2381 ac
1238 2323 1449 2396 indempniter

185 2436 383 2487 manutenere
414 2430 560 2501 debeatis,
585 2440 689 2489 nostre
710 2433 879 2490 maiestatis
902 2433 933 2489 in
958 2446 1089 2505 persona
1112 2439 1141 2488 et
1172 2431 1356 2489 auctoritate
1383 2444 1450 2502 pre·

190 2536 329 2593 sentibus
351 2537 442 2594 vobis
464 2538 495 2595 in
519 2538 576 2595 hac
599 2544 688 2611 parte
719 2539 866 2596 attributa
890 2546 920 2594 et
942 2536 1063 2613 justicia
1088 2537 1249 2595 mediante.
1274 2534 1369 2594 Secus
1390 2551 1449 2595 non

186 2641 305 2700 facturi.
330 2643 527 2702 Presentibus
554 2645 710 2718 perlectis,
735 2645 894 2702 exhibenti
917 2644 1078 2701 restitutis.
1101 2643 1218 2700 Datum
1240 2642 1383 2717 Wyenne
1419 2643 1448 2700 in

185 2748 263 2806 festo
287 2750 369 2807 beati
392 2749 493 2823 Egidii
517 2751 640 2809 abbatis
664 2758 694 2808 et
716 2749 908 2809 confessoris.
933 2753 1023 2807 Anno
1047 2750 1165 2808 domini
1181 2749 1353 2807 millesimo
1376 2763 1449 2823 qna·

184 2854 427 2927 dringentesimo
461 2858 719 2930 quinquagesimo
755 2858 897 2930 septimo.
931 2857 1111 2929 Regnorum
1156 2863 1336 2913 nostrorum
1371 2869 1448 2913 anno

184 2961 343 3033 Hungarie
366 2969 414 3020 etc
437 2962 559 3020 decimo
582 2971 702 3034 octavo,
727 2964 873 3023 Bohemie
897 2979 971 3021 vero
996 2967 1115 3036 quartu.

289 3149 421 3213 Originale
440 3152 466 3199 in
487 3152 582 3203 charta.
602 3155 633 3200 In
653 3155 767 3217 margine
785 3155 900 3204 inferiori
921 3154 1074 3218 impressum
1101 3158 1139 3201 est
1164 3150 1288 3215 sigillum.
1308 3153 1332 3200 E
1351 3150 1447 3200 collect.

183 3237 221 3285 Iv.
242 3236 410 3301 Kukuljevie.

775 3438 859 3504 190.

290 3574 368 3623 Anno
391 3588 464 3640 1457.
488 3590 507 3626 1.
529 3578 687 3642 septembris.
710 3580 835 3628 Viennae.

185 3700 352 3775 Larlisdrrrs,
376 3704 555 3776 Hungariae
578 3713 626 3766 etr.
649 3725 711 3774 rex,
728 3706 867 3782 Jalrirnui
896 3706 1006 3763 Wtovec
1029 3706 1103 3762 bana
1126 3707 1263 3778 imperat,
1292 3711 1327 3761 ut
1350 3712 1448 3762 taratra

189 3808 388 3878 Gillrarr'uam,
419 3812 598 3880 rurnr'tr'ssam,
629 3832 702 3885 petae
733 3832 769 3868 cx
800 3814 914 3870 castella
937 3815 967 3868 in
992 3813 1106 3869 civitate
1127 3812 1181 3869 sito
1204 3811 1348 3885 antigrarc
1370 3811 1446 3878 nolit,

628 3919 736 3975 cr'ar'luas
758 3915 901 3975 arrideant
918 3920 1010 3992 serat.

618 4058 771 4107 Commissio
790 4059 893 4121 propria
912 4058 1010 4106 domini
1028 4056 1105 4121 regis,
1125 4057 1247 4121 magistro
1265 4055 1396 4106 Michaele

675 4148 766 4207 Orzag,
787 4147 909 4209 magistro
928 4147 1005 4203 curie,
1025 4146 1160 4196 referente.

289 4258 450 4314 ladislaus
474 4259 522 4315 dei
547 4260 649 4330 gracia
675 4259 839 4329 Hungarie,
865 4259 1020 4329 Bohemie,
1044 4257 1214 4327 Dalmacie,
1237 4256 1366 4315 Croacie
1392 4263 1444 4315 etc.

185 4381 247 4431 rex,
271 4380 306 4419 ac
331 4365 454 4420 Austris
478 4374 506 4422 et
531 4366 622 4422 Stirie
657 4365 728 4432 dux,
764 4380 880 4421 necnon
917 4366 1056 4422 marchio
1091 4364 1230 4421 Morauie
1265 4371 1322 4423 etc.
1346 4364 1445 4422 Fideli

181 4476 287 4525 nostro
311 4470 476 4542 magnifico
499 4473 555 4554 Jan
579 4471 761 4541 Bythowecz
786 4471 823 4527 de
855 4470 1005 4543 Gereben,
1039 4471 1127 4543 regni
1150 4471 1249 4528 nostri
1282 4469 1445 4528 Solanonie

181 4577 270 4647 bano,
294 4577 426 4635 salutem
450 4586 479 4634 et
502 4578 646 4649 graciam.
671 4576 750 4649 Quia
774 4591 829 4634 nos
854 4593 909 4650 per
941 4577 1019 4633 alias
1054 4579 1172 4636 litteras
1207 4585 1330 4635 nostras
1363 4591 1446 4635 com·

182 4685 326 4741 misimus
350 4684 465 4741 illustri
496 4683 621 4740 domine
656 4684 824 4740 Katherine
859 4683 966 4740 relicte
1000 4683 1132 4741 condam
1169 4683 1303 4742 illustris
1339 4682 1445 4753 Vlrici,

182 4792 302 4848 comitis
326 4791 404 4848 Cilie
430 4798 484 4847 etc.
509 4795 543 4846 ut
572 4790 649 4862 ipsa,
674 4790 837 4847 castellum
872 4789 961 4859 illud,
997 4789 1082 4862 quod
1117 4791 1148 4847 in
1182 4789 1308 4848 civitate
1341 4779 1445 4847 nostra

182 4898 295 4955 montis
319 4897 480 4956 Grecensis
503 4896 681 4954 edificatum
704 4896 815 4967 existit,
841 4911 912 4959 curn
930 4896 1191 4969 gubernacionem
1213 4894 1356 4955 eiusdem
1369 4896 1446 4955 civi-
