3278 5348
183 399 224 483 §4
609 396 684 455 Doc.
702 405 756 473 53.
781 429 823 440 -
846 395 904 453 An.
930 390 1024 474 1428.

181 612 306 682 violem,
337 611 443 685 sicque
473 611 677 669 terminantur
700 616 782 669 mete
805 615 972 685 prenotate.
996 611 1064 669 Hoc
1087 624 1243 684 expresso.
1268 608 1355 684 quod
1384 625 1451 684 pre·

182 717 263 777 fatus
284 718 447 776 Francisco
460 732 514 774 seu
530 717 629 775 Frane
652 716 881 775 molendinator
904 722 934 775 et
957 733 1015 792 per
1037 731 1108 774 eum
1124 716 1173 773 sui
1195 716 1299 774 cuncti
1322 714 1450 775 heredes

181 824 279 898 ipsius
303 825 392 882 vinee
415 829 445 881 et
468 823 598 896 virgulti
631 837 824 897 possessores
854 823 941 881 annis
965 823 1094 897 singulis
1124 827 1266 896 tempore
1295 821 1452 879 vindemie

181 931 339 1003 sexaginta
363 929 506 988 denarios
528 943 635 1003 novos,
659 929 776 988 usualis
806 935 929 987 monete
952 928 1075 1001 regalis,
1099 943 1157 1002 pro
1180 933 1324 1002 tempore
1346 942 1452 986 curen-

182 1042 228 1095 tes
251 1036 341 1094 nobis
365 1041 395 1094 et
418 1040 525 1094 nostre
553 1035 768 1093 communitati
798 1051 852 1093 seu
883 1036 1050 1093 comitibus
1080 1035 1193 1093 nostris
1218 1049 1277 1108 pro
1307 1039 1449 1107 tempore

182 1143 354 1201 constitutis
378 1147 529 1216 perpetuo
546 1141 621 1200 dare
645 1147 675 1200 et
698 1142 820 1200 solvere
843 1141 1038 1199 tenebuntur.
1070 1141 1223 1214 Antiquas
1254 1154 1381 1214 quoque
1403 1139 1453 1197 lit·

182 1254 262 1307 teras
286 1248 446 1307 universas
469 1249 500 1305 in
531 1248 720 1305 contrarium
749 1248 944 1322 presencium
976 1263 1033 1321 per
1055 1247 1238 1320 quempiam
1261 1245 1453 1304 exhibendas

182 1370 291 1427 cassas,
315 1360 455 1415 mortuas
478 1354 692 1412 commisimus
716 1358 746 1411 et
769 1353 889 1412 viribus
913 1353 1072 1410 carituras.
1095 1352 1129 1410 ln
1152 1352 1240 1409 cuius
1264 1352 1310 1409 rei
1334 1365 1453 1409 memo·

181 1462 269 1533 riam,
290 1460 533 1534 firmitatemque
549 1465 733 1533 perpetuam
753 1460 948 1534 presentibus
968 1459 1108 1532 sigillum
1129 1463 1271 1517 nostrum
1287 1472 1454 1516 commune

182 1567 328 1625 duximus
364 1566 613 1641 appendendum.
651 1567 768 1624 Datum
806 1567 836 1624 in
868 1564 946 1623 festo
984 1564 1194 1624 conversionis
1240 1564 1325 1622 beati
1363 1562 1454 1622 Pauli

181 1673 326 1748 apostoli.
353 1675 442 1731 Anno
466 1672 584 1730 domini
612 1671 783 1730 millesimo
811 1671 1115 1745 quadringentesimo
1148 1669 1301 1743 vigesimo
1333 1676 1452 1728 octavo.

289 1809 422 1873 Originale
447 1810 473 1857 in
492 1809 648 1872 membrana,
667 1807 790 1872 sigillum,
809 1808 934 1860 avulsum.
955 1810 987 1857 In
1005 1807 1100 1859 archiv.
1119 1806 1165 1856 lib.
1185 1823 1238 1870 reg.
1259 1807 1330 1858 civit.
1350 1806 1452 1870 zagrab.

801 1987 859 2051 53.

288 2127 368 2174 Auno
391 2126 464 2187 1428,
483 2140 507 2187 4.
524 2127 605 2189 Junii.
627 2127 774 2190 Zagrabiae.

176 2253 330 2330 sulcantur
351 2254 494 2326 episcopus
516 2254 719 2326 zagrabiensis,
742 2253 775 2313 in
798 2272 885 2311 cartsa
908 2254 941 2310 dc
961 2263 1069 2327 qrtarta
1091 2256 1326 2312 testamentariae
1353 2256 1447 2330 dIspa·

180 2361 291 2418 sittanis
312 2359 448 2416 soluenda
472 2378 491 2414 a
506 2360 729 2432 praebendariis
744 2361 873 2418 ccclesiae
896 2360 1073 2418 cathedralis
1094 2361 1248 2418 rectoribus
1263 2361 1452 2435 parochialis

241 2466 406 2521 ecclcsiaes
437 2465 539 2521 Marci
559 2473 634 2536 acta,
659 2466 725 2523 benc
747 2468 895 2523 existimat
914 2466 948 2524 de
964 2467 1246 2541 praebendariorum
1269 2464 1396 2542 collega.

288 2608 352 2665 Nos
382 2608 537 2691 Johannes
568 2609 619 2666 dei
651 2616 681 2667 et
711 2610 882 2683 apostolice
914 2610 995 2668 sedis
1028 2611 1132 2683 gracia
1156 2611 1322 2685 episcopus
1345 2626 1452 2685 zagra·

183 2715 307 2784 biensis,
332 2715 410 2771 sacri
434 2715 565 2772 Romani
588 2717 713 2790 imperii
737 2722 766 2773 et
790 2718 877 2790 regni
900 2717 1059 2790 ilungarie
1093 2732 1235 2775 summus
1264 2719 1452 2776 secretarius

183 2822 394 2879 cancellarius.
412 2821 561 2879 llemorie
581 2821 837 2880 commendamus
854 2829 884 2879 et
899 2829 1004 2880 tenore
1020 2823 1216 2896 presencium
1238 2823 1453 2896 significamus

184 2929 297 3001 quibus
321 2927 448 3001 expedit
470 2929 631 3000 universis,
656 2928 740 3000 quod
762 2944 835 2986 cum
856 2929 933 2985 alias
958 2928 996 2985 de
1027 2943 1107 2986 anno
1137 2927 1257 2987 domini
1280 2929 1451 2989 millesimo

184 3034 488 3106 quadringentesimo
511 3035 662 3107 vigesimo
686 3036 794 3106 quinto
818 3050 923 3093 coram
949 3033 1046 3092 felicis
1068 3035 1296 3094 recordacionis
1318 3037 1451 3095 condam

183 3141 333 3211 magistro
367 3141 504 3197 Osualdo
540 3141 655 3198 lectore
687 3147 718 3197 et
747 3142 894 3199 canonico
923 3141 1052 3199 ecclesie
1074 3150 1178 3200 nostre
1200 3142 1319 3216 pretate
1344 3159 1450 3215 zagra·

186 3246 301 3303 biensis
324 3260 359 3301 ac
382 3248 497 3304 vicario
521 3253 626 3303 nostro
649 3247 680 3303 in
703 3248 920 3321 spiritualibus
943 3254 974 3305 et
996 3263 1161 3306 causarum
1183 3248 1326 3307 auditore
1360 3265 1450 3322 gene·

186 3351 246 3407 rali
271 3352 349 3407 inter
372 3350 519 3408 discretos
543 3353 627 3409 viros
654 3352 852 3424 Anthonium,
876 3353 1010 3410 Paulum
1033 3362 1063 3411 et
1078 3354 1252 3437 Johaunem
1269 3356 1449 3429 capellanos

183 3472 236 3514 seu
260 3463 393 3513 rectores
420 3458 546 3514 ecclesie
570 3459 665 3515 sancti
689 3459 784 3516 Marci
810 3459 841 3515 in
864 3459 959 3533 opido
990 3461 1104 3517 montis
1127 3460 1289 3519 Grecensis
1313 3460 1449 3533 fundate,

183 3569 217 3619 ut
236 3568 363 3633 actores,
388 3578 425 3618 ex
449 3578 517 3632 una,
542 3570 571 3619 et
594 3564 739 3621 similiter
761 3565 910 3623 discretos
932 3566 1017 3623 viros
1041 3566 1176 3637 Petrum,
1201 3567 1354 3625 decanum
1376 3584 1447 3641 pre·

184 3667 413 3738 bendariorum‚
437 3674 617 3741 ceterosque
641 3669 865 3742 prebendarius
888 3671 1016 3728 ecclesie
1038 3677 1143 3729 nostre
1166 3671 1313 3745 predicte,
1330 3679 1365 3730 ut
1380 3689 1450 3732 reos

182 3789 235 3830 seu
260 3775 289 3830 in
314 3790 438 3831 causam
462 3781 616 3845 attractos,
642 3782 731 3848 parte
754 3793 792 3832 ex
816 3777 922 3849 altera,
947 3778 976 3834 iu
1007 3776 1089 3835 iacto
1112 3779 1344 3836 testamentarie
1366 3779 1450 3853 lega·

183 3880 287 3949 olonis,
311 3895 346 3938 ac
368 3882 462 3938 rebus
486 3887 515 3938 et
540 3883 629 3939 bonis
661 3898 716 3954 per
747 3884 873 3954 incolas,
906 3890 959 3941 aut
990 3885 1129 3957 hospites
1159 3900 1214 3942 seu
1249 3885 1333 3943 cives
1364 3885 1451 3961 opidi

182 3985 296 4059 prefati
319 3988 432 4044 montis
457 3988 641 4046 Grechensis
664 3994 717 4045 aut
741 3990 928 4063 plebezanos
953 3990 1033 4048 dicte
1064 3991 1193 4049 ecclesie
1222 3992 1322 4049 sancti
1354 3993 1452 4050 Marci

182 4092 332 4165 predictis
367 4093 581 4177 prebendariis
616 4096 648 4152 in
684 4095 794 4151 ultima
829 4096 989 4153 voluntate
1024 4095 1240 4170 disposicionis
1262 4103 1317 4155 aut
1339 4098 1452 4156 mortis

182 4199 315 4256 articulo
336 4200 455 4271 legatis,
479 4199 517 4256 de
540 4201 653 4272 quibus
676 4201 769 4257 rebus
794 4206 823 4257 et
847 4202 937 4259 bonis
959 4203 1035 4275 ipsis
1070 4202 1286 4277 prebendariis
1315 4204 1361 4262 sic
1391 4219 1452 4279 pro

182 4311 324 4379 tempore
359 4306 491 4380 legatis,
534 4307 670 4365 annotati
705 4311 840 4364 rectores
875 4308 1003 4366 ecclesie
1037 4311 1135 4366 sancti
1171 4309 1268 4367 Marci
1303 4315 1451 4382 quartam

183 4418 305 4485 partem
327 4428 381 4469 seu
405 4413 585 4469 canonicam
608 4414 788 4487 porcionem
812 4413 850 4471 ad
875 4430 908 4471 se
940 4416 1093 4488 pertinere
1123 4415 1238 4473 debere
1261 4417 1450 4490 asserebant,

181 4517 245 4576 litis
270 4523 300 4576 et
324 4519 585 4576 controversionis
609 4520 738 4577 materia
760 4524 829 4577 orta
853 4520 961 4579 fuisset
983 4532 1013 4579 et
1036 4524 1190 4593 suscitata,
1222 4523 1309 4581 etin
1338 4523 1451 4582 eadem

181 4638 273 4681 causa
295 4623 335 4682 ad
350 4624 505 4683 dictorum
523 4626 678 4696 Anthonii,
694 4626 784 4684 Pauli
799 4634 830 4685 et
843 4628 993 4710 Johannis
1007 4629 1199 4702 instanciam,
1215 4643 1323 4688 coram
1338 4628 1450 4688 eodem

181 4728 313 4788 condam
337 4732 486 4804 magistro
510 4732 647 4790 Osualdo
669 4733 710 4791 ad
726 4736 894 4794 nonnullos
914 4740 1000 4794 actus
1015 4732 1200 4810 judiciarios,
1217 4737 1305 4795 iuxta
1327 4750 1450 4796 morem

180 4838 212 4894 et
233 4837 487 4896 consvetudinem
506 4838 588 4898 sedis
607 4847 720 4910 nostre,
735 4837 813 4916 juris
836 4843 944 4901 ordine
966 4843 1141 4915 observato,
1158 4856 1341 4917 processum
1357 4843 1450 4901 exsti·
