3278 5348
615 410 687 468 Doc.
712 420 776 483 155.
804 443 841 450 —
867 411 922 466 An.
949 420 1036 485 1450.
1391 425 1450 482 ²¹3

185 514 688 524 ——----———-——.-—----—--....
782 514 862 520 ——-
872 514 950 520 .-..-
967 514 978 519 ..
994 513 1086 519 ..—..--
1111 514 1143 519 --..
1153 514 1158 519 .
1172 514 1181 519 -
1217 514 1222 519 .
1258 514 1265 520 .
1290 513 1451 523 ——-....--„

780 619 858 684 155.

291 778 373 826 Auno
396 789 469 843 1450,
491 789 531 840 30.
552 776 674 826 octobris.
695 775 843 840 Zagrabiae.

189 906 295 965 Coram
330 908 455 981 capitulo
488 906 606 981 zagrab.
640 906 825 964 communitas
858 905 985 963 civitatis
1019 908 1126 964 mentis
1156 904 1307 965 Grecensis
1330 909 1456 966 occurrit

402 1014 570 1087 Heningum
593 1011 761 1088 abjudicata
784 1012 892 1069 tribula
915 1030 934 1068 a
957 1030 986 1068 se
1007 1013 1071 1086 ipsa
1086 1012 1239 1088 flagitare.

291 1158 356 1216 Nos
379 1159 552 1233 capitulum
576 1157 704 1216 ecclesie
727 1157 941 1229 zagrabiensis.
958 1158 1108 1215 liemorie
1123 1158 1379 1217 commendamus
1395 1175 1453 1235 per

183 1269 353 1338 presentes,
384 1263 473 1338 quod
507 1263 659 1338 providus
694 1268 724 1320 et
757 1263 903 1320 honestus
937 1263 986 1320 vir
1020 1264 1167 1335 magister
1189 1265 1338 1338 Matheus,
1369 1266 1454 1326 filius

183 1370 276 1442 Luce,
300 1369 439 1429 notarius
463 1377 493 1428 et
516 1370 594 1428 civis
616 1370 750 1427 civitatis
773 1369 888 1426 montis
912 1368 1075 1427 Grecensis
1098 1369 1136 1427 de
1156 1367 1242 1445 juxta
1259 1371 1452 1444 Zagrabiam,

183 1482 369 1552 procurator
384 1477 556 1550 legittimus
571 1473 691 1551 judicis,
707 1472 881 1550 juratorum
898 1480 927 1533 et
944 1476 1160 1534 universorum
1179 1478 1295 1535 civium
1318 1483 1348 1536 et
1370 1479 1453 1537 inco·

183 1582 289 1641 larum
306 1582 444 1655 predicte
460 1583 594 1640 civitatis
608 1582 641 1639 in
656 1596 720 1653 sua,
738 1596 774 1638 ac
790 1581 929 1639 eiusdem
944 1579 1063 1656 judicis,
1078 1580 1251 1657 juratorum
1268 1598 1303 1641 ac
1318 1584 1452 1643 aliorum

187 1704 323 1764 quorum
345 1703 440 1762 supra
458 1688 606 1762 personis,
622 1688 719 1745 nostri
736 1688 860 1745 veniens
877 1689 906 1745 in
924 1689 1116 1762 presenciam
1133 1705 1189 1762 per
1205 1689 1334 1748 modum
1349 1697 1452 1766 prote·

191 1795 338 1853 stationis
354 1801 383 1851 et
400 1793 595 1851 inhibicionis
611 1793 701 1850 nobis
718 1793 890 1865 significare
907 1794 1026 1851 curavit
1049 1794 1079 1851 in
1095 1795 1177 1852 hunc
1200 1795 1344 1855 modum:
1368 1797 1452 1870 quod

186 1902 258 1959 licet
276 1901 307 1959 in
323 1914 403 1958 anno
424 1900 567 1973 proxime
590 1899 738 1973 preterito
761 1898 905 1957 videlieet
928 1901 959 1957 in
983 1901 1100 1958 octavis
1125 1900 1194 1958 festi
1218 1903 1301 1960 beati
1325 1901 1451 1978 Georgii

187 2007 327 2065 martiris
349 2007 422 2063 anni
445 1997 610 2084 (preteriti)
626 2005 657 2062 in
674 2004 746 2062 sede
760 2002 920 2080 judiciaria
937 2007 1082 2077 crisiensi,
1107 2006 1181 2065 dum
1206 2010 1348 2081 egregius
1371 2012 1452 2069 Hen-

184 2114 289 2187 nyngh
314 2113 352 2170 de
376 2110 576 2170 Zomzedwar
600 2112 632 2169 in
655 2110 736 2169 tacto
759 2111 869 2169 tributi
892 2113 939 2168 sui
963 2112 1026 2169 litis
1049 2119 1079 2170 et
1102 2114 1270 2186 questionis
1286 2117 1450 2174 materiam

184 2220 214 2279 ln
237 2220 398 2295 presencia
428 2218 560 2277 illustris
591 2218 740 2292 principis
771 2224 801 2275 et
837 2217 964 2287 domini,
1000 2217 1119 2276 domini
1143 2220 1249 2292 Vlrici,
1275 2220 1324 2278 dei
1345 2223 1449 2294 gracia

184 2326 272 2389 Cilie.
308 2326 526 2399 Ortemburge,
562 2324 754 2398 Zagorieque
788 2325 909 2382 comitis
944 2339 979 2381 ac
1011 2326 1098 2397 regni
1131 2324 1296 2384 Sclauonie
1319 2329 1392 2386 bani
1416 2344 1452 2386 ac

183 2434 403 2492 universorum
427 2431 515 2504 regni
538 2431 693 2489 nobilium
717 2437 827 2488 eotunc
851 2446 921 2487 curn
953 2430 1074 2504 prefato
1106 2430 1233 2490 domino
1264 2433 1370 2492 Vlrico
1402 2449 1452 2492 co·

183 2540 259 2597 mite
290 2540 322 2597 in
353 2538 491 2612 predicta
523 2538 595 2596 sede
627 2538 764 2596 crisiensi
796 2552 854 2612 pro
878 2539 1028 2595 tribunali
1051 2538 1230 2598 sedencium
1253 2546 1358 2599 contra
1382 2559 1451 2616 pre

185 2645 268 2704 fatos
291 2643 435 2721 judicem,
458 2642 576 2720 juratos
598 2660 634 2702 as
657 2646 818 2703 universos
842 2646 924 2702 cives
949 2650 978 2702 et
1002 2646 1118 2702 incolas
1150 2653 1287 2721 pretacte
1317 2649 1451 2706 civitatis

183 2752 299 2809 montis
322 2750 485 2808 Grecensis
507 2749 594 2826 juxta
617 2752 841 2809 continenciam
866 2753 1040 2809 litterarum
1056 2752 1353 2812 adiudicatoriarum
1370 2756 1449 2813 eius·

183 2857 256 2916 dem
280 2856 398 2916 domini
422 2857 521 2914 Vlrici
544 2858 666 2915 comitis
682 2866 712 2915 et
736 2859 808 2915 bani
831 2860 979 2915 movisset
1003 2864 1032 2915 et
1055 2861 1176 2917 moveri
1199 2860 1358 2918 habuisset
1366 2879 1373 2930 ;
1396 2860 1451 2919 sed

182 2965 256 3038 quia
280 2963 389 3021 eadem
413 2963 453 3021 lis
477 2969 506 3021 et
529 2964 697 3036 questionis
721 2965 849 3021 materia
874 2964 1014 3022 debitum
1038 2964 1132 3022 finem
1156 2971 1266 3023 eotunc
1298 2967 1389 3024 certis
1413 2983 1450 3025 ex

182 3072 284 3129 causis
316 3071 430 3128 habere
466 3085 528 3129 non
559 3070 715 3139 valuisset,
751 3072 792 3128 ob
815 3071 875 3128 hoc
897 3070 1035 3144 prefatus
1060 3071 1234 3144 Hennyngh
1258 3073 1289 3129 in
1312 3072 1450 3146 predicta

182 3177 256 3236 sede
279 3175 441 3253 judiciaria
475 3193 532 3250 per
566 3179 670 3251 ipsum
700 3177 861 3235 dominum
886 3177 1029 3233 Vlricum
1053 3177 1199 3234 comitem
1222 3184 1251 3235 et
1274 3177 1391 3235 banum
1415 3194 1451 3237 ac

182 3284 344 3342 universos
367 3284 453 3357 regni
470 3283 591 3341 nobiles
615 3283 758 3341 similiter
782 3285 812 3341 in
837 3283 954 3340 octavis
979 3281 1048 3340 festi
1071 3283 1152 3340 beati
1174 3283 1283 3364 Jacobi
1307 3285 1451 3357 apostoli,

183 3389 384 3448 immediante
407 3390 563 3463 sequentis
588 3388 742 3462 predictas
767 3395 892 3447 octavas
915 3389 998 3446 beati
1015 3388 1149 3460 Georgii,
1166 3396 1196 3446 et
1211 3390 1355 3448 similiter
1370 3406 1450 3450 anno

184 3498 215 3555 in
242 3497 378 3570 presenti
401 3497 433 3554 in
456 3496 574 3553 octavis
598 3495 667 3553 festi
689 3474 772 3553 beati
795 3495 919 3567 Georgii
945 3496 1081 3553 martiris
1105 3512 1161 3570 per
1194 3498 1339 3554 comitem
1370 3497 1451 3557 sedis

184 3602 393 3677 zagrabiensis
424 3607 454 3660 et
485 3602 659 3674 regnicolas
692 3603 773 3660 sedis
809 3601 946 3659 eiusdem
981 3602 1129 3659 inhibitus
1163 3601 1271 3660 fuisset
1293 3604 1324 3661 in
1348 3618 1394 3677 eo,
1417 3610 1451 3664 ut

181 3726 237 3767 nec
259 3709 329 3783 ipse
351 3709 526 3781 llennyngh
548 3724 604 3766 nec
627 3709 692 3766 eius
716 3708 879 3777 tributarii,
903 3713 955 3764 aut
972 3708 1112 3766 homines
1128 3708 1276 3780 eiusdem,
1292 3711 1446 3770 tributum

182 3813 313 3890 aliquod
336 3815 368 3872 in
391 3814 642 3887 possessionibus
665 3821 694 3872 et
719 3815 830 3873 tenutis
853 3815 950 3888 ipsius
974 3815 1223 3888 quibuscumque
1246 3831 1263 3871 a
1284 3816 1405 3874 civibus
1420 3823 1450 3875 et

183 3921 361 3996 hospitibus
385 3935 421 3977 ac
443 3920 553 3978 incolis
577 3921 710 3979 ciuitatis
734 3922 848 3978 montis
872 3920 1033 3979 Grecensis
1058 3927 1217 3995 prenotate
1240 3938 1296 3979 nec
1319 3922 1357 3979 de
1381 3939 1450 3996 per·

182 4028 266 4087 sonis
291 4042 347 4084 nec
369 4027 463 4084 rebus
486 4033 516 4084 et
539 4028 628 4085 bonis
651 4027 832 4086 eorumdem
856 4027 1105 4101 quibuscumque
1128 4034 1190 4085 tam
1216 4027 1268 4084 diu
1293 4035 1398 4101 petere
1420 4034 1451 4086 et

181 4135 306 4205 exigere
335 4147 371 4190 ac
401 4133 539 4206 recipere
570 4133 719 4192 deberent
749 4133 842 4192 modo
866 4134 1005 4206 aliquali,
1030 4133 1129 4191 donec
1151 4135 1218 4207 ipsa
1241 4134 1280 4190 lis
1314 4141 1344 4191 et
1376 4151 1449 4208 que·

181 4240 289 4299 stionis
306 4239 434 4297 materia
451 4245 556 4312 partes
578 4240 658 4297 inter
681 4241 847 4314 premissas
871 4240 989 4298 iusticia
1013 4240 1167 4298 mediante
1182 4239 1275 4297 tinem
1299 4241 1449 4314 reciperet

181 4346 363 4405 decisiuum.
388 4344 506 4403 Tamen
529 4352 686 4418 pretactus
721 4347 904 4419 llennyngh,
931 4347 1030 4420 ipsam
1066 4346 1287 4403 inhibicionem
1320 4347 1449 4406 minime

181 4451 356 4523 advertens,
380 4451 532 4509 tributum
556 4466 573 4508 a
597 4452 744 4525 predictis
768 4454 897 4522 ciuibus,
921 4452 1096 4525 hospitibus
1120 4458 1149 4509 et
1184 4452 1293 4511 incolis
1316 4453 1449 4512 civitatis

181 4562 343 4633 prenotate
366 4556 406 4614 de
428 4557 521 4615 rebus
545 4564 574 4615 et
598 4558 688 4617 bonis
712 4560 852 4633 ipsorum
875 4560 998 4632 exigere
1014 4566 1043 4617 et
1059 4565 1243 4632 extorquere
1259 4576 1296 4619 ac
1310 4561 1449 4636 recipere

181 4678 240 4723 non
265 4668 414 4721 cessasset
436 4667 465 4720 et
488 4678 544 4721 nec
566 4673 698 4723 cessaret
721 4666 817 4723 eciam
842 4666 881 4723 de
903 4667 1039 4739 presenti
1061 4667 1091 4724 in
1123 4666 1329 4740 preiudieium
1353 4667 1449 4727 dicto·

180 4784 252 4829 rum
276 4771 519 4844 protestancium
544 4770 636 4830 valde
660 4787 817 4845 magnum,
841 4772 997 4848 Factaque
1019 4772 1197 4832 huiusmodi
1221 4776 1449 4848 protestacione

180 4874 321 4951 prefatus
343 4878 493 4951 magister
516 4879 656 4936 Matheus
679 4893 735 4937 suo
759 4885 788 4936 et
811 4880 997 4952 nominibus,
1026 4880 1141 4953 quibus
1164 4894 1267 4953 supra,
1292 4880 1449 4956 prefatum
