<?xml version="1.0" encoding="UTF-8"?>
<!DOCTYPE html PUBLIC "-//W3C//DTD XHTML 1.0 Transitional//EN"
    "http://www.w3.org/TR/xhtml1/DTD/xhtml1-transitional.dtd">
<html xmlns="http://www.w3.org/1999/xhtml" xml:lang="en" lang="en">
 <head>
  <title>
</title>
<meta http-equiv="Content-Type" content="text/html;charset=utf-8" />
  <meta name='ocr-system' content='tesseract 3.04.00' />
  <meta name='ocr-capabilities' content='ocr_page ocr_carea ocr_par ocr_line ocrx_word'/>
</head>
<body>
  <div class='ocr_page' id='page_1' title='image "./monumentahistor01laszgoog_0782.png"; bbox 0 0 3256 5346; ppageno 0'>
   <div class='ocr_carea' id='block_1_1' title="bbox 711 424 1140 508">
    <p class='ocr_par' dir='ltr' id='par_1_1' title="bbox 711 424 1140 508">
     <span class='ocr_line' id='line_1_1' title="bbox 711 424 1140 508; baseline 0 -19"><span class='ocrx_word' id='word_1_1' title='bbox 711 431 785 492; x_wconf 82' lang='lat' dir='ltr'><strong>Dec.</strong></span> <span class='ocrx_word' id='word_1_2' title='bbox 801 443 877 508; x_wconf 78' lang='lat'><em>391.</em></span> <span class='ocrx_word' id='word_1_3' title='bbox 900 461 944 474; x_wconf 92' lang='lat'><em>-</em></span> <span class='ocrx_word' id='word_1_4' title='bbox 966 429 1023 488; x_wconf 76' lang='lat' dir='ltr'><strong>An.</strong></span> <span class='ocrx_word' id='word_1_5' title='bbox 1047 424 1140 507; x_wconf 69' lang='lat'><em>1498.</em></span> 
     </span>
    </p>
   </div>
   <div class='ocr_carea' id='block_1_2' title="bbox 1110 532 1571 541">
    <p class='ocr_par' dir='ltr' id='par_1_2' title="bbox 1110 532 1571 541">
     <span class='ocr_line' id='line_1_2' title="bbox 1110 532 1571 541; baseline -0.004 0"><span class='ocrx_word' id='word_1_6' title='bbox 1110 532 1571 541; x_wconf 81' lang='lat'><em>—-——--—————</em></span> 
     </span>
    </p>
   </div>
   <div class='ocr_carea' id='block_1_3' title="bbox 401 641 964 848">
    <p class='ocr_par' dir='ltr' id='par_1_3' title="bbox 401 641 964 848">
     <span class='ocr_line' id='line_1_3' title="bbox 880 641 964 707; baseline -0.024 -1"><span class='ocrx_word' id='word_1_7' title='bbox 880 641 964 707; x_wconf 77' lang='lat'><strong>391.</strong></span> 
     </span>
     <span class='ocr_line' id='line_1_4' title="bbox 401 781 892 848; baseline -0.004 -13"><span class='ocrx_word' id='word_1_8' title='bbox 401 787 482 835; x_wconf 84' lang='lat' dir='ltr'><strong>Auno</strong></span> <span class='ocrx_word' id='word_1_9' title='bbox 503 785 577 848; x_wconf 83' lang='lat'><strong>1498,</strong></span> <span class='ocrx_word' id='word_1_10' title='bbox 599 797 639 847; x_wconf 86' lang='lat'><strong>24.</strong></span> <span class='ocrx_word' id='word_1_11' title='bbox 654 784 776 847; x_wconf 76' lang='lat' dir='ltr'>Augusti.</span> <span class='ocrx_word' id='word_1_12' title='bbox 795 781 892 833; x_wconf 85' lang='lat' dir='ltr'><strong>Budae.</strong></span> 
     </span>
    </p>
   </div>
   <div class='ocr_carea' id='block_1_4' title="bbox 304 908 1569 1091">
    <p class='ocr_par' dir='ltr' id='par_1_4' title="bbox 304 908 1569 1091">
     <span class='ocr_line' id='line_1_5' title="bbox 304 908 1569 986; baseline -0.006 -15"><span class='ocrx_word' id='word_1_13' title='bbox 304 914 470 972; x_wconf 85' lang='lat' dir='ltr'><strong>Vladislaus</strong></span> <span class='ocrx_word' id='word_1_14' title='bbox 504 913 681 986; x_wconf 81' lang='lat' dir='ltr'><strong>Hrengarioe</strong></span> <span class='ocrx_word' id='word_1_15' title='bbox 702 919 749 971; x_wconf 84' lang='lat' dir='ltr'><strong>etc.</strong></span> <span class='ocrx_word' id='word_1_16' title='bbox 773 928 835 970; x_wconf 83' lang='lat' dir='ltr'><strong>rex.</strong></span> <span class='ocrx_word' id='word_1_17' title='bbox 858 909 1074 966; x_wconf 81' lang='lat' dir='ltr'><strong>Bernardinum</strong></span> <span class='ocrx_word' id='word_1_18' title='bbox 1100 908 1278 981; x_wconf 78' lang='lat' dir='ltr'><strong>Frangepon</strong></span> <span class='ocrx_word' id='word_1_19' title='bbox 1302 911 1433 966; x_wconf 66' lang='lat' dir='ltr'><strong>camdem</strong></span> <span class='ocrx_word' id='word_1_20' title='bbox 1458 926 1480 964; x_wconf 86' lang='lat' dir='ltr'><strong>a</strong></span> <span class='ocrx_word' id='word_1_21' title='bbox 1503 908 1569 965; x_wconf 81' lang='lat' dir='ltr'><strong>civi-</strong></span> 
     </span>
     <span class='ocr_line' id='line_1_6' title="bbox 618 1017 1243 1091; baseline 0 -15"><span class='ocrx_word' id='word_1_22' title='bbox 618 1025 677 1077; x_wconf 81' lang='lat' dir='ltr'><strong>tate</strong></span> <span class='ocrx_word' id='word_1_23' title='bbox 692 1017 809 1091; x_wconf 72' lang='lat' dir='ltr'><strong>sagrab.</strong></span> <span class='ocrx_word' id='word_1_24' title='bbox 827 1017 995 1091; x_wconf 77' lang='lat' dir='ltr'><strong>portorium</strong></span> <span class='ocrx_word' id='word_1_25' title='bbox 1019 1017 1131 1090; x_wconf 82' lang='lat' dir='ltr'><em>exigere</em></span> <span class='ocrx_word' id='word_1_26' title='bbox 1154 1023 1243 1076; x_wconf 79' lang='lat' dir='ltr'><strong>velat.</strong></span> 
     </span>
    </p>
   </div>
   <div class='ocr_carea' id='block_1_5' title="bbox 996 1172 1493 1238">
    <p class='ocr_par' dir='ltr' id='par_1_5' title="bbox 996 1172 1493 1238">
     <span class='ocr_line' id='line_1_7' title="bbox 996 1172 1493 1238; baseline 0.002 -16"><span class='ocrx_word' id='word_1_27' title='bbox 996 1173 1149 1223; x_wconf 87' lang='lat' dir='ltr'><strong>Commissio</strong></span> <span class='ocrx_word' id='word_1_28' title='bbox 1168 1173 1273 1238; x_wconf 85' lang='lat' dir='ltr'><strong>propria</strong></span> <span class='ocrx_word' id='word_1_29' title='bbox 1291 1173 1393 1221; x_wconf 89' lang='lat' dir='ltr'><strong>domini</strong></span> <span class='ocrx_word' id='word_1_30' title='bbox 1413 1172 1493 1237; x_wconf 85' lang='lat' dir='ltr'><strong>regis.</strong></span> 
     </span>
    </p>
   </div>
   <div class='ocr_carea' id='block_1_6' title="bbox 289 1302 1563 4770">
    <p class='ocr_par' dir='ltr' id='par_1_6' title="bbox 289 1302 1563 4770">
     <span class='ocr_line' id='line_1_8' title="bbox 399 1302 1563 1380; baseline -0.006 -14"><span class='ocrx_word' id='word_1_31' title='bbox 399 1309 594 1366; x_wconf 82' lang='lat' dir='ltr'><strong>wladislaus</strong></span> <span class='ocrx_word' id='word_1_32' title='bbox 618 1307 667 1364; x_wconf 90' lang='lat' dir='ltr'><strong>dei</strong></span> <span class='ocrx_word' id='word_1_33' title='bbox 691 1307 795 1380; x_wconf 83' lang='lat' dir='ltr'>gracia</span> <span class='ocrx_word' id='word_1_34' title='bbox 818 1321 873 1364; x_wconf 89' lang='lat' dir='ltr'><strong>rex</strong></span> <span class='ocrx_word' id='word_1_35' title='bbox 896 1303 1055 1376; x_wconf 85' lang='lat' dir='ltr'><strong>Hungarie</strong></span> <span class='ocrx_word' id='word_1_36' title='bbox 1079 1311 1107 1361; x_wconf 91' lang='lat' dir='ltr'><strong>et</strong></span> <span class='ocrx_word' id='word_1_37' title='bbox 1131 1303 1278 1361; x_wconf 83' lang='lat' dir='ltr'><strong>Bohemie</strong></span> <span class='ocrx_word' id='word_1_38' title='bbox 1300 1308 1357 1360; x_wconf 85' lang='lat' dir='ltr'><strong>etc.</strong></span> <span class='ocrx_word' id='word_1_39' title='bbox 1382 1302 1487 1361; x_wconf 88' lang='lat' dir='ltr'><strong>Fideli</strong></span> <span class='ocrx_word' id='word_1_40' title='bbox 1510 1317 1563 1359; x_wconf 92' lang='lat' dir='ltr'><strong>no·</strong></span> 
     </span>
     <span class='ocr_line' id='line_1_9' title="bbox 294 1408 1563 1489; baseline -0.007 -15"><span class='ocrx_word' id='word_1_41' title='bbox 294 1423 360 1474; x_wconf 89' lang='lat' dir='ltr'><strong>stro</strong></span> <span class='ocrx_word' id='word_1_42' title='bbox 383 1413 548 1489; x_wconf 81' lang='lat' dir='ltr'><strong>spectabili</strong></span> <span class='ocrx_word' id='word_1_43' title='bbox 578 1418 608 1470; x_wconf 93' lang='lat' dir='ltr'><strong>et</strong></span> <span class='ocrx_word' id='word_1_44' title='bbox 639 1411 804 1485; x_wconf 87' lang='lat' dir='ltr'><strong>magnifico</strong></span> <span class='ocrx_word' id='word_1_45' title='bbox 828 1408 1017 1468; x_wconf 87' lang='lat' dir='ltr'><strong>Bernardino</strong></span> <span class='ocrx_word' id='word_1_46' title='bbox 1040 1409 1146 1468; x_wconf 92' lang='lat' dir='ltr'><strong>comiti</strong></span> <span class='ocrx_word' id='word_1_47' title='bbox 1169 1408 1208 1466; x_wconf 92' lang='lat' dir='ltr'><strong>de</strong></span> <span class='ocrx_word' id='word_1_48' title='bbox 1231 1409 1495 1482; x_wconf 88' lang='lat' dir='ltr'><strong>Frangapauibus</strong></span> <span class='ocrx_word' id='word_1_49' title='bbox 1517 1424 1563 1465; x_wconf 90' lang='lat' dir='ltr'><strong>sa·</strong></span> 
     </span>
     <span class='ocr_line' id='line_1_10' title="bbox 293 1514 1560 1592; baseline -0.006 -13"><span class='ocrx_word' id='word_1_50' title='bbox 293 1522 391 1579; x_wconf 92' lang='lat' dir='ltr'><strong>lutem</strong></span> <span class='ocrx_word' id='word_1_51' title='bbox 415 1527 445 1578; x_wconf 90' lang='lat' dir='ltr'><strong>et</strong></span> <span class='ocrx_word' id='word_1_52' title='bbox 468 1519 613 1592; x_wconf 79' lang='lat' dir='ltr'>graciam.</span> <span class='ocrx_word' id='word_1_53' title='bbox 638 1518 784 1576; x_wconf 84' lang='lat' dir='ltr'><strong>Graviter</strong></span> <span class='ocrx_word' id='word_1_54' title='bbox 807 1521 1041 1590; x_wconf 86' lang='lat' dir='ltr'><strong>conqueruntur</strong></span> <span class='ocrx_word' id='word_1_55' title='bbox 1064 1515 1218 1573; x_wconf 87' lang='lat' dir='ltr'><strong>maiestati</strong></span> <span class='ocrx_word' id='word_1_56' title='bbox 1239 1519 1344 1573; x_wconf 89' lang='lat' dir='ltr'><strong>nostre</strong></span> <span class='ocrx_word' id='word_1_57' title='bbox 1368 1514 1483 1572; x_wconf 87' lang='lat' dir='ltr'><strong>fideles</strong></span> <span class='ocrx_word' id='word_1_58' title='bbox 1509 1529 1560 1572; x_wconf 82' lang='lat' dir='ltr'><strong>no</strong></span> 
     </span>
     <span class='ocr_line' id='line_1_11' title="bbox 291 1620 1557 1700; baseline -0.005 -15"><span class='ocrx_word' id='word_1_59' title='bbox 291 1628 348 1685; x_wconf 89' lang='lat' dir='ltr'><strong>stri</strong></span> <span class='ocrx_word' id='word_1_60' title='bbox 370 1624 538 1700; x_wconf 76' lang='lat' dir='ltr'><strong>prudentes</strong></span> <span class='ocrx_word' id='word_1_61' title='bbox 560 1629 591 1682; x_wconf 88' lang='lat' dir='ltr'><strong>et</strong></span> <span class='ocrx_word' id='word_1_62' title='bbox 614 1624 830 1698; x_wconf 79' lang='lat' dir='ltr'><strong>circumspecti</strong></span> <span class='ocrx_word' id='word_1_63' title='bbox 840 1621 944 1699; x_wconf 83' lang='lat' dir='ltr'><strong>judex,</strong></span> <span class='ocrx_word' id='word_1_64' title='bbox 959 1620 1060 1698; x_wconf 83' lang='lat' dir='ltr'><strong>jurati,</strong></span> <span class='ocrx_word' id='word_1_65' title='bbox 1073 1625 1227 1695; x_wconf 88' lang='lat' dir='ltr'><strong>ceterique</strong></span> <span class='ocrx_word' id='word_1_66' title='bbox 1242 1621 1327 1680; x_wconf 87' lang='lat' dir='ltr'><strong>cives</strong></span> <span class='ocrx_word' id='word_1_67' title='bbox 1342 1632 1374 1679; x_wconf 93' lang='lat' dir='ltr'><strong>et</strong></span> <span class='ocrx_word' id='word_1_68' title='bbox 1391 1626 1457 1679; x_wconf 88' lang='lat' dir='ltr'><strong>tota</strong></span> <span class='ocrx_word' id='word_1_69' title='bbox 1473 1635 1557 1679; x_wconf 92' lang='lat' dir='ltr'><strong>com·</strong></span> 
     </span>
     <span class='ocr_line' id='line_1_12' title="bbox 294 1727 1559 1802; baseline -0.005 -12"><span class='ocrx_word' id='word_1_70' title='bbox 294 1732 429 1790; x_wconf 88' lang='lat' dir='ltr'><strong>munitas</strong></span> <span class='ocrx_word' id='word_1_71' title='bbox 452 1730 585 1789; x_wconf 85' lang='lat' dir='ltr'><strong>civitatis</strong></span> <span class='ocrx_word' id='word_1_72' title='bbox 614 1735 718 1787; x_wconf 90' lang='lat' dir='ltr'><strong>nostre</strong></span> <span class='ocrx_word' id='word_1_73' title='bbox 741 1728 854 1787; x_wconf 90' lang='lat' dir='ltr'><strong>montis</strong></span> <span class='ocrx_word' id='word_1_74' title='bbox 878 1727 1041 1786; x_wconf 91' lang='lat' dir='ltr'><strong>Greceusis</strong></span> <span class='ocrx_word' id='word_1_75' title='bbox 1064 1727 1199 1800; x_wconf 84' lang='lat' dir='ltr'><strong>qualiter</strong></span> <span class='ocrx_word' id='word_1_76' title='bbox 1220 1728 1282 1802; x_wconf 89' lang='lat' dir='ltr'><strong>ipsi</strong></span> <span class='ocrx_word' id='word_1_77' title='bbox 1304 1727 1336 1786; x_wconf 90' lang='lat' dir='ltr'><strong>in</strong></span> <span class='ocrx_word' id='word_1_78' title='bbox 1359 1727 1438 1786; x_wconf 90' lang='lat' dir='ltr'><strong>locis</strong></span> <span class='ocrx_word' id='word_1_79' title='bbox 1461 1728 1559 1786; x_wconf 92' lang='lat' dir='ltr'><strong>tribu·</strong></span> 
     </span>
     <span class='ocr_line' id='line_1_13' title="bbox 292 1833 1559 1910; baseline -0.005 -14"><span class='ocrx_word' id='word_1_80' title='bbox 292 1844 397 1897; x_wconf 90' lang='lat' dir='ltr'><strong>torum</strong></span> <span class='ocrx_word' id='word_1_81' title='bbox 426 1842 612 1907; x_wconf 82' lang='lat' dir='ltr'><strong>vestrorum,</strong></span> <span class='ocrx_word' id='word_1_82' title='bbox 643 1836 808 1910; x_wconf 86' lang='lat' dir='ltr'><strong>presertim</strong></span> <span class='ocrx_word' id='word_1_83' title='bbox 832 1848 908 1893; x_wconf 86' lang='lat' dir='ltr'><strong>vero</strong></span> <span class='ocrx_word' id='word_1_84' title='bbox 937 1833 969 1892; x_wconf 90' lang='lat' dir='ltr'><strong>in</strong></span> <span class='ocrx_word' id='word_1_85' title='bbox 993 1833 1160 1906; x_wconf 88' lang='lat' dir='ltr'><strong>Modrusio,</strong></span> <span class='ocrx_word' id='word_1_86' title='bbox 1191 1848 1244 1907; x_wconf 88' lang='lat' dir='ltr'><strong>per</strong></span> <span class='ocrx_word' id='word_1_87' title='bbox 1277 1833 1508 1892; x_wconf 88' lang='lat' dir='ltr'><strong>theloneatores</strong></span> <span class='ocrx_word' id='word_1_88' title='bbox 1530 1839 1559 1892; x_wconf 86' lang='lat' dir='ltr'><strong>et</strong></span> 
     </span>
     <span class='ocr_line' id='line_1_14' title="bbox 294 1939 1556 2015; baseline -0.004 -13"><span class='ocrx_word' id='word_1_89' title='bbox 294 1943 426 2002; x_wconf 80' lang='lat' dir='ltr'><strong>factores</strong></span> <span class='ocrx_word' id='word_1_90' title='bbox 448 1947 569 2000; x_wconf 89' lang='lat' dir='ltr'><strong>vestros</strong></span> <span class='ocrx_word' id='word_1_91' title='bbox 591 1947 697 2000; x_wconf 85' lang='lat' dir='ltr'><strong>contra</strong></span> <span class='ocrx_word' id='word_1_92' title='bbox 721 1942 863 2015; x_wconf 90' lang='lat' dir='ltr'><strong>antiquas</strong></span> <span class='ocrx_word' id='word_1_93' title='bbox 886 1940 1054 2011; x_wconf 83' lang='lat' dir='ltr'><strong>libertates,</strong></span> <span class='ocrx_word' id='word_1_94' title='bbox 1077 1939 1271 1997; x_wconf 84' lang='lat' dir='ltr'><strong>exemcioues</strong></span> <span class='ocrx_word' id='word_1_95' title='bbox 1293 1945 1325 1997; x_wconf 89' lang='lat' dir='ltr'><strong>et</strong></span> <span class='ocrx_word' id='word_1_96' title='bbox 1340 1941 1556 2014; x_wconf 83' lang='lat' dir='ltr'><strong>prerogativas</strong></span> 
     </span>
     <span class='ocr_line' id='line_1_15' title="bbox 293 2044 1557 2122; baseline -0.003 -14"><span class='ocrx_word' id='word_1_97' title='bbox 293 2064 404 2108; x_wconf 89' lang='lat' dir='ltr'><strong>eorum</strong></span> <span class='ocrx_word' id='word_1_98' title='bbox 434 2064 490 2122; x_wconf 90' lang='lat' dir='ltr'><strong>per</strong></span> <span class='ocrx_word' id='word_1_99' title='bbox 514 2046 605 2105; x_wconf 87' lang='lat' dir='ltr'><strong>divos</strong></span> <span class='ocrx_word' id='word_1_100' title='bbox 627 2062 717 2120; x_wconf 89' lang='lat' dir='ltr'><strong>reges</strong></span> <span class='ocrx_word' id='word_1_101' title='bbox 739 2047 906 2119; x_wconf 87' lang='lat' dir='ltr'><strong>Huugarie,</strong></span> <span class='ocrx_word' id='word_1_102' title='bbox 928 2051 1050 2104; x_wconf 89' lang='lat' dir='ltr'><strong>nostros</strong></span> <span class='ocrx_word' id='word_1_103' title='bbox 1072 2044 1190 2103; x_wconf 90' lang='lat' dir='ltr'><strong>scilicet</strong></span> <span class='ocrx_word' id='word_1_104' title='bbox 1213 2044 1458 2120; x_wconf 83' lang='lat' dir='ltr'><strong>predecessores,</strong></span> <span class='ocrx_word' id='word_1_105' title='bbox 1481 2046 1557 2120; x_wconf 89' lang='lat' dir='ltr'><strong>ipsis</strong></span> 
     </span>
     <span class='ocr_line' id='line_1_16' title="bbox 293 2150 1558 2228; baseline -0.001 -15"><span class='ocrx_word' id='word_1_106' title='bbox 293 2156 432 2228; x_wconf 78' lang='lat' dir='ltr'><strong>graciose</strong></span> <span class='ocrx_word' id='word_1_107' title='bbox 455 2168 623 2225; x_wconf 90' lang='lat' dir='ltr'><strong>concessas,</strong></span> <span class='ocrx_word' id='word_1_108' title='bbox 647 2152 688 2211; x_wconf 90' lang='lat' dir='ltr'><strong>ad</strong></span> <span class='ocrx_word' id='word_1_109' title='bbox 703 2153 893 2211; x_wconf 90' lang='lat' dir='ltr'><strong>solucionem</strong></span> <span class='ocrx_word' id='word_1_110' title='bbox 917 2152 1107 2210; x_wconf 90' lang='lat' dir='ltr'><strong>tributorum</strong></span> <span class='ocrx_word' id='word_1_111' title='bbox 1130 2150 1397 2226; x_wconf 87' lang='lat' dir='ltr'><strong>compellerentur</strong></span> <span class='ocrx_word' id='word_1_112' title='bbox 1418 2159 1450 2211; x_wconf 91' lang='lat' dir='ltr'><strong>et</strong></span> <span class='ocrx_word' id='word_1_113' title='bbox 1465 2168 1558 2227; x_wconf 90' lang='lat' dir='ltr'><strong>prop·</strong></span> 
     </span>
     <span class='ocr_line' id='line_1_17' title="bbox 294 2256 1557 2333; baseline -0.002 -14"><span class='ocrx_word' id='word_1_114' title='bbox 294 2267 340 2319; x_wconf 90' lang='lat' dir='ltr'><strong>ter</strong></span> <span class='ocrx_word' id='word_1_115' title='bbox 371 2276 433 2319; x_wconf 91' lang='lat' dir='ltr'><strong>non</strong></span> <span class='ocrx_word' id='word_1_116' title='bbox 464 2260 656 2318; x_wconf 89' lang='lat' dir='ltr'><strong>solucionem</strong></span> <span class='ocrx_word' id='word_1_117' title='bbox 687 2259 857 2317; x_wconf 89' lang='lat' dir='ltr'><strong>eorundem</strong></span> <span class='ocrx_word' id='word_1_118' title='bbox 893 2257 1111 2332; x_wconf 90' lang='lat' dir='ltr'><strong>multipliciter</strong></span> <span class='ocrx_word' id='word_1_119' title='bbox 1132 2256 1429 2330; x_wconf 83' lang='lat' dir='ltr'><strong>damnificarentur,</strong></span> <span class='ocrx_word' id='word_1_120' title='bbox 1445 2260 1557 2333; x_wconf 93' lang='lat' dir='ltr'><strong>quibus</strong></span> 
     </span>
     <span class='ocr_line' id='line_1_18' title="bbox 293 2363 1557 2438; baseline -0.003 -12"><span class='ocrx_word' id='word_1_121' title='bbox 293 2368 417 2426; x_wconf 90' lang='lat' dir='ltr'><strong>tametsi</strong></span> <span class='ocrx_word' id='word_1_122' title='bbox 440 2367 471 2425; x_wconf 94' lang='lat' dir='ltr'><strong>iu</strong></span> <span class='ocrx_word' id='word_1_123' title='bbox 494 2366 586 2423; x_wconf 91' lang='lat' dir='ltr'><strong>bonis</strong></span> <span class='ocrx_word' id='word_1_124' title='bbox 608 2365 743 2423; x_wconf 87' lang='lat' dir='ltr'><strong>aliorum</strong></span> <span class='ocrx_word' id='word_1_125' title='bbox 767 2366 798 2423; x_wconf 93' lang='lat' dir='ltr'><strong>in</strong></span> <span class='ocrx_word' id='word_1_126' title='bbox 820 2365 878 2423; x_wconf 93' lang='lat' dir='ltr'><strong>illo</strong></span> <span class='ocrx_word' id='word_1_127' title='bbox 900 2378 996 2438; x_wconf 90' lang='lat' dir='ltr'><strong>reguo</strong></span> <span class='ocrx_word' id='word_1_128' title='bbox 1011 2363 1174 2422; x_wconf 85' lang='lat' dir='ltr'><strong>Sclauouie</strong></span> <span class='ocrx_word' id='word_1_129' title='bbox 1196 2364 1377 2424; x_wconf 88' lang='lat' dir='ltr'><strong>huiusmodi</strong></span> <span class='ocrx_word' id='word_1_130' title='bbox 1400 2365 1557 2425; x_wconf 85' lang='lat' dir='ltr'><strong>libertates</strong></span> 
     </span>
     <span class='ocr_line' id='line_1_19' title="bbox 293 2470 1555 2546; baseline -0.003 -14"><span class='ocrx_word' id='word_1_131' title='bbox 293 2474 413 2546; x_wconf 85' lang='lat' dir='ltr'><strong>absque</strong></span> <span class='ocrx_word' id='word_1_132' title='bbox 435 2472 566 2545; x_wconf 87' lang='lat' dir='ltr'><strong>aliquali</strong></span> <span class='ocrx_word' id='word_1_133' title='bbox 588 2471 764 2530; x_wconf 88' lang='lat' dir='ltr'><strong>resistencia</strong></span> <span class='ocrx_word' id='word_1_134' title='bbox 786 2472 1002 2542; x_wconf 89' lang='lat' dir='ltr'><strong>observantur,</strong></span> <span class='ocrx_word' id='word_1_135' title='bbox 1026 2471 1058 2529; x_wconf 91' lang='lat' dir='ltr'><strong>iu</strong></span> <span class='ocrx_word' id='word_1_136' title='bbox 1080 2470 1193 2528; x_wconf 86' lang='lat' dir='ltr'><strong>vestris</strong></span> <span class='ocrx_word' id='word_1_137' title='bbox 1212 2478 1317 2530; x_wconf 90' lang='lat' dir='ltr'><strong>tamen</strong></span> <span class='ocrx_word' id='word_1_138' title='bbox 1339 2472 1445 2530; x_wconf 90' lang='lat' dir='ltr'><strong>solum</strong></span> <span class='ocrx_word' id='word_1_139' title='bbox 1469 2473 1555 2532; x_wconf 90' lang='lat' dir='ltr'><strong>bonis</strong></span> 
     </span>
     <span class='ocr_line' id='line_1_20' title="bbox 294 2574 1556 2653; baseline 0.001 -17"><span class='ocrx_word' id='word_1_140' title='bbox 294 2576 475 2636; x_wconf 88' lang='lat' dir='ltr'><strong>huiusmodi</strong></span> <span class='ocrx_word' id='word_1_141' title='bbox 497 2592 606 2635; x_wconf 90' lang='lat' dir='ltr'><strong>eorum</strong></span> <span class='ocrx_word' id='word_1_142' title='bbox 629 2578 790 2634; x_wconf 90' lang='lat' dir='ltr'><strong>libertates</strong></span> <span class='ocrx_word' id='word_1_143' title='bbox 812 2574 1033 2649; x_wconf 86' lang='lat' dir='ltr'><strong>infrigereutur</strong></span> <span class='ocrx_word' id='word_1_144' title='bbox 1055 2577 1086 2634; x_wconf 91' lang='lat' dir='ltr'><strong>in</strong></span> <span class='ocrx_word' id='word_1_145' title='bbox 1109 2590 1216 2634; x_wconf 89' lang='lat' dir='ltr'><strong>eorum</strong></span> <span class='ocrx_word' id='word_1_146' title='bbox 1241 2578 1451 2650; x_wconf 87' lang='lat' dir='ltr'><strong>preludicium</strong></span> <span class='ocrx_word' id='word_1_147' title='bbox 1466 2588 1556 2653; x_wconf 88' lang='lat' dir='ltr'><strong>atque</strong></span> 
     </span>
     <span class='ocr_line' id='line_1_21' title="bbox 294 2682 1555 2759; baseline 0 -17"><span class='ocrx_word' id='word_1_148' title='bbox 294 2684 453 2743; x_wconf 87' lang='lat' dir='ltr'><strong>damnum.</strong></span> <span class='ocrx_word' id='word_1_149' title='bbox 477 2683 557 2757; x_wconf 83' lang='lat' dir='ltr'><strong>Quia</strong></span> <span class='ocrx_word' id='word_1_150' title='bbox 579 2698 653 2741; x_wconf 91' lang='lat' dir='ltr'><strong>vero</strong></span> <span class='ocrx_word' id='word_1_151' title='bbox 674 2697 731 2741; x_wconf 90' lang='lat' dir='ltr'><strong>nos</strong></span> <span class='ocrx_word' id='word_1_152' title='bbox 756 2683 857 2756; x_wconf 87' lang='lat' dir='ltr'><strong>ipsam</strong></span> <span class='ocrx_word' id='word_1_153' title='bbox 880 2682 1039 2741; x_wconf 89' lang='lat' dir='ltr'><strong>civitatem</strong></span> <span class='ocrx_word' id='word_1_154' title='bbox 1062 2687 1210 2754; x_wconf 85' lang='lat' dir='ltr'><strong>nostram,</strong></span> <span class='ocrx_word' id='word_1_155' title='bbox 1233 2697 1293 2757; x_wconf 90' lang='lat' dir='ltr'><strong>que</strong></span> <span class='ocrx_word' id='word_1_156' title='bbox 1317 2691 1348 2742; x_wconf 91' lang='lat' dir='ltr'><strong>et</strong></span> <span class='ocrx_word' id='word_1_157' title='bbox 1369 2685 1555 2759; x_wconf 89' lang='lat' dir='ltr'><strong>alioquinin</strong></span> 
     </span>
     <span class='ocr_line' id='line_1_22' title="bbox 293 2787 1555 2862; baseline -0.001 -14"><span class='ocrx_word' id='word_1_158' title='bbox 293 2788 468 2848; x_wconf 82' lang='lat' dir='ltr'><strong>confinibus</strong></span> <span class='ocrx_word' id='word_1_159' title='bbox 491 2789 579 2861; x_wconf 88' lang='lat' dir='ltr'><strong>regni</strong></span> <span class='ocrx_word' id='word_1_160' title='bbox 608 2789 706 2846; x_wconf 89' lang='lat' dir='ltr'><strong>nostri</strong></span> <span class='ocrx_word' id='word_1_161' title='bbox 730 2789 831 2862; x_wconf 89' lang='lat' dir='ltr'><strong>posita</strong></span> <span class='ocrx_word' id='word_1_162' title='bbox 854 2803 910 2862; x_wconf 91' lang='lat' dir='ltr'><strong>per</strong></span> <span class='ocrx_word' id='word_1_163' title='bbox 931 2788 1090 2846; x_wconf 90' lang='lat' dir='ltr'><strong>oontiuuas</strong></span> <span class='ocrx_word' id='word_1_164' title='bbox 1113 2787 1309 2847; x_wconf 84' lang='lat' dir='ltr'><strong>excursiones</strong></span> <span class='ocrx_word' id='word_1_165' title='bbox 1331 2789 1506 2851; x_wconf 86' lang='lat' dir='ltr'><strong>Turcorum</strong></span> <span class='ocrx_word' id='word_1_166' title='bbox 1527 2797 1555 2848; x_wconf 91' lang='lat' dir='ltr'><strong>et</strong></span> 
     </span>
     <span class='ocr_line' id='line_1_23' title="bbox 293 2893 1554 2969; baseline 0.002 -15"><span class='ocrx_word' id='word_1_167' title='bbox 293 2896 371 2954; x_wconf 87' lang='lat' dir='ltr'><strong>alias</strong></span> <span class='ocrx_word' id='word_1_168' title='bbox 394 2895 497 2953; x_wconf 86' lang='lat' dir='ltr'><strong>varias</strong></span> <span class='ocrx_word' id='word_1_169' title='bbox 520 2895 661 2953; x_wconf 90' lang='lat' dir='ltr'><strong>inimicas</strong></span> <span class='ocrx_word' id='word_1_170' title='bbox 683 2895 826 2954; x_wconf 90' lang='lat' dir='ltr'><strong>naciones</strong></span> <span class='ocrx_word' id='word_1_171' title='bbox 849 2895 1023 2969; x_wconf 89' lang='lat' dir='ltr'><strong>plurimum</strong></span> <span class='ocrx_word' id='word_1_172' title='bbox 1047 2893 1185 2952; x_wconf 89' lang='lat' dir='ltr'><strong>desolata</strong></span> <span class='ocrx_word' id='word_1_173' title='bbox 1208 2901 1263 2966; x_wconf 88' lang='lat' dir='ltr'><strong>est,</strong></span> <span class='ocrx_word' id='word_1_174' title='bbox 1286 2896 1319 2953; x_wconf 90' lang='lat' dir='ltr'><strong>in</strong></span> <span class='ocrx_word' id='word_1_175' title='bbox 1342 2898 1408 2955; x_wconf 91' lang='lat' dir='ltr'><strong>suis</strong></span> <span class='ocrx_word' id='word_1_176' title='bbox 1432 2898 1554 2957; x_wconf 88' lang='lat' dir='ltr'><strong>liberta·</strong></span> 
     </span>
     <span class='ocr_line' id='line_1_24' title="bbox 295 3001 1555 3075; baseline 0.001 -15"><span class='ocrx_word' id='word_1_177' title='bbox 295 3002 380 3060; x_wconf 90' lang='lat' dir='ltr'><strong>tibus</strong></span> <span class='ocrx_word' id='word_1_178' title='bbox 403 3006 433 3059; x_wconf 88' lang='lat' dir='ltr'><strong>et</strong></span> <span class='ocrx_word' id='word_1_179' title='bbox 464 3001 696 3059; x_wconf 87' lang='lat' dir='ltr'><strong>exemcionibus</strong></span> <span class='ocrx_word' id='word_1_180' title='bbox 728 3006 927 3059; x_wconf 88' lang='lat' dir='ltr'><strong>manutenere</strong></span> <span class='ocrx_word' id='word_1_181' title='bbox 949 3016 1074 3075; x_wconf 88' lang='lat' dir='ltr'><strong>semper</strong></span> <span class='ocrx_word' id='word_1_182' title='bbox 1097 3001 1253 3073; x_wconf 88' lang='lat' dir='ltr'><strong>volumus,</strong></span> <span class='ocrx_word' id='word_1_183' title='bbox 1277 3001 1348 3060; x_wconf 86' lang='lat' dir='ltr'><strong>ideo</strong></span> <span class='ocrx_word' id='word_1_184' title='bbox 1372 3004 1555 3062; x_wconf 85' lang='lat' dir='ltr'><strong>mandamus</strong></span> 
     </span>
     <span class='ocr_line' id='line_1_25' title="bbox 294 3106 1555 3180; baseline 0.003 -16"><span class='ocrx_word' id='word_1_185' title='bbox 294 3107 441 3165; x_wconf 88' lang='lat' dir='ltr'><strong>fidelitati</strong></span> <span class='ocrx_word' id='word_1_186' title='bbox 459 3119 560 3164; x_wconf 87' lang='lat' dir='ltr'><strong>vestre</strong></span> <span class='ocrx_word' id='word_1_187' title='bbox 569 3107 646 3165; x_wconf 90' lang='lat' dir='ltr'><strong>serie</strong></span> <span class='ocrx_word' id='word_1_188' title='bbox 659 3108 854 3180; x_wconf 87' lang='lat' dir='ltr'><strong>presencium</strong></span> <span class='ocrx_word' id='word_1_189' title='bbox 867 3106 1054 3178; x_wconf 88' lang='lat' dir='ltr'><strong>firmissime,</strong></span> <span class='ocrx_word' id='word_1_190' title='bbox 1066 3107 1152 3166; x_wconf 90' lang='lat' dir='ltr'><strong>aliud</strong></span> <span class='ocrx_word' id='word_1_191' title='bbox 1164 3109 1196 3166; x_wconf 91' lang='lat' dir='ltr'><strong>in</strong></span> <span class='ocrx_word' id='word_1_192' title='bbox 1208 3123 1334 3166; x_wconf 90' lang='lat' dir='ltr'><strong>omnem</strong></span> <span class='ocrx_word' id='word_1_193' title='bbox 1346 3116 1494 3168; x_wconf 86' lang='lat' dir='ltr'><strong>eventum</strong></span> <span class='ocrx_word' id='word_1_194' title='bbox 1505 3110 1555 3168; x_wconf 84' lang='lat' dir='ltr'><strong>lra-</strong></span> 
     </span>
     <span class='ocr_line' id='line_1_26' title="bbox 293 3212 1553 3286; baseline 0.001 -14"><span class='ocrx_word' id='word_1_195' title='bbox 293 3215 368 3272; x_wconf 88' lang='lat' dir='ltr'><strong>bere</strong></span> <span class='ocrx_word' id='word_1_196' title='bbox 390 3214 538 3282; x_wconf 90' lang='lat' dir='ltr'><strong>uolentes,</strong></span> <span class='ocrx_word' id='word_1_197' title='bbox 562 3217 595 3269; x_wconf 89' lang='lat' dir='ltr'><strong>ut</strong></span> <span class='ocrx_word' id='word_1_198' title='bbox 618 3213 722 3269; x_wconf 87' lang='lat' dir='ltr'><strong>statim</strong></span> <span class='ocrx_word' id='word_1_199' title='bbox 747 3212 821 3270; x_wconf 87' lang='lat' dir='ltr'><strong>visis</strong></span> <span class='ocrx_word' id='word_1_200' title='bbox 845 3214 1040 3286; x_wconf 89' lang='lat' dir='ltr'><strong>presentibus</strong></span> <span class='ocrx_word' id='word_1_201' title='bbox 1063 3214 1264 3272; x_wconf 88' lang='lat' dir='ltr'><strong>committatis</strong></span> <span class='ocrx_word' id='word_1_202' title='bbox 1287 3215 1436 3274; x_wconf 89' lang='lat' dir='ltr'><strong>omuibus</strong></span> <span class='ocrx_word' id='word_1_203' title='bbox 1459 3216 1553 3276; x_wconf 82' lang='lat' dir='ltr'><strong>thelo</strong></span> 
     </span>
     <span class='ocr_line' id='line_1_27' title="bbox 291 3316 1553 3396; baseline 0.002 -19"><span class='ocrx_word' id='word_1_204' title='bbox 291 3319 469 3377; x_wconf 88' lang='lat' dir='ltr'><strong>neatoribus</strong></span> <span class='ocrx_word' id='word_1_205' title='bbox 504 3323 534 3375; x_wconf 89' lang='lat' dir='ltr'><strong>et</strong></span> <span class='ocrx_word' id='word_1_206' title='bbox 566 3316 736 3376; x_wconf 86' lang='lat' dir='ltr'><strong>factoribus</strong></span> <span class='ocrx_word' id='word_1_207' title='bbox 770 3319 889 3389; x_wconf 87' lang='lat' dir='ltr'><strong>vestris,</strong></span> <span class='ocrx_word' id='word_1_208' title='bbox 923 3319 1036 3392; x_wconf 90' lang='lat' dir='ltr'><strong>quibus</strong></span> <span class='ocrx_word' id='word_1_209' title='bbox 1063 3323 1093 3376; x_wconf 91' lang='lat' dir='ltr'><strong>et</strong></span> <span class='ocrx_word' id='word_1_210' title='bbox 1123 3334 1179 3377; x_wconf 92' lang='lat' dir='ltr'><strong>uos</strong></span> <span class='ocrx_word' id='word_1_211' title='bbox 1217 3324 1322 3378; x_wconf 87' lang='lat' dir='ltr'><strong>tenore</strong></span> <span class='ocrx_word' id='word_1_212' title='bbox 1360 3322 1553 3396; x_wconf 87' lang='lat' dir='ltr'><strong>presencium</strong></span> 
     </span>
     <span class='ocr_line' id='line_1_28' title="bbox 292 3422 1550 3502; baseline 0.004 -20"><span class='ocrx_word' id='word_1_213' title='bbox 292 3425 467 3483; x_wconf 90' lang='lat' dir='ltr'><strong>inhibentes</strong></span> <span class='ocrx_word' id='word_1_214' title='bbox 492 3422 685 3495; x_wconf 86' lang='lat' dir='ltr'><strong>mandamus,</strong></span> <span class='ocrx_word' id='word_1_215' title='bbox 716 3439 754 3482; x_wconf 89' lang='lat' dir='ltr'><strong>ne</strong></span> <span class='ocrx_word' id='word_1_216' title='bbox 785 3423 824 3482; x_wconf 89' lang='lat' dir='ltr'><strong>de</strong></span> <span class='ocrx_word' id='word_1_217' title='bbox 847 3430 948 3483; x_wconf 89' lang='lat' dir='ltr'><strong>cetero</strong></span> <span class='ocrx_word' id='word_1_218' title='bbox 978 3426 1063 3498; x_wconf 90' lang='lat' dir='ltr'><strong>ipsos</strong></span> <span class='ocrx_word' id='word_1_219' title='bbox 1085 3430 1207 3483; x_wconf 89' lang='lat' dir='ltr'><strong>nostros</strong></span> <span class='ocrx_word' id='word_1_220' title='bbox 1230 3426 1313 3484; x_wconf 88' lang='lat' dir='ltr'><strong>cives</strong></span> <span class='ocrx_word' id='word_1_221' title='bbox 1337 3427 1389 3485; x_wconf 86' lang='lat' dir='ltr'><strong>vel</strong></span> <span class='ocrx_word' id='word_1_222' title='bbox 1413 3428 1550 3502; x_wconf 87' lang='lat' dir='ltr'><strong>aliquem</strong></span> 
     </span>
     <span class='ocr_line' id='line_1_29' title="bbox 293 3530 1555 3592; baseline 0.003 -4"><span class='ocrx_word' id='word_1_223' title='bbox 293 3547 331 3588; x_wconf 87' lang='lat' dir='ltr'><strong>ex</strong></span> <span class='ocrx_word' id='word_1_224' title='bbox 355 3532 399 3588; x_wconf 93' lang='lat' dir='ltr'><strong>eis</strong></span> <span class='ocrx_word' id='word_1_225' title='bbox 423 3531 454 3589; x_wconf 91' lang='lat' dir='ltr'><strong>in</strong></span> <span class='ocrx_word' id='word_1_226' title='bbox 486 3531 562 3588; x_wconf 92' lang='lat' dir='ltr'><strong>locis</strong></span> <span class='ocrx_word' id='word_1_227' title='bbox 594 3530 782 3589; x_wconf 89' lang='lat' dir='ltr'><strong>tributorum</strong></span> <span class='ocrx_word' id='word_1_228' title='bbox 806 3539 981 3589; x_wconf 90' lang='lat' dir='ltr'><strong>vestrorum</strong></span> <span class='ocrx_word' id='word_1_229' title='bbox 1006 3531 1042 3588; x_wconf 87' lang='lat' dir='ltr'><strong>ad</strong></span> <span class='ocrx_word' id='word_1_230' title='bbox 1068 3531 1259 3590; x_wconf 86' lang='lat' dir='ltr'><strong>solucionem</strong></span> <span class='ocrx_word' id='word_1_231' title='bbox 1280 3532 1482 3592; x_wconf 85' lang='lat' dir='ltr'><strong>tributariam</strong></span> <span class='ocrx_word' id='word_1_232' title='bbox 1504 3549 1555 3592; x_wconf 86' lang='lat' dir='ltr'><strong>seu</strong></span> 
     </span>
     <span class='ocr_line' id='line_1_30' title="bbox 293 3636 1554 3710; baseline 0.002 -16"><span class='ocrx_word' id='word_1_233' title='bbox 293 3637 509 3694; x_wconf 89' lang='lat' dir='ltr'><strong>theloneorum</strong></span> <span class='ocrx_word' id='word_1_234' title='bbox 522 3641 629 3694; x_wconf 89' lang='lat' dir='ltr'><strong>contra</strong></span> <span class='ocrx_word' id='word_1_235' title='bbox 641 3636 775 3694; x_wconf 84' lang='lat' dir='ltr'><strong>sormam</strong></span> <span class='ocrx_word' id='word_1_236' title='bbox 793 3637 932 3710; x_wconf 85' lang='lat' dir='ltr'><strong>graciose</strong></span> <span class='ocrx_word' id='word_1_237' title='bbox 948 3636 1134 3694; x_wconf 86' lang='lat' dir='ltr'><strong>exemciouis</strong></span> <span class='ocrx_word' id='word_1_238' title='bbox 1150 3642 1180 3695; x_wconf 90' lang='lat' dir='ltr'><strong>et</strong></span> <span class='ocrx_word' id='word_1_239' title='bbox 1203 3638 1357 3696; x_wconf 88' lang='lat' dir='ltr'><strong>libertatis</strong></span> <span class='ocrx_word' id='word_1_240' title='bbox 1373 3639 1554 3697; x_wconf 87' lang='lat' dir='ltr'><strong>eorumdem</strong></span> 
     </span>
     <span class='ocr_line' id='line_1_31' title="bbox 292 3740 1555 3818; baseline 0.002 -20"><span class='ocrx_word' id='word_1_241' title='bbox 292 3740 426 3799; x_wconf 87' lang='lat' dir='ltr'><strong>audeaut</strong></span> <span class='ocrx_word' id='word_1_242' title='bbox 449 3757 501 3799; x_wconf 88' lang='lat' dir='ltr'><strong>seu</strong></span> <span class='ocrx_word' id='word_1_243' title='bbox 527 3750 707 3814; x_wconf 89' lang='lat' dir='ltr'><strong>presumant</strong></span> <span class='ocrx_word' id='word_1_244' title='bbox 741 3742 940 3816; x_wconf 91' lang='lat' dir='ltr'><strong>compellere,</strong></span> <span class='ocrx_word' id='word_1_245' title='bbox 964 3748 1016 3799; x_wconf 88' lang='lat' dir='ltr'><strong>aut</strong></span> <span class='ocrx_word' id='word_1_246' title='bbox 1039 3756 1076 3799; x_wconf 92' lang='lat' dir='ltr'><strong>eo</strong></span> <span class='ocrx_word' id='word_1_247' title='bbox 1098 3747 1242 3816; x_wconf 82' lang='lat' dir='ltr'><strong>pretextu</strong></span> <span class='ocrx_word' id='word_1_248' title='bbox 1275 3743 1308 3801; x_wconf 91' lang='lat' dir='ltr'><strong>in</strong></span> <span class='ocrx_word' id='word_1_249' title='bbox 1335 3747 1478 3818; x_wconf 88' lang='lat' dir='ltr'><strong>personis</strong></span> <span class='ocrx_word' id='word_1_250' title='bbox 1507 3745 1555 3802; x_wconf 89' lang='lat' dir='ltr'><strong>vel</strong></span> 
     </span>
     <span class='ocr_line' id='line_1_32' title="bbox 290 3846 1553 3922; baseline 0.002 -18"><span class='ocrx_word' id='word_1_251' title='bbox 290 3847 384 3904; x_wconf 90' lang='lat' dir='ltr'><strong>rebus</strong></span> <span class='ocrx_word' id='word_1_252' title='bbox 407 3861 515 3903; x_wconf 88' lang='lat' dir='ltr'><strong>eorum</strong></span> <span class='ocrx_word' id='word_1_253' title='bbox 538 3846 747 3918; x_wconf 90' lang='lat' dir='ltr'><strong>damnificare,</strong></span> <span class='ocrx_word' id='word_1_254' title='bbox 771 3847 916 3920; x_wconf 90' lang='lat' dir='ltr'><strong>quoniam</strong></span> <span class='ocrx_word' id='word_1_255' title='bbox 933 3847 1072 3920; x_wconf 88' lang='lat' dir='ltr'><strong>alioquin</strong></span> <span class='ocrx_word' id='word_1_256' title='bbox 1094 3863 1149 3905; x_wconf 94' lang='lat' dir='ltr'><strong>nos</strong></span> <span class='ocrx_word' id='word_1_257' title='bbox 1166 3849 1241 3922; x_wconf 89' lang='lat' dir='ltr'><strong>ipsis</strong></span> <span class='ocrx_word' id='word_1_258' title='bbox 1257 3850 1379 3909; x_wconf 88' lang='lat' dir='ltr'><strong>civibus</strong></span> <span class='ocrx_word' id='word_1_259' title='bbox 1394 3854 1508 3910; x_wconf 90' lang='lat' dir='ltr'><strong>nostris</strong></span> <span class='ocrx_word' id='word_1_260' title='bbox 1525 3856 1553 3908; x_wconf 92' lang='lat' dir='ltr'><strong>et</strong></span> 
     </span>
     <span class='ocr_line' id='line_1_33' title="bbox 293 3951 1555 4027; baseline 0.006 -19"><span class='ocrx_word' id='word_1_261' title='bbox 293 3952 349 4009; x_wconf 86' lang='lat' dir='ltr'><strong>toti</strong></span> <span class='ocrx_word' id='word_1_262' title='bbox 372 3952 588 4009; x_wconf 90' lang='lat' dir='ltr'><strong>communitati</strong></span> <span class='ocrx_word' id='word_1_263' title='bbox 603 3951 742 4009; x_wconf 90' lang='lat' dir='ltr'><strong>eiusdem</strong></span> <span class='ocrx_word' id='word_1_264' title='bbox 765 3953 897 4010; x_wconf 90' lang='lat' dir='ltr'><strong>civitatis</strong></span> <span class='ocrx_word' id='word_1_265' title='bbox 922 3958 1025 4010; x_wconf 90' lang='lat' dir='ltr'><strong>nostre</strong></span> <span class='ocrx_word' id='word_1_266' title='bbox 1049 3951 1230 4012; x_wconf 80' lang='lat' dir='ltr'><strong>facultatem</strong></span> <span class='ocrx_word' id='word_1_267' title='bbox 1253 3955 1407 4027; x_wconf 90' lang='lat' dir='ltr'><strong>dedimus,</strong></span> <span class='ocrx_word' id='word_1_268' title='bbox 1432 3957 1555 4015; x_wconf 88' lang='lat' dir='ltr'><strong>damus·</strong></span> 
     </span>
     <span class='ocr_line' id='line_1_34' title="bbox 292 4056 1554 4140; baseline 0.006 -28"><span class='ocrx_word' id='word_1_269' title='bbox 292 4072 352 4129; x_wconf 90' lang='lat' dir='ltr'><strong>que</strong></span> <span class='ocrx_word' id='word_1_270' title='bbox 381 4062 412 4114; x_wconf 90' lang='lat' dir='ltr'><strong>et</strong></span> <span class='ocrx_word' id='word_1_271' title='bbox 445 4056 643 4114; x_wconf 88' lang='lat' dir='ltr'><strong>concedimus</strong></span> <span class='ocrx_word' id='word_1_272' title='bbox 678 4074 735 4132; x_wconf 89' lang='lat' dir='ltr'><strong>per</strong></span> <span class='ocrx_word' id='word_1_273' title='bbox 765 4063 931 4131; x_wconf 87' lang='lat' dir='ltr'><strong>presentes,</strong></span> <span class='ocrx_word' id='word_1_274' title='bbox 954 4063 988 4116; x_wconf 88' lang='lat' dir='ltr'><strong>ut</strong></span> <span class='ocrx_word' id='word_1_275' title='bbox 1019 4060 1078 4132; x_wconf 91' lang='lat' dir='ltr'><strong>ipsi</strong></span> <span class='ocrx_word' id='word_1_276' title='bbox 1109 4075 1202 4134; x_wconf 91' lang='lat' dir='ltr'><strong>penes</strong></span> <span class='ocrx_word' id='word_1_277' title='bbox 1232 4061 1403 4135; x_wconf 87' lang='lat' dir='ltr'><strong>libertates,</strong></span> <span class='ocrx_word' id='word_1_278' title='bbox 1427 4062 1554 4140; x_wconf 85' lang='lat' dir='ltr'><strong>juraque</strong></span> 
     </span>
     <span class='ocr_line' id='line_1_35' title="bbox 292 4162 1555 4239; baseline 0.006 -21"><span class='ocrx_word' id='word_1_279' title='bbox 292 4162 487 4219; x_wconf 83' lang='lat' dir='ltr'><strong>exemcioues</strong></span> <span class='ocrx_word' id='word_1_280' title='bbox 510 4176 618 4220; x_wconf 90' lang='lat' dir='ltr'><strong>eorum</strong></span> <span class='ocrx_word' id='word_1_281' title='bbox 641 4179 674 4221; x_wconf 90' lang='lat' dir='ltr'><strong>se</strong></span> <span class='ocrx_word' id='word_1_282' title='bbox 705 4170 812 4222; x_wconf 89' lang='lat' dir='ltr'><strong>contra</strong></span> <span class='ocrx_word' id='word_1_283' title='bbox 839 4179 895 4221; x_wconf 93' lang='lat' dir='ltr'><strong>vos</strong></span> <span class='ocrx_word' id='word_1_284' title='bbox 927 4173 957 4222; x_wconf 91' lang='lat' dir='ltr'><strong>et</strong></span> <span class='ocrx_word' id='word_1_285' title='bbox 981 4162 1113 4223; x_wconf 83' lang='lat' dir='ltr'><strong>factores</strong></span> <span class='ocrx_word' id='word_1_286' title='bbox 1136 4173 1229 4239; x_wconf 92' lang='lat' dir='ltr'><strong>atque</strong></span> <span class='ocrx_word' id='word_1_287' title='bbox 1253 4168 1483 4229; x_wconf 87' lang='lat' dir='ltr'><strong>theloneatores</strong></span> <span class='ocrx_word' id='word_1_288' title='bbox 1505 4185 1555 4226; x_wconf 87' lang='lat' dir='ltr'><strong>ve·</strong></span> 
     </span>
     <span class='ocr_line' id='line_1_36' title="bbox 292 4269 1554 4348; baseline 0.005 -24"><span class='ocrx_word' id='word_1_289' title='bbox 292 4275 371 4324; x_wconf 79' lang='lat' dir='ltr'><strong>siros</strong></span> <span class='ocrx_word' id='word_1_290' title='bbox 402 4273 496 4341; x_wconf 88' lang='lat' dir='ltr'><strong>prout</strong></span> <span class='ocrx_word' id='word_1_291' title='bbox 526 4274 672 4341; x_wconf 89' lang='lat' dir='ltr'><strong>poterunt</strong></span> <span class='ocrx_word' id='word_1_292' title='bbox 703 4285 826 4343; x_wconf 89' lang='lat' dir='ltr'><strong>semper</strong></span> <span class='ocrx_word' id='word_1_293' title='bbox 858 4269 1023 4329; x_wconf 83' lang='lat' dir='ltr'><strong>defendere</strong></span> <span class='ocrx_word' id='word_1_294' title='bbox 1047 4272 1171 4330; x_wconf 86' lang='lat' dir='ltr'><strong>valeant</strong></span> <span class='ocrx_word' id='word_1_295' title='bbox 1193 4278 1286 4346; x_wconf 88' lang='lat' dir='ltr'><strong>atque</strong></span> <span class='ocrx_word' id='word_1_296' title='bbox 1310 4275 1439 4348; x_wconf 89' lang='lat' dir='ltr'><strong>possint.</strong></span> <span class='ocrx_word' id='word_1_297' title='bbox 1465 4275 1554 4334; x_wconf 86' lang='lat' dir='ltr'><strong>Secus</strong></span> 
     </span>
     <span class='ocr_line' id='line_1_37' title="bbox 290 4372 1555 4455; baseline 0.007 -26"><span class='ocrx_word' id='word_1_298' title='bbox 290 4372 385 4444; x_wconf 87' lang='lat' dir='ltr'><strong>igitur</strong></span> <span class='ocrx_word' id='word_1_299' title='bbox 407 4373 494 4430; x_wconf 89' lang='lat' dir='ltr'><strong>nulla</strong></span> <span class='ocrx_word' id='word_1_300' title='bbox 507 4375 629 4432; x_wconf 90' lang='lat' dir='ltr'><strong>racione</strong></span> <span class='ocrx_word' id='word_1_301' title='bbox 645 4374 745 4434; x_wconf 86' lang='lat' dir='ltr'><strong>lacere</strong></span> <span class='ocrx_word' id='word_1_302' title='bbox 768 4377 997 4449; x_wconf 84' lang='lat' dir='ltr'><strong>presummatis.</strong></span> <span class='ocrx_word' id='word_1_303' title='bbox 1015 4377 1210 4436; x_wconf 89' lang='lat' dir='ltr'><strong>Presentibus</strong></span> <span class='ocrx_word' id='word_1_304' title='bbox 1226 4380 1384 4455; x_wconf 88' lang='lat' dir='ltr'><strong>perlectis,</strong></span> <span class='ocrx_word' id='word_1_305' title='bbox 1400 4381 1555 4440; x_wconf 84' lang='lat' dir='ltr'><strong>exhibenti</strong></span> 
     </span>
     <span class='ocr_line' id='line_1_38' title="bbox 291 4479 1554 4559; baseline 0.006 -24"><span class='ocrx_word' id='word_1_306' title='bbox 291 4479 450 4536; x_wconf 88' lang='lat' dir='ltr'><strong>restitutis.</strong></span> <span class='ocrx_word' id='word_1_307' title='bbox 473 4480 589 4536; x_wconf 88' lang='lat' dir='ltr'><strong>Datum</strong></span> <span class='ocrx_word' id='word_1_308' title='bbox 614 4480 697 4539; x_wconf 87' lang='lat' dir='ltr'><strong>Bude</strong></span> <span class='ocrx_word' id='word_1_309' title='bbox 729 4483 759 4539; x_wconf 91' lang='lat' dir='ltr'><strong>in</strong></span> <span class='ocrx_word' id='word_1_310' title='bbox 784 4481 862 4539; x_wconf 83' lang='lat' dir='ltr'><strong>festo</strong></span> <span class='ocrx_word' id='word_1_311' title='bbox 887 4483 969 4540; x_wconf 87' lang='lat' dir='ltr'><strong>beati</strong></span> <span class='ocrx_word' id='word_1_312' title='bbox 992 4483 1201 4542; x_wconf 90' lang='lat' dir='ltr'><strong>Bartholomei</strong></span> <span class='ocrx_word' id='word_1_313' title='bbox 1224 4487 1368 4559; x_wconf 87' lang='lat' dir='ltr'><strong>apostoli.</strong></span> <span class='ocrx_word' id='word_1_314' title='bbox 1392 4489 1483 4546; x_wconf 80' lang='lat' dir='ltr'><strong>Anno</strong></span> <span class='ocrx_word' id='word_1_315' title='bbox 1503 4486 1554 4544; x_wconf 82' lang='lat' dir='ltr'><strong>do</strong></span> 
     </span>
     <span class='ocr_line' id='line_1_39' title="bbox 290 4583 1555 4666; baseline 0.009 -26"><span class='ocrx_word' id='word_1_316' title='bbox 290 4583 368 4641; x_wconf 92' lang='lat' dir='ltr'><strong>mini</strong></span> <span class='ocrx_word' id='word_1_317' title='bbox 391 4585 561 4642; x_wconf 88' lang='lat' dir='ltr'><strong>millesimo</strong></span> <span class='ocrx_word' id='word_1_318' title='bbox 593 4587 898 4658; x_wconf 85' lang='lat' dir='ltr'><strong>quadringentesimo</strong></span> <span class='ocrx_word' id='word_1_319' title='bbox 929 4589 1129 4661; x_wconf 90' lang='lat' dir='ltr'><strong>nonagesimo</strong></span> <span class='ocrx_word' id='word_1_320' title='bbox 1153 4596 1274 4649; x_wconf 87' lang='lat' dir='ltr'><strong>octavo.</strong></span> <span class='ocrx_word' id='word_1_321' title='bbox 1299 4591 1482 4666; x_wconf 84' lang='lat' dir='ltr'><strong>Regnorum</strong></span> <span class='ocrx_word' id='word_1_322' title='bbox 1505 4607 1555 4650; x_wconf 92' lang='lat' dir='ltr'><strong>uo-</strong></span> 
     </span>
     <span class='ocr_line' id='line_1_40' title="bbox 289 4691 1461 4770; baseline 0.011 -25"><span class='ocrx_word' id='word_1_323' title='bbox 289 4692 426 4746; x_wconf 91' lang='lat' dir='ltr'><strong>strorum</strong></span> <span class='ocrx_word' id='word_1_324' title='bbox 451 4691 608 4762; x_wconf 85' lang='lat' dir='ltr'><strong>ilungarie</strong></span> <span class='ocrx_word' id='word_1_325' title='bbox 632 4697 686 4750; x_wconf 89' lang='lat' dir='ltr'><strong>etc.</strong></span> <span class='ocrx_word' id='word_1_326' title='bbox 711 4707 791 4748; x_wconf 87' lang='lat' dir='ltr'><strong>auno</strong></span> <span class='ocrx_word' id='word_1_327' title='bbox 816 4709 904 4764; x_wconf 90' lang='lat' dir='ltr'><strong>nono,</strong></span> <span class='ocrx_word' id='word_1_328' title='bbox 929 4693 1074 4752; x_wconf 85' lang='lat' dir='ltr'><strong>Bolremie</strong></span> <span class='ocrx_word' id='word_1_329' title='bbox 1098 4711 1173 4753; x_wconf 88' lang='lat' dir='ltr'><strong>vero</strong></span> <span class='ocrx_word' id='word_1_330' title='bbox 1197 4697 1351 4770; x_wconf 87' lang='lat' dir='ltr'><strong>vigesimo</strong></span> <span class='ocrx_word' id='word_1_331' title='bbox 1370 4713 1461 4758; x_wconf 88' lang='lat' dir='ltr'><strong>nouo.</strong></span> 
     </span>
    </p>
   </div>
   <div class='ocr_carea' id='block_1_7' title="bbox 290 4825 1554 4966">
    <p class='ocr_par' dir='ltr' id='par_1_7' title="bbox 290 4825 1554 4966">
     <span class='ocr_line' id='line_1_41' title="bbox 397 4825 1554 4897; baseline 0.008 -25"><span class='ocrx_word' id='word_1_332' title='bbox 397 4825 530 4887; x_wconf 86' lang='lat' dir='ltr'><strong>Originule</strong></span> <span class='ocrx_word' id='word_1_333' title='bbox 548 4828 575 4873; x_wconf 90' lang='lat' dir='ltr'><strong>in</strong></span> <span class='ocrx_word' id='word_1_334' title='bbox 594 4827 688 4874; x_wconf 83' lang='lat' dir='ltr'><strong>charta.</strong></span> <span class='ocrx_word' id='word_1_335' title='bbox 709 4829 740 4875; x_wconf 91' lang='lat' dir='ltr'><strong>ln</strong></span> <span class='ocrx_word' id='word_1_336' title='bbox 760 4829 873 4889; x_wconf 81' lang='lat' dir='ltr'><strong>margine</strong></span> <span class='ocrx_word' id='word_1_337' title='bbox 892 4829 1008 4878; x_wconf 86' lang='lat' dir='ltr'><strong>inferiori</strong></span> <span class='ocrx_word' id='word_1_338' title='bbox 1028 4830 1180 4894; x_wconf 88' lang='lat' dir='ltr'><strong>impressum</strong></span> <span class='ocrx_word' id='word_1_339' title='bbox 1199 4838 1238 4880; x_wconf 89' lang='lat' dir='ltr'><strong>est</strong></span> <span class='ocrx_word' id='word_1_340' title='bbox 1256 4832 1382 4897; x_wconf 84' lang='lat' dir='ltr'><strong>sigillum.</strong></span> <span class='ocrx_word' id='word_1_341' title='bbox 1411 4836 1443 4884; x_wconf 90' lang='lat' dir='ltr'><strong>Iu</strong></span> <span class='ocrx_word' id='word_1_342' title='bbox 1462 4834 1554 4884; x_wconf 81' lang='lat' dir='ltr'><strong>archiv.</strong></span> 
     </span>
     <span class='ocr_line' id='line_1_42' title="bbox 290 4910 791 4966; baseline 0.01 -8"><span class='ocrx_word' id='word_1_343' title='bbox 290 4910 349 4962; x_wconf 87' lang='lat' dir='ltr'><strong>luel.</strong></span> <span class='ocrx_word' id='word_1_344' title='bbox 369 4913 447 4961; x_wconf 79' lang='lat' dir='ltr'><strong>Acad.</strong></span> <span class='ocrx_word' id='word_1_345' title='bbox 469 4913 563 4962; x_wconf 86' lang='lat' dir='ltr'><strong>Scient.</strong></span> <span class='ocrx_word' id='word_1_346' title='bbox 584 4915 682 4966; x_wconf 85' lang='lat' dir='ltr'><strong>Slavor.</strong></span> <span class='ocrx_word' id='word_1_347' title='bbox 702 4918 791 4964; x_wconf 68' lang='lat' dir='ltr'><strong>merid⁴</strong></span> 
     </span>
    </p>
   </div>
   <div class='ocr_carea' id='block_1_8' title="bbox 0 0 1632 5346">
    <p class='ocr_par' dir='ltr' id='par_1_8' title="bbox 0 0 1632 5346">
     <span class='ocr_line' id='line_1_43' title="bbox 0 0 1632 5346; baseline 0 1"><span class='ocrx_word' id='word_1_348' title='bbox 0 0 1632 5346; x_wconf 95' lang='lat' dir='ltr'><strong> </strong></span> 
     </span>
    </p>
   </div>
  </div>
 </body>
</html>
