3278 5348
192 440 252 515 184
600 438 674 496 Doc.
698 451 767 514 131.
791 470 832 481 -
856 446 913 498 Aa.
937 450 1028 515 [μί.

187 652 227 712 de
261 653 404 727 presenti,
439 652 524 728 quod
559 654 592 713 in
614 652 823 727 preiudicinm
845 657 876 710 et
910 651 1084 727 dampnum
1120 651 1306 711 eorumdem
1340 653 1450 711 civium

186 765 366 818 nostrorum
389 759 470 818 cedit
494 759 702 818 manifestum.
724 758 763 817 Et
778 759 860 832 quia,
883 759 928 816 uti
952 768 982 816 et
1004 759 1097 816 vobis
1120 759 1199 819 bene
1222 764 1352 829 constat,
1386 774 1449 832 pre

186 863 269 923 dicta
292 865 401 924 civitas
424 871 529 923 nostra
552 865 667 923 montis
688 862 850 923 Grecensis
873 865 954 923 inter
976 864 1055 922 alias
1090 864 1208 923 liberas
1240 865 1384 925 civitates
1405 879 1450 923 co

185 985 260 1029 rone
283 977 464 1046 computata
486 986 611 1045 semper
633 975 663 1029 et
685 971 726 1028 ab
750 971 877 1044 antiqno
901 969 1002 1029 eidem
1033 985 1146 1029 corone
1180 972 1270 1043 regni
1294 971 1450 1045 Hungarie

185 1077 318 1152 preteeti
339 1076 475 1136 fideliter
498 1077 636 1149 servivit,
660 1076 850 1150 regibusque
872 1077 1041 1150 Hungarie,
1067 1077 1183 1135 nostris
1198 1076 1320 1136 scilicet
1343 1077 1451 1152 prede·

185 1183 359 1243 sessoribus
375 1187 406 1242 et
427 1184 543 1242 nemini
558 1182 650 1241 alteri
664 1182 792 1242 obedire
815 1182 941 1241 astricta
957 1182 1024 1253 luit,
1057 1182 1127 1242 ideo
1143 1182 1311 1242 fidelitates
1334 1190 1451 1243 vestras

185 1290 298 1348 harum
320 1289 398 1348 serie
429 1289 595 1362 diligenter
617 1289 815 1362 requirimus,
838 1288 956 1348 eisdem
979 1289 1195 1348 commitentes
1218 1289 1344 1362 seriose,
1376 1304 1449 1363 qua·

186 1402 273 1455 tenus
297 1395 336 1453 de
359 1400 460 1455 cetero
498 1403 528 1454 et
563 1412 620 1471 per
649 1396 786 1469 amplius
809 1397 894 1470 ipsos
928 1397 1011 1455 cives
1034 1396 1168 1454 civitatis
1200 1401 1306 1453 nostre
1338 1397 1451 1454 montis

185 1502 346 1561 Grecensis
365 1519 422 1577 per
445 1517 502 1561 vos
524 1510 578 1560 ant
601 1501 775 1576 predictam
794 1502 954 1560 dominam
971 1508 1145 1561 consortem
1161 1507 1310 1571 vestram,
1333 1502 1451 1560 scilicet

184 1623 289 1667 comes
309 1608 424 1680 Virice,
441 1610 473 1667 in
494 1609 585 1666 nullo
608 1608 761 1681 impedire
792 1613 822 1666 et
856 1608 1041 1681 perturbare
1073 1607 1178 1667 velitis
1209 1613 1239 1664 et
1262 1608 1453 1682 permittatis

183 1713 399 1788 quovismodo
422 1729 510 1772 secus
533 1728 594 1772 non
618 1713 736 1772 facturi.
759 1713 957 1772 Presentibus
982 1713 1137 1788 perlectis,
1168 1714 1329 1771 exhibenti
1361 1714 1449 1772 resti·

184 1821 269 1879 tntis.
293 1820 411 1879 Datum
434 1821 465 1879 in
482 1819 629 1879 descensu
652 1824 758 1878 nostro
782 1820 950 1894 campestri
984 1835 1085 1893 prope
1120 1818 1276 1894 oppidum
1310 1818 1448 1890 Sabarie,

184 1920 261 1984 feria
284 1933 394 1999 quarta
417 1927 562 2000 proxima
584 1933 656 2001 post
679 1925 793 1984 festum
816 1925 911 1983 Pasce
933 1925 1060 1984 domini.
1084 1927 1174 1983 Anno
1204 1924 1347 1983 eiusdem
1377 1926 1448 1984 mil·

185 2031 297 2089 lesimo
321 2031 627 2105 quadringentesimo
648 2031 888 2105 quadragesimo
911 2032 1024 2105 primo.

289 2183 424 2248 Originale
442 2186 470 2234 in
488 2185 584 2245 charla,
602 2186 629 2234 in
657 2200 708 2249 qua
726 2185 880 2250 impressum
898 2193 938 2235 est
965 2183 1080 2250 sigillum
1107 2183 1183 2249 regis.
1216 2185 1250 2233 In
1268 2184 1365 2237 archiv.
1392 2184 1449 2237 incl

183 2272 269 2322 Acad.
288 2272 383 2327 Scient.
403 2273 472 2328 Slav.
492 2275 581 2326 merid.

792 2555 860 2625 131.

289 2680 370 2730 Anno
391 2692 465 2744 1441,
484 2680 508 2732 6.
527 2681 596 2730 mali.
614 2682 712 2734 Budae.

192 2806 367 2879 Vladislaus,
389 2809 569 2888 Hungnriae
599 2817 647 2866 etc.
670 2828 733 2879 rex,
756 2810 830 2867 cives
852 2809 955 2867 neentis
982 2807 1133 2868 Grecensr's
1154 2811 1331 2882 consolatur,
1353 2813 1451 2871 cerno·

183 2931 284 2989 resque
306 2916 388 2990 facit
414 2934 472 2974 sese
501 2915 653 2975 orandassc
683 2916 827 2974 consilibus
863 2913 965 2987 ciliae,
988 2924 1022 2974 ut
1041 2915 1168 2975 hmines
1188 2935 1255 2976 suos
1277 2937 1297 2975 a
1327 2920 1451 2978 civitatis

644 3023 785 3081 obsidione
808 3031 989 3081 removerent.

888 3162 1042 3213 Commissio
1060 3163 1165 3228 propria
1183 3162 1282 3213 domini
1301 3165 1379 3229 regis.

288 3272 481 3330 Wladislaus
505 3273 555 3331 dei
577 3274 681 3346 gracia
704 3275 871 3347 ilungarie,
893 3274 1029 3346 Polonie,
1052 3274 1225 3348 Dalmacie,
1247 3272 1378 3335 Croacie
1394 3282 1449 3336 etc

181 3396 246 3446 rex,
271 3380 504 3451 Lithwanieque
528 3381 672 3454 princeps
696 3396 862 3453 supremus
885 3387 915 3438 et
939 3381 1028 3438 heres
1050 3380 1160 3438 Russie
1182 3386 1237 3439 etc.
1267 3380 1398 3441 Providi
1420 3387 1450 3440 et

183 3485 418 3558 circumspecti,
453 3483 562 3543 fideles
595 3486 686 3544 nobis
720 3487 836 3544 sincere
871 3487 985 3544 dilecti.
1019 3488 1129 3545 Missas
1160 3486 1252 3545 nobis
1287 3488 1346 3546 hac
1381 3490 1449 3548 vice

182 3607 239 3665 per
272 3605 328 3648 vos
363 3591 480 3648 litteras
515 3594 691 3667 accepimus
725 3600 755 3651 et
786 3599 964 3651 contentum
988 3594 1019 3651 in
1047 3593 1091 3651 eis
1114 3599 1263 3666 tenorem,
1292 3611 1326 3652 re
1357 3596 1449 3654 mira·

183 3697 241 3755 bili
263 3701 440 3754 contextum
464 3713 536 3754 sane
559 3699 779 3771 intelleximus,
804 3699 971 3757 amirantes
1003 3699 1206 3757 vehementer
1237 3699 1276 3758 de
1306 3701 1365 3773 his,
1389 3718 1449 3776 que

182 3804 214 3861 in
244 3802 361 3861 eisdem
396 3819 434 3860 ex
467 3812 556 3877 parte
592 3807 742 3863 comitum
777 3805 855 3863 Cilie
890 3805 1116 3864 describuntur.
1140 3805 1230 3865 Unde
1263 3806 1371 3866 audita
1392 3809 1449 3868 illa

182 3909 387 3968 tribulacione
410 3916 521 3979 vestra,
546 3927 618 3968 mox
642 3912 825 3985 scripsimus
852 3911 928 3984 ipsis
964 3912 1133 3969 comitibus
1166 3896 1305 3970 seriosas'
1327 3913 1448 3974 litteras

181 4022 309 4086 nostras,
333 4020 368 4073 ut
390 4016 450 4089 ipsi
473 4023 578 4088 gentes
602 4022 631 4074 et
654 4019 794 4075 homines
811 4018 963 4090 ipsorum,
991 4017 1193 4092 singulosque
1216 4017 1256 4075 ad
1279 4034 1332 4078 eos
1355 4022 1449 4094 perti·

181 4127 295 4191 nentes,
318 4123 358 4179 ab
381 4122 543 4181 obsidione
557 4124 644 4181 illius
668 4124 800 4182 civitatis
823 4138 985 4181 removere
1009 4122 1150 4183 debeant.
1174 4123 1237 4197 Qui
1259 4125 1287 4183 si
1309 4124 1447 4200 fecerint,

181 4228 260 4286 bene
274 4228 410 4301 quidem,
435 4228 575 4302 alioquin
597 4229 807 4304 disposuimus
831 4230 869 4287 de
892 4228 1003 4288 festino
1027 4230 1118 4288 vobis
1137 4230 1255 4289 auxilio
1279 4232 1449 4305 provideri.

183 4334 384 4408 Requirentes
407 4351 464 4393 vos
488 4341 517 4393 et
540 4343 683 4410 rogantes
714 4343 864 4410 quatenus
899 4337 1024 4394 interim
1058 4337 1221 4394 dumtaxat
1255 4336 1355 4396 donec
1377 4339 1447 4398 mit·

181 4440 309 4499 lendum
335 4442 423 4499 vobis
446 4443 596 4500 auxilium
621 4444 694 4501 iliae
717 4444 868 4516 attingere
892 4443 1016 4518 poterit,
1040 4459 1097 4501 vos
1120 4448 1150 4500 el
1174 4443 1265 4501 illam
1287 4444 1446 4505 civitatem

181 4563 198 4604 a
222 4548 421 4622 surrepcione
446 4550 637 4622 preservetiS,
660 4564 722 4607 non
745 4548 919 4608 dubitando
943 4551 975 4607 in
998 4550 1088 4608 brevi
1111 4564 1167 4607 vos
1190 4549 1231 4607 ab
1254 4549 1312 4608 illa
1347 4551 1446 4610 tribu-

181 4653 301 4711 lacione
324 4654 459 4713 liberari.
483 4654 600 4712 Datum
623 4655 708 4714 Bude
730 4657 862 4714 sabbato
885 4657 1032 4731 proximo
1052 4660 1123 4731 post
1145 4655 1260 4714 festum
1291 4657 1446 4731 apparici·

181 4760 248 4818 onis
272 4760 354 4818 beati
384 4759 544 4818 Michaelis
567 4762 755 4836 archangeli.
787 4765 878 4821 Anno
901 4761 1020 4821 domini
1043 4762 1213 4821 millesimo
1236 4761 1443 4839 quadringen-

180 4866 292 4926 tesimo
315 4866 554 4941 quadragesimo
577 4869 689 4944 prirno.
714 4916 716 4921 .
