3278 5348
209 396 269 449 150
593 412 596 417 ·
619 375 785 437 Dra-116.
810 411 849 422 -
874 377 932 437 An.
956 374 1050 456 1438.

208 590 401 670 preteritum,
425 596 581 670 quendam
605 595 794 653 familiarem
816 586 937 653 Nico'lai
962 593 1114 652 aurifabri
1147 593 1224 652 civis
1247 596 1385 655 civitatis
1406 613 1473 671 pre-

181 709 186 718 '
206 702 287 761 dicte
310 703 348 760 de
371 703 501 777 Toplica
523 719 632 763 versus
656 702 841 775 Zagrabiam
864 703 896 760 in
918 702 970 759 via
993 702 1094 759 libera
1117 700 1349 775 procedentem,
1372 704 1473 762 borni·

202 825 257 867 nes
280 810 377 884 ipsius
400 810 499 868 Vlrici
522 811 644 868 comitis
667 824 767 883 prope
785 806 940 866 Rakonolr
961 806 1154 882 reperiendo,
1177 822 1259 881 equo
1289 824 1363 868 cum
1393 810 1472 868 sella

181 924 186 929 '
206 924 235 974 et
259 916 346 974 freno
369 916 574 990 spoliassent;
598 915 715 975 eisdem
732 915 988 990 procuratoribus
1002 915 1061 972 hoc
1076 914 1263 988 simpliciter
1276 917 1473 988 negantibus,

184 1024 326 1097 'ipsique
349 1023 421 1080 bani
446 1024 544 1081 nostri
567 1022 671 1081 taliter
699 1023 841 1081 arbitrati
866 1012 1002 1092 fuissent,
1033 1020 1118 1094 quod
1150 1019 1289 1094 prefatus
1325 1021 1473 1080 Nicolaus

204 1128 363 1187 aurifaber
386 1130 453 1187 sola
476 1145 531 1187 sua
555 1130 586 1188 in
610 1143 740 1203 persona
764 1143 860 1202 super
882 1127 1016 1186 sedecim
1040 1126 1163 1186 florenis
1187 1128 1256 1186 auri
1278 1127 1402 1199 valore,
1418 1129 1475 1187 sci·

203 1236 275 1293 licet
297 1236 369 1307 equi
392 1236 533 1309 predicti,
556 1251 650 1309 super
673 1235 870 1292 estimacione
893 1225 1011 1292 scilicet
1033 1233 1173 1291 eiusdem
1195 1232 1300 1309 jurare
1324 1231 1471 1306 deberet,

203 1346 233 1398 et
266 1340 407 1416 deposito
435 1342 504 1415 ipso
532 1339 716 1416 juramento,
740 1346 896 1413 pretactus
926 1340 1052 1397 Vlricus
1079 1345 1234 1414 pretactos
1257 1338 1395 1398 sedecim
1419 1332 1476 1399 flo-

205 1463 297 1505 renos
321 1448 389 1505 auri
412 1449 488 1522 ipsis
511 1448 632 1505 civibus
656 1447 778 1504 solvere
800 1451 962 1504 teneretur.
994 1446 1066 1504 Post
1099 1445 1363 1520 quarumquidem
1402 1463 1475 1520 que·

206 1554 421 1624 rimoniarum‚
445 1552 657 1626 predictorum
680 1553 797 1610 civium
828 1552 1082 1623 decimacionem,
1106 1559 1325 1626 procuratores
1359 1551 1474 1626 prefati

181 1660 368 1732 'Vylhelmi
402 1668 509 1718 eontra
542 1660 695 1743 Jacobum
729 1658 864 1734 judicem
900 1658 981 1716 dicte
1016 1659 1150 1716 civitatis
1173 1657 1205 1715 id
1229 1659 1474 1732 proposuissent,

179 1765 360 1839 quomodo
392 1767 458 1840 ipse
489 1765 645 1840 quendam
676 1765 862 1824 familiarem
887 1765 985 1839 ipsius
1019 1765 1182 1837 Vylbelml
1205 1764 1243 1822 de
1265 1763 1420 1823 Ralronolr
1443 1766 1474 1823 in

206 1873 270 1930 suis
293 1873 473 1930 ambasiatis
497 1872 684 1930 destinatum
716 1887 824 1929 versus
854 1871 987 1928 eundem
1017 1870 1224 1943 Vylhelmum
1254 1876 1472 1945 revertentem,

206 1978 280 2037 dum
317 1979 355 2036 ad
391 1979 506 2037 dictam
542 1981 698 2038 civitatem
722 1979 920 2053 pervenisset,
942 1978 1026 2036 idem
1049 1978 1185 2061 Jacobus
1207 1975 1311 2052 judex,
1335 1977 1471 2036 eundem

203 2086 305 2143 minus
339 2082 418 2159 juste
453 2087 645 2159 captivasset,
680 2086 748 2142 Hiis
772 2085 885 2143 auditis
909 2084 1022 2159 prefati
1047 2084 1155 2142 Petrus
1178 2089 1208 2142 et
1231 2082 1354 2141 Blasius
1380 2084 1471 2156 cives,

201 2199 417 2264 procuratores
441 2192 521 2250 dicte
544 2193 677 2250 civitatis
700 2193 731 2250 in
755 2206 887 2265 persona
911 2191 987 2249 dicti
1010 2191 1120 2274 Jacobi
1149 2189 1261 2267 judicis
1290 2190 1470 2265 respondis·

202 2303 283 2356 sent:
306 2298 390 2371 quod
414 2299 480 2372 ipse
504 2299 636 2356 eundern
660 2314 721 2356 non
743 2299 938 2371 captivasset,
963 2298 1016 2356 sed
1039 2298 1143 2355 solum
1167 2298 1206 2355 ad
1230 2298 1395 2370 querelam
1411 2299 1473 2356 cui·

200 2403 311 2461 usdam
334 2405 468 2463 hominis
491 2421 584 2479 super
608 2407 676 2479 ipso
700 2404 847 2463 familiari
871 2404 945 2462 dicti
969 2404 1120 2462 vilhelmi
1143 2404 1345 2477 querulantis,
1368 2404 1473 2462 insui

202 2512 392 2583 presenciam
416 2510 549 2569 eundern
572 2526 685 2569 vocare
708 2510 837 2570 fecisset.
860 2512 894 2569 ln
917 2526 980 2585 quo
1004 2509 1086 2568 facto
1110 2510 1185 2569 dicti
1208 2510 1282 2569 bani
1304 2510 1404 2568 nostri
1427 2516 1470 2568 ta·

200 2617 272 2675 liter
294 2619 436 2676 arbitrati
461 2617 597 2689 fuissent,
621 2618 704 2691 quod
729 2619 797 2692 ipse
819 2618 957 2700 Jacobus
981 2615 1076 2692 judex
1099 2617 1167 2675 sola
1189 2631 1245 2675 sua
1275 2617 1308 2674 in
1339 2631 1472 2690 persona

200 2723 316 2781 ibidem
341 2725 370 2782 in
395 2726 524 2782 ecclesia
547 2726 644 2783 sancti
667 2726 764 2782 Marci
788 2725 986 2798 ewangeliste
1001 2726 1033 2782 in
1048 2725 1173 2783 civitate
1188 2722 1328 2797 predicta
1343 2721 1471 2799 jurabit,

201 2831 285 2903 quod
311 2830 426 2888 dictum
452 2831 640 2889 familiarem
665 2832 800 2889 annotati
817 2831 969 2888 Vilhelmi
985 2846 1046 2889 non
1063 2831 1257 2905 captivasset.
1280 2830 1368 2901 Item,
1386 2831 1472 2905 quod

200 2938 276 2994 dum
299 2937 381 2994 idem
405 2938 582 2995 Vilhelmus
605 2939 781 3012 capitaneus
804 2944 835 2995 et
858 2939 1044 2995 castellanus
1069 2936 1201 3011 predicti
1224 2937 1317 2994 castri
1340 2938 1467 2996 Medwe

201 3043 355 3115 quendam
380 3045 521 3100 villicum
558 3060 651 3101 suum
673 3044 713 3101 ad
737 3044 885 3101 emendos
908 3045 1007 3119 pisces
1031 3059 1089 3118 pro
1112 3058 1174 3101 uno
1196 3041 1314 3102 floreno
1338 3045 1409 3102 auri
1430 3044 1471 3103 ad

200 3149 314 3206 dictam
350 3151 505 3207 civitatem
542 3150 731 3219 destinasset,
767 3156 840 3207 tunc
874 3149 1013 3224 prefatus
1046 3150 1182 3234 Jacobus
1216 3147 1311 3224 judex
1334 3151 1471 3211 eundem

180 3258 387 3330 'captivasset
411 3266 439 3335 ct
463 3264 589 3332 captum
614 3259 734 3316 diucius
757 3265 974 3330 conservasset,
998 3265 1029 3316 et
1051 3259 1155 3332 ipsum
1171 3257 1325 3316 florenum
1341 3258 1413 3316 auri
1429 3258 1471 3318 ab

200 3365 268 3437 ipso
304 3366 474 3437 recepisset.
511 3365 632 3437 Quibus
667 3365 787 3435 auditis,
823 3364 935 3439 prefati
970 3371 1187 3439 procuratores
1222 3363 1470 3438 respondissent,

200 3470 282 3542 quod
308 3476 462 3544 protactus
479 3472 603 3528 villicus
627 3471 700 3529 dicti
724 3472 883 3542 vilhelmi,
899 3473 977 3530 hora
1000 3472 1089 3546 quasi
1111 3474 1198 3529 sexta
1220 3471 1328 3543 noctis,
1359 3472 1392 3530 in
1429 3474 1471 3532 si·

201 3577 300 3633 lencio
324 3578 382 3633 sub
421 3592 512 3635 muro
545 3580 678 3635 civitatis
710 3579 847 3651 predicte
877 3585 1024 3652 tanquam
1056 3578 1237 3653 explorator
1267 3593 1324 3651 per
1355 3579 1471 3653 vigiles

199 3683 336 3741 eiusdem
360 3685 493 3743 civitatis
517 3694 658 3759 repertus
682 3693 710 3743 et
736 3687 779 3743 sic
802 3692 910 3759 captus
932 3683 1028 3761 judici
1051 3685 1192 3761 predicto
1215 3683 1323 3743 fuisset
1340 3701 1468 3759 presen-

199 3797 288 3861 tatus,
324 3792 452 3864 ipseque
487 3788 580 3865 judex
616 3792 732 3849 dictum
766 3794 908 3850 villicum
940 3795 1077 3852 annotati
1100 3785 1256 3853 Vilhelmi
1278 3807 1337 3867 pro
1360 3793 1470 3853 huius·

178 3896 182 3903 '
199 3896 285 3954 modi
307 3897 370 3954 suis
393 3897 550 3955 demeritis
574 3905 700 3971 captum
723 3907 933 3958 conservasset
948 3905 979 3958 et
995 3900 1128 3974 tandem,
1144 3916 1201 3974 pro
1217 3901 1467 3961 commutacione

198 4004 419 4062 nonnullorum
445 4005 618 4060 concivium
643 4020 770 4062 suorum
793 4007 824 4063 in
848 4007 1027 4079 captivitate
1052 4006 1127 4065 dicti
1149 4006 1301 4065 Vilhelmi
1322 4007 1355 4064 in
1379 4006 1464 4066 dicto

199 4116 300 4168 castro
323 4109 443 4167 bledrve
465 4111 675 4184 existencium,
692 4112 823 4170 eundem
847 4112 932 4188 juxta
956 4113 1194 4186 disposicionem
1211 4119 1392 4186 treugarum
1410 4130 1468 4188 per

199 4216 297 4274 dictos
332 4216 524 4274 Fridericum
560 4225 589 4276 et
623 4218 764 4276 Vlricum
800 4221 928 4277 comites
962 4220 1079 4279 eisdem
1114 4222 1235 4280 civibus
1266 4220 1413 4280 datarum
1437 4227 1468 4281 et
1496 4209 1501 4217 ’

198 4323 421 4397 dispositarum
446 4324 484 4382 de
508 4326 574 4397 ipsa
599 4326 776 4398 captivitate
801 4327 999 4400 permisisset,
1024 4329 1190 4401 ipsumque
1212 4327 1366 4387 florenum
1398 4331 1469 4390 auri

198 4429 239 4486 ab
263 4431 331 4502 ipso
354 4446 416 4486 non
439 4431 612 4504 recepisset.
635 4432 669 4489 ln
693 4449 754 4504 quo
778 4432 858 4491 facto
882 4434 956 4491 dicti
979 4435 1052 4491 bani
1075 4436 1173 4493 nostri
1195 4435 1299 4493 taliter
1321 4435 1469 4496 arbitrati

198 4533 334 4604 fuissent,
359 4535 442 4606 quod
467 4536 606 4609 prefatus
636 4539 761 4596 villicus
797 4541 947 4598 Vilhelmi
968 4538 1085 4615 jurabit
1108 4541 1175 4600 sola
1197 4556 1254 4600 sua
1275 4542 1307 4599 in
1331 4558 1468 4616 persona

198 4656 291 4713 super
315 4639 396 4698 dicto
420 4657 481 4699 uno
504 4642 621 4700 floreno
645 4646 712 4702 auri
736 4647 853 4704 ibidem
876 4646 1028 4720 Zagrabie
1051 4664 1156 4706 coram
1180 4649 1357 4708 testimonio
1380 4652 1469 4726 capi·

199 4747 256 4804 tuli
280 4746 406 4805 ecclesie
429 4750 617 4808 chasmcnsis
633 4758 793 4824 prenotate
802 4771 809 4823 ;
832 4754 960 4827 ipseque
975 4753 1111 4836 Jacobus
1125 4752 1221 4830 judex
1236 4755 1343 4814 habita
1358 4756 1467 4817 huius·

199 4852 284 4910 modi
305 4851 504 4929 juramentali
527 4856 723 4931 deposicione
743 4860 846 4933 ipsum
869 4860 1021 4920 florenum
1051 4863 1119 4921 auri
1146 4862 1252 4921 eidem
1284 4864 1467 4937 persolvere
