<?xml version="1.0" encoding="UTF-8"?>
<!DOCTYPE html PUBLIC "-//W3C//DTD XHTML 1.0 Transitional//EN"
    "http://www.w3.org/TR/xhtml1/DTD/xhtml1-transitional.dtd">
<html xmlns="http://www.w3.org/1999/xhtml" xml:lang="en" lang="en">
 <head>
  <title>
</title>
<meta http-equiv="Content-Type" content="text/html;charset=utf-8" />
  <meta name='ocr-system' content='tesseract 3.04.00' />
  <meta name='ocr-capabilities' content='ocr_page ocr_carea ocr_par ocr_line ocrx_word'/>
</head>
<body>
  <div class='ocr_page' id='page_1' title='image "./monumentahistor01laszgoog_0469.png"; bbox 0 0 3278 5348; ppageno 0'>
   <div class='ocr_carea' id='block_1_1' title="bbox 623 429 1448 503">
    <p class='ocr_par' dir='ltr' id='par_1_1' title="bbox 623 429 1448 503">
     <span class='ocr_line' id='line_1_1' title="bbox 623 429 1448 503; baseline -0.001 -18"><span class='ocrx_word' id='word_1_1' title='bbox 623 429 695 487; x_wconf 76' lang='lat' dir='ltr'><strong>Duc.</strong></span> <span class='ocrx_word' id='word_1_2' title='bbox 719 440 786 503; x_wconf 69' lang='lat'><strong>143.</strong></span> <span class='ocrx_word' id='word_1_3' title='bbox 812 459 852 469; x_wconf 93' lang='lat'>—</span> <span class='ocrx_word' id='word_1_4' title='bbox 878 430 931 483; x_wconf 88' lang='lat' dir='ltr'><strong>An.</strong></span> <span class='ocrx_word' id='word_1_5' title='bbox 957 436 1045 503; x_wconf 62' lang='lat'><em>1447·</em></span> <span class='ocrx_word' id='word_1_6' title='bbox 1393 444 1448 486; x_wconf 85' lang='lat'><strong>201</strong></span> 
     </span>
    </p>
   </div>
   <div class='ocr_carea' id='block_1_2' title="bbox 182 641 1492 4650">
    <p class='ocr_par' dir='ltr' id='par_1_2' title="bbox 182 641 1492 4650">
     <span class='ocr_line' id='line_1_2' title="bbox 188 641 1454 721; baseline -0.004 -16"><span class='ocrx_word' id='word_1_7' title='bbox 188 647 350 721; x_wconf 90' lang='lat' dir='ltr'><strong>hospitum</strong></span> <span class='ocrx_word' id='word_1_8' title='bbox 373 661 409 704; x_wconf 92' lang='lat' dir='ltr'><strong>ac</strong></span> <span class='ocrx_word' id='word_1_9' title='bbox 430 645 674 704; x_wconf 77' lang='lat' dir='ltr'>inhabitatorum</span> <span class='ocrx_word' id='word_1_10' title='bbox 697 643 831 701; x_wconf 85' lang='lat' dir='ltr'><strong>civitatis</strong></span> <span class='ocrx_word' id='word_1_11' title='bbox 853 642 989 717; x_wconf 89' lang='lat' dir='ltr'><strong>sepesate</strong></span> <span class='ocrx_word' id='word_1_12' title='bbox 1020 641 1233 717; x_wconf 90' lang='lat' dir='ltr'><strong>damnumque</strong></span> <span class='ocrx_word' id='word_1_13' title='bbox 1264 643 1406 717; x_wconf 89' lang='lat' dir='ltr'><strong>ipsorum</strong></span> <span class='ocrx_word' id='word_1_14' title='bbox 1424 648 1454 700; x_wconf 93' lang='lat' dir='ltr'><strong>et</strong></span> 
     </span>
     <span class='ocr_line' id='line_1_3' title="bbox 188 749 1492 824; baseline -0.005 -12"><span class='ocrx_word' id='word_1_15' title='bbox 188 756 410 813; x_wconf 84' lang='lat' dir='ltr'><strong>nocumentum</strong></span> <span class='ocrx_word' id='word_1_16' title='bbox 432 751 526 809; x_wconf 81' lang='lat' dir='ltr'><strong>valde</strong></span> <span class='ocrx_word' id='word_1_17' title='bbox 551 766 715 824; x_wconf 86' lang='lat' dir='ltr'><strong>magnum;</strong></span> <span class='ocrx_word' id='word_1_18' title='bbox 750 765 822 807; x_wconf 91' lang='lat' dir='ltr'><strong>cnm</strong></span> <span class='ocrx_word' id='word_1_19' title='bbox 860 754 965 808; x_wconf 91' lang='lat' dir='ltr'><strong>tamen</strong></span> <span class='ocrx_word' id='word_1_20' title='bbox 997 749 1105 808; x_wconf 89' lang='lat' dir='ltr'><strong>eedem</strong></span> <span class='ocrx_word' id='word_1_21' title='bbox 1140 756 1221 808; x_wconf 88' lang='lat' dir='ltr'><strong>terre</strong></span> <span class='ocrx_word' id='word_1_22' title='bbox 1244 750 1387 820; x_wconf 90' lang='lat' dir='ltr'><strong>arabiles,</strong></span> <span class='ocrx_word' id='word_1_23' title='bbox 1418 765 1454 807; x_wconf 91' lang='lat' dir='ltr'><strong>ac</strong></span> <span class='ocrx_word' id='word_1_24' title='bbox 1489 770 1492 776; x_wconf 95' lang='lat'>·</span> 
     </span>
     <span class='ocr_line' id='line_1_4' title="bbox 187 854 1454 935; baseline -0.006 -16"><span class='ocrx_word' id='word_1_25' title='bbox 187 860 256 935; x_wconf 85' lang='lat' dir='ltr'><strong>ipsa</strong></span> <span class='ocrx_word' id='word_1_26' title='bbox 291 858 403 917; x_wconf 90' lang='lat' dir='ltr'><strong>rubeta</strong></span> <span class='ocrx_word' id='word_1_27' title='bbox 438 863 468 915; x_wconf 91' lang='lat' dir='ltr'><strong>et</strong></span> <span class='ocrx_word' id='word_1_28' title='bbox 498 856 613 928; x_wconf 81' lang='lat' dir='ltr'>senilia,</span> <span class='ocrx_word' id='word_1_29' title='bbox 636 871 755 914; x_wconf 87' lang='lat' dir='ltr'><strong>necnon</strong></span> <span class='ocrx_word' id='word_1_30' title='bbox 789 862 878 929; x_wconf 86' lang='lat' dir='ltr'><strong>prata</strong></span> <span class='ocrx_word' id='word_1_31' title='bbox 902 861 932 914; x_wconf 90' lang='lat' dir='ltr'><strong>et</strong></span> <span class='ocrx_word' id='word_1_32' title='bbox 955 871 1069 930; x_wconf 89' lang='lat' dir='ltr'><strong>pasena</strong></span> <span class='ocrx_word' id='word_1_33' title='bbox 1104 857 1244 930; x_wconf 89' lang='lat' dir='ltr'><strong>ipsorum</strong></span> <span class='ocrx_word' id='word_1_34' title='bbox 1277 854 1389 932; x_wconf 86' lang='lat' dir='ltr'><strong>judicis</strong></span> <span class='ocrx_word' id='word_1_35' title='bbox 1424 863 1454 914; x_wconf 90' lang='lat' dir='ltr'><strong>et</strong></span> 
     </span>
     <span class='ocr_line' id='line_1_5' title="bbox 187 962 1453 1042; baseline -0.004 -19"><span class='ocrx_word' id='word_1_36' title='bbox 187 963 365 1042; x_wconf 87' lang='lat' dir='ltr'><strong>juratorum</strong></span> <span class='ocrx_word' id='word_1_37' title='bbox 388 980 424 1022; x_wconf 91' lang='lat' dir='ltr'><strong>ac</strong></span> <span class='ocrx_word' id='word_1_38' title='bbox 447 964 665 1021; x_wconf 89' lang='lat' dir='ltr'><strong>universorum</strong></span> <span class='ocrx_word' id='word_1_39' title='bbox 696 963 813 1021; x_wconf 89' lang='lat' dir='ltr'><strong>civium</strong></span> <span class='ocrx_word' id='word_1_40' title='bbox 836 968 867 1021; x_wconf 90' lang='lat' dir='ltr'><strong>et</strong></span> <span class='ocrx_word' id='word_1_41' title='bbox 901 963 1000 1021; x_wconf 92' lang='lat' dir='ltr'><strong>tocius</strong></span> <span class='ocrx_word' id='word_1_42' title='bbox 1031 963 1263 1021; x_wconf 86' lang='lat' dir='ltr'><strong>communitatis</strong></span> <span class='ocrx_word' id='word_1_43' title='bbox 1298 962 1453 1020; x_wconf 89' lang='lat' dir='ltr'><strong>dictorum</strong></span> 
     </span>
     <span class='ocr_line' id='line_1_6' title="bbox 188 1066 1453 1144; baseline -0.005 -14"><span class='ocrx_word' id='word_1_44' title='bbox 188 1069 308 1130; x_wconf 87' lang='lat' dir='ltr'><strong>civium</strong></span> <span class='ocrx_word' id='word_1_45' title='bbox 331 1075 363 1128; x_wconf 90' lang='lat' dir='ltr'><strong>et</strong></span> <span class='ocrx_word' id='word_1_46' title='bbox 384 1070 545 1144; x_wconf 89' lang='lat' dir='ltr'><strong>hospitum</strong></span> <span class='ocrx_word' id='word_1_47' title='bbox 568 1085 605 1126; x_wconf 87' lang='lat' dir='ltr'><strong>ac</strong></span> <span class='ocrx_word' id='word_1_48' title='bbox 628 1069 872 1127; x_wconf 82' lang='lat' dir='ltr'><strong>inhabitatorum</strong></span> <span class='ocrx_word' id='word_1_49' title='bbox 896 1070 1030 1128; x_wconf 90' lang='lat' dir='ltr'><strong>civitatis</strong></span> <span class='ocrx_word' id='word_1_50' title='bbox 1053 1069 1189 1143; x_wconf 82' lang='lat' dir='ltr'><strong>sepefate</strong></span> <span class='ocrx_word' id='word_1_51' title='bbox 1205 1083 1257 1127; x_wconf 93' lang='lat' dir='ltr'><strong>eos</strong></span> <span class='ocrx_word' id='word_1_52' title='bbox 1280 1066 1362 1144; x_wconf 89' lang='lat' dir='ltr'><strong>justo</strong></span> <span class='ocrx_word' id='word_1_53' title='bbox 1376 1066 1453 1144; x_wconf 88' lang='lat' dir='ltr'><strong>juris</strong></span> 
     </span>
     <span class='ocr_line' id='line_1_7' title="bbox 188 1174 1452 1251; baseline -0.005 -14"><span class='ocrx_word' id='word_1_54' title='bbox 188 1178 281 1237; x_wconf 89' lang='lat' dir='ltr'><strong>titulo</strong></span> <span class='ocrx_word' id='word_1_55' title='bbox 304 1192 487 1238; x_wconf 88' lang='lat' dir='ltr'><strong>concemere</strong></span> <span class='ocrx_word' id='word_1_56' title='bbox 510 1181 541 1234; x_wconf 90' lang='lat' dir='ltr'><strong>et</strong></span> <span class='ocrx_word' id='word_1_57' title='bbox 564 1182 704 1250; x_wconf 87' lang='lat' dir='ltr'><strong>spectare</strong></span> <span class='ocrx_word' id='word_1_58' title='bbox 728 1174 930 1234; x_wconf 90' lang='lat' dir='ltr'><strong>dinoscuntur</strong></span> <span class='ocrx_word' id='word_1_59' title='bbox 953 1175 991 1233; x_wconf 92' lang='lat' dir='ltr'><strong>de</strong></span> <span class='ocrx_word' id='word_1_60' title='bbox 1013 1174 1088 1251; x_wconf 88' lang='lat' dir='ltr'><strong>jure.</strong></span> <span class='ocrx_word' id='word_1_61' title='bbox 1124 1175 1214 1234; x_wconf 89' lang='lat' dir='ltr'><strong>Unde</strong></span> <span class='ocrx_word' id='word_1_62' title='bbox 1237 1174 1319 1232; x_wconf 89' lang='lat' dir='ltr'><strong>sacta</strong></span> <span class='ocrx_word' id='word_1_63' title='bbox 1345 1175 1452 1232; x_wconf 90' lang='lat' dir='ltr'><strong>huius·</strong></span> 
     </span>
     <span class='ocr_line' id='line_1_8' title="bbox 190 1280 1454 1357; baseline -0.005 -14"><span class='ocrx_word' id='word_1_64' title='bbox 190 1283 277 1343; x_wconf 88' lang='lat' dir='ltr'><strong>modi</strong></span> <span class='ocrx_word' id='word_1_65' title='bbox 301 1284 527 1357; x_wconf 87' lang='lat' dir='ltr'><strong>protestacione</strong></span> <span class='ocrx_word' id='word_1_66' title='bbox 550 1281 690 1356; x_wconf 85' lang='lat' dir='ltr'><strong>prefatus</strong></span> <span class='ocrx_word' id='word_1_67' title='bbox 710 1284 851 1355; x_wconf 87' lang='lat' dir='ltr'><strong>Mathyas</strong></span> <span class='ocrx_word' id='word_1_68' title='bbox 869 1280 996 1357; x_wconf 88' lang='lat' dir='ltr'><strong>juratus,</strong></span> <span class='ocrx_word' id='word_1_69' title='bbox 1012 1283 1191 1341; x_wconf 90' lang='lat' dir='ltr'><strong>nominibus</strong></span> <span class='ocrx_word' id='word_1_70' title='bbox 1214 1286 1245 1339; x_wconf 88' lang='lat' dir='ltr'><strong>et</strong></span> <span class='ocrx_word' id='word_1_71' title='bbox 1268 1282 1298 1338; x_wconf 92' lang='lat' dir='ltr'><strong>in</strong></span> <span class='ocrx_word' id='word_1_72' title='bbox 1313 1281 1454 1355; x_wconf 92' lang='lat' dir='ltr'><strong>personis</strong></span> 
     </span>
     <span class='ocr_line' id='line_1_9' title="bbox 188 1387 1449 1465; baseline -0.006 -16"><span class='ocrx_word' id='word_1_73' title='bbox 188 1405 325 1465; x_wconf 87' lang='lat' dir='ltr'><strong>quorum</strong></span> <span class='ocrx_word' id='word_1_74' title='bbox 359 1403 462 1463; x_wconf 92' lang='lat' dir='ltr'><strong>supra,</strong></span> <span class='ocrx_word' id='word_1_75' title='bbox 500 1389 657 1462; x_wconf 89' lang='lat' dir='ltr'><strong>prefatum</strong></span> <span class='ocrx_word' id='word_1_76' title='bbox 691 1387 885 1462; x_wconf 87' lang='lat' dir='ltr'><strong>Stephanum</strong></span> <span class='ocrx_word' id='word_1_77' title='bbox 920 1389 1092 1461; x_wconf 79' lang='lat' dir='ltr'><strong>Kuhyngar</strong></span> <span class='ocrx_word' id='word_1_78' title='bbox 1127 1389 1274 1446; x_wconf 88' lang='lat' dir='ltr'><strong>comitem</strong></span> <span class='ocrx_word' id='word_1_79' title='bbox 1311 1394 1341 1444; x_wconf 93' lang='lat' dir='ltr'><strong>et</strong></span> <span class='ocrx_word' id='word_1_80' title='bbox 1364 1387 1449 1460; x_wconf 91' lang='lat' dir='ltr'><strong>ipsos</strong></span> 
     </span>
     <span class='ocr_line' id='line_1_10' title="bbox 187 1493 1453 1571; baseline -0.004 -16"><span class='ocrx_word' id='word_1_81' title='bbox 187 1493 306 1571; x_wconf 88' lang='lat' dir='ltr'><strong>judices</strong></span> <span class='ocrx_word' id='word_1_82' title='bbox 336 1495 491 1554; x_wconf 89' lang='lat' dir='ltr'><strong>nobilium</strong></span> <span class='ocrx_word' id='word_1_83' title='bbox 515 1494 647 1568; x_wconf 88' lang='lat' dir='ltr'><strong>predicti</strong></span> <span class='ocrx_word' id='word_1_84' title='bbox 670 1497 835 1553; x_wconf 88' lang='lat' dir='ltr'><strong>comitatus</strong></span> <span class='ocrx_word' id='word_1_85' title='bbox 858 1495 1065 1568; x_wconf 86' lang='lat' dir='ltr'><strong>zagrabiensis</strong></span> <span class='ocrx_word' id='word_1_86' title='bbox 1088 1502 1118 1553; x_wconf 95' lang='lat' dir='ltr'><strong>et</strong></span> <span class='ocrx_word' id='word_1_87' title='bbox 1141 1493 1297 1569; x_wconf 88' lang='lat' dir='ltr'><strong>predictos</strong></span> <span class='ocrx_word' id='word_1_88' title='bbox 1332 1493 1453 1550; x_wconf 88' lang='lat' dir='ltr'><strong>nobiles</strong></span> 
     </span>
     <span class='ocr_line' id='line_1_11' title="bbox 188 1600 1453 1675; baseline -0.002 -15"><span class='ocrx_word' id='word_1_89' title='bbox 188 1603 273 1662; x_wconf 79' lang='lat' dir='ltr'><strong>viros</strong></span> <span class='ocrx_word' id='word_1_90' title='bbox 299 1616 335 1661; x_wconf 90' lang='lat' dir='ltr'><strong>ac</strong></span> <span class='ocrx_word' id='word_1_91' title='bbox 358 1602 437 1659; x_wconf 92' lang='lat' dir='ltr'><strong>alios</strong></span> <span class='ocrx_word' id='word_1_92' title='bbox 455 1602 613 1674; x_wconf 90' lang='lat' dir='ltr'><strong>quoslibet</strong></span> <span class='ocrx_word' id='word_1_93' title='bbox 628 1616 646 1659; x_wconf 94' lang='lat' dir='ltr'><strong>a</strong></span> <span class='ocrx_word' id='word_1_94' title='bbox 662 1601 802 1675; x_wconf 89' lang='lat' dir='ltr'><strong>predicta</strong></span> <span class='ocrx_word' id='word_1_95' title='bbox 818 1600 1068 1659; x_wconf 88' lang='lat' dir='ltr'><strong>reambulacione</strong></span> <span class='ocrx_word' id='word_1_96' title='bbox 1084 1607 1114 1659; x_wconf 90' lang='lat' dir='ltr'><strong>et</strong></span> <span class='ocrx_word' id='word_1_97' title='bbox 1137 1601 1289 1658; x_wconf 86' lang='lat' dir='ltr'><strong>revisione</strong></span> <span class='ocrx_word' id='word_1_98' title='bbox 1313 1601 1453 1673; x_wconf 88' lang='lat' dir='ltr'><strong>ipsarum</strong></span> 
     </span>
     <span class='ocr_line' id='line_1_12' title="bbox 188 1707 1453 1782; baseline -0.002 -16"><span class='ocrx_word' id='word_1_99' title='bbox 188 1715 344 1768; x_wconf 88' lang='lat' dir='ltr'><strong>terrarum</strong></span> <span class='ocrx_word' id='word_1_100' title='bbox 367 1708 534 1767; x_wconf 91' lang='lat' dir='ltr'><strong>arabilium</strong></span> <span class='ocrx_word' id='word_1_101' title='bbox 558 1723 593 1765; x_wconf 89' lang='lat' dir='ltr'><strong>ac</strong></span> <span class='ocrx_word' id='word_1_102' title='bbox 616 1709 800 1766; x_wconf 90' lang='lat' dir='ltr'><strong>rubetornm</strong></span> <span class='ocrx_word' id='word_1_103' title='bbox 839 1713 869 1765; x_wconf 91' lang='lat' dir='ltr'><strong>et</strong></span> <span class='ocrx_word' id='word_1_104' title='bbox 899 1707 1050 1778; x_wconf 81' lang='lat' dir='ltr'><strong>senilium,</strong></span> <span class='ocrx_word' id='word_1_105' title='bbox 1085 1723 1201 1765; x_wconf 90' lang='lat' dir='ltr'><strong>necnon</strong></span> <span class='ocrx_word' id='word_1_106' title='bbox 1237 1713 1400 1782; x_wconf 89' lang='lat' dir='ltr'><strong>pratorum</strong></span> <span class='ocrx_word' id='word_1_107' title='bbox 1424 1714 1453 1765; x_wconf 89' lang='lat' dir='ltr'><strong>et</strong></span> 
     </span>
     <span class='ocr_line' id='line_1_13' title="bbox 188 1814 1452 1889; baseline -0.002 -17"><span class='ocrx_word' id='word_1_108' title='bbox 188 1828 387 1889; x_wconf 87' lang='lat' dir='ltr'><strong>pascuorum,</strong></span> <span class='ocrx_word' id='word_1_109' title='bbox 422 1830 458 1872; x_wconf 89' lang='lat' dir='ltr'><strong>ac</strong></span> <span class='ocrx_word' id='word_1_110' title='bbox 481 1815 580 1872; x_wconf 90' lang='lat' dir='ltr'><strong>eciam</strong></span> <span class='ocrx_word' id='word_1_111' title='bbox 614 1816 654 1872; x_wconf 89' lang='lat' dir='ltr'><strong>ab</strong></span> <span class='ocrx_word' id='word_1_112' title='bbox 689 1816 757 1888; x_wconf 90' lang='lat' dir='ltr'><strong>ipsa</strong></span> <span class='ocrx_word' id='word_1_113' title='bbox 789 1814 922 1873; x_wconf 83' lang='lat' dir='ltr'><strong>fassione</strong></span> <span class='ocrx_word' id='word_1_114' title='bbox 956 1830 1065 1872; x_wconf 87' lang='lat' dir='ltr'><strong>eorum</strong></span> <span class='ocrx_word' id='word_1_115' title='bbox 1100 1815 1247 1888; x_wconf 91' lang='lat' dir='ltr'><strong>qualibet,</strong></span> <span class='ocrx_word' id='word_1_116' title='bbox 1283 1829 1401 1871; x_wconf 89' lang='lat' dir='ltr'><strong>necnon</strong></span> <span class='ocrx_word' id='word_1_117' title='bbox 1435 1828 1452 1870; x_wconf 89' lang='lat' dir='ltr'><strong>a</strong></span> 
     </span>
     <span class='ocr_line' id='line_1_14' title="bbox 186 1920 1454 1994; baseline -0.002 -14"><span class='ocrx_word' id='word_1_118' title='bbox 186 1920 390 1990; x_wconf 86' lang='lat' dir='ltr'><strong>conseccione,</strong></span> <span class='ocrx_word' id='word_1_119' title='bbox 413 1920 606 1994; x_wconf 86' lang='lat' dir='ltr'><strong>sigillacione</strong></span> <span class='ocrx_word' id='word_1_120' title='bbox 628 1927 658 1978; x_wconf 92' lang='lat' dir='ltr'><strong>et</strong></span> <span class='ocrx_word' id='word_1_121' title='bbox 681 1922 878 1979; x_wconf 88' lang='lat' dir='ltr'><strong>emanacione</strong></span> <span class='ocrx_word' id='word_1_122' title='bbox 901 1937 937 1978; x_wconf 88' lang='lat' dir='ltr'><strong>ac</strong></span> <span class='ocrx_word' id='word_1_123' title='bbox 960 1920 1175 1979; x_wconf 85' lang='lat' dir='ltr'><strong>extradacione</strong></span> <span class='ocrx_word' id='word_1_124' title='bbox 1190 1927 1254 1978; x_wconf 91' lang='lat' dir='ltr'><strong>tam</strong></span> <span class='ocrx_word' id='word_1_125' title='bbox 1272 1921 1454 1992; x_wconf 87' lang='lat' dir='ltr'><strong>obligatori-</strong></span> 
     </span>
     <span class='ocr_line' id='line_1_15' title="bbox 185 2025 1452 2100; baseline -0.002 -15"><span class='ocrx_word' id='word_1_126' title='bbox 185 2041 279 2085; x_wconf 87' lang='lat' dir='ltr'><strong>arum</strong></span> <span class='ocrx_word' id='word_1_127' title='bbox 302 2041 398 2100; x_wconf 89' lang='lat' dir='ltr'><strong>quam</strong></span> <span class='ocrx_word' id='word_1_128' title='bbox 414 2028 647 2085; x_wconf 91' lang='lat' dir='ltr'><strong>statutoriarum</strong></span> <span class='ocrx_word' id='word_1_129' title='bbox 663 2028 841 2085; x_wconf 90' lang='lat' dir='ltr'><strong>litterarum</strong></span> <span class='ocrx_word' id='word_1_130' title='bbox 857 2027 1077 2100; x_wconf 88' lang='lat' dir='ltr'><strong>predictarum,</strong></span> <span class='ocrx_word' id='word_1_131' title='bbox 1094 2042 1187 2099; x_wconf 88' lang='lat' dir='ltr'><strong>quam</strong></span> <span class='ocrx_word' id='word_1_132' title='bbox 1204 2027 1302 2084; x_wconf 90' lang='lat' dir='ltr'><strong>eciam</strong></span> <span class='ocrx_word' id='word_1_133' title='bbox 1318 2025 1452 2083; x_wconf 90' lang='lat' dir='ltr'><strong>aliarum</strong></span> 
     </span>
     <span class='ocr_line' id='line_1_16' title="bbox 185 2132 1450 2208; baseline -0.001 -18"><span class='ocrx_word' id='word_1_134' title='bbox 185 2132 402 2206; x_wconf 90' lang='lat' dir='ltr'><strong>quarumlibet</strong></span> <span class='ocrx_word' id='word_1_135' title='bbox 425 2135 601 2192; x_wconf 89' lang='lat' dir='ltr'><strong>litterarum</strong></span> <span class='ocrx_word' id='word_1_136' title='bbox 624 2151 681 2208; x_wconf 87' lang='lat' dir='ltr'><strong>per</strong></span> <span class='ocrx_word' id='word_1_137' title='bbox 704 2133 829 2191; x_wconf 79' lang='lat' dir='ltr'><strong>eosdem</strong></span> <span class='ocrx_word' id='word_1_138' title='bbox 846 2132 1038 2207; x_wconf 86' lang='lat' dir='ltr'><strong>Stephanum</strong></span> <span class='ocrx_word' id='word_1_139' title='bbox 1063 2134 1235 2207; x_wconf 85' lang='lat' dir='ltr'><strong>Kuhyngar</strong></span> <span class='ocrx_word' id='word_1_140' title='bbox 1258 2134 1404 2190; x_wconf 89' lang='lat' dir='ltr'><strong>comitem</strong></span> <span class='ocrx_word' id='word_1_141' title='bbox 1421 2139 1450 2189; x_wconf 91' lang='lat' dir='ltr'><strong>et</strong></span> 
     </span>
     <span class='ocr_line' id='line_1_17' title="bbox 182 2235 1451 2314; baseline 0 -18"><span class='ocrx_word' id='word_1_142' title='bbox 182 2235 305 2313; x_wconf 81' lang='lat' dir='ltr'><strong>judices</strong></span> <span class='ocrx_word' id='word_1_143' title='bbox 328 2240 483 2297; x_wconf 90' lang='lat' dir='ltr'><strong>nobilium</strong></span> <span class='ocrx_word' id='word_1_144' title='bbox 506 2241 671 2299; x_wconf 91' lang='lat' dir='ltr'><strong>comitatus</strong></span> <span class='ocrx_word' id='word_1_145' title='bbox 694 2241 900 2313; x_wconf 85' lang='lat' dir='ltr'><strong>zagrabiensis</strong></span> <span class='ocrx_word' id='word_1_146' title='bbox 932 2240 1102 2314; x_wconf 89' lang='lat' dir='ltr'><strong>supradicti</strong></span> <span class='ocrx_word' id='word_1_147' title='bbox 1125 2247 1154 2297; x_wconf 93' lang='lat' dir='ltr'><strong>et</strong></span> <span class='ocrx_word' id='word_1_148' title='bbox 1177 2241 1256 2297; x_wconf 91' lang='lat' dir='ltr'><strong>alios</strong></span> <span class='ocrx_word' id='word_1_149' title='bbox 1293 2240 1451 2312; x_wconf 90' lang='lat' dir='ltr'><strong>quoslibet</strong></span> 
     </span>
     <span class='ocr_line' id='line_1_18' title="bbox 184 2344 1449 2422; baseline 0 -20"><span class='ocrx_word' id='word_1_150' title='bbox 184 2351 296 2402; x_wconf 90' lang='lat' dir='ltr'><strong>contra</strong></span> <span class='ocrx_word' id='word_1_151' title='bbox 319 2345 477 2418; x_wconf 87' lang='lat' dir='ltr'><strong>predictos</strong></span> <span class='ocrx_word' id='word_1_152' title='bbox 499 2344 643 2420; x_wconf 89' lang='lat' dir='ltr'><strong>jndicem,</strong></span> <span class='ocrx_word' id='word_1_153' title='bbox 677 2345 795 2422; x_wconf 86' lang='lat' dir='ltr'><strong>juratos</strong></span> <span class='ocrx_word' id='word_1_154' title='bbox 830 2352 860 2405; x_wconf 90' lang='lat' dir='ltr'><strong>et</strong></span> <span class='ocrx_word' id='word_1_155' title='bbox 896 2347 1059 2404; x_wconf 89' lang='lat' dir='ltr'><strong>universos</strong></span> <span class='ocrx_word' id='word_1_156' title='bbox 1082 2348 1164 2404; x_wconf 90' lang='lat' dir='ltr'><strong>cives</strong></span> <span class='ocrx_word' id='word_1_157' title='bbox 1189 2362 1223 2403; x_wconf 92' lang='lat' dir='ltr'><strong>ac</strong></span> <span class='ocrx_word' id='word_1_158' title='bbox 1247 2351 1345 2403; x_wconf 91' lang='lat' dir='ltr'><strong>totam</strong></span> <span class='ocrx_word' id='word_1_159' title='bbox 1368 2360 1449 2403; x_wconf 91' lang='lat' dir='ltr'><strong>com·</strong></span> 
     </span>
     <span class='ocr_line' id='line_1_19' title="bbox 185 2451 1452 2528; baseline 0 -20"><span class='ocrx_word' id='word_1_160' title='bbox 185 2451 373 2509; x_wconf 86' lang='lat' dir='ltr'><strong>munitatem</strong></span> <span class='ocrx_word' id='word_1_161' title='bbox 412 2453 538 2522; x_wconf 85' lang='lat' dir='ltr'><strong>civium,</strong></span> <span class='ocrx_word' id='word_1_162' title='bbox 562 2455 720 2528; x_wconf 91' lang='lat' dir='ltr'><strong>hospitum</strong></span> <span class='ocrx_word' id='word_1_163' title='bbox 755 2460 785 2511; x_wconf 90' lang='lat' dir='ltr'><strong>et</strong></span> <span class='ocrx_word' id='word_1_164' title='bbox 823 2454 1068 2512; x_wconf 89' lang='lat' dir='ltr'><strong>inhabitatorum</strong></span> <span class='ocrx_word' id='word_1_165' title='bbox 1104 2455 1237 2511; x_wconf 89' lang='lat' dir='ltr'><strong>civitatis</strong></span> <span class='ocrx_word' id='word_1_166' title='bbox 1272 2459 1452 2526; x_wconf 86' lang='lat' dir='ltr'><strong>prenarrate</strong></span> 
     </span>
     <span class='ocr_line' id='line_1_20' title="bbox 186 2557 1452 2633; baseline 0 -18"><span class='ocrx_word' id='word_1_167' title='bbox 186 2557 348 2629; x_wconf 87' lang='lat' dir='ltr'><strong>hucusque</strong></span> <span class='ocrx_word' id='word_1_168' title='bbox 365 2558 659 2632; x_wconf 89' lang='lat' dir='ltr'><strong>quomodocumque</strong></span> <span class='ocrx_word' id='word_1_169' title='bbox 675 2558 764 2631; x_wconf 87' lang='lat' dir='ltr'><strong>sacta,</strong></span> <span class='ocrx_word' id='word_1_170' title='bbox 784 2558 921 2633; x_wconf 86' lang='lat' dir='ltr'><strong>prefatos</strong></span> <span class='ocrx_word' id='word_1_171' title='bbox 945 2574 1019 2617; x_wconf 89' lang='lat' dir='ltr'><strong>vero</strong></span> <span class='ocrx_word' id='word_1_172' title='bbox 1037 2559 1179 2617; x_wconf 89' lang='lat' dir='ltr'><strong>dominos</strong></span> <span class='ocrx_word' id='word_1_173' title='bbox 1203 2560 1301 2632; x_wconf 91' lang='lat' dir='ltr'><strong>ipsius</strong></span> <span class='ocrx_word' id='word_1_174' title='bbox 1322 2558 1452 2632; x_wconf 90' lang='lat' dir='ltr'><strong>capituli</strong></span> 
     </span>
     <span class='ocr_line' id='line_1_21' title="bbox 186 2663 1451 2739; baseline -0.001 -19"><span class='ocrx_word' id='word_1_175' title='bbox 186 2663 395 2736; x_wconf 75' lang='lat' dir='ltr'><strong>zagrabiensis</strong></span> <span class='ocrx_word' id='word_1_176' title='bbox 407 2669 436 2721; x_wconf 87' lang='lat' dir='ltr'><strong>et</strong></span> <span class='ocrx_word' id='word_1_177' title='bbox 449 2663 528 2721; x_wconf 89' lang='lat' dir='ltr'><strong>alios</strong></span> <span class='ocrx_word' id='word_1_178' title='bbox 544 2665 701 2738; x_wconf 91' lang='lat' dir='ltr'><strong>quoslibet</strong></span> <span class='ocrx_word' id='word_1_179' title='bbox 713 2666 754 2722; x_wconf 92' lang='lat' dir='ltr'><strong>ab</strong></span> <span class='ocrx_word' id='word_1_180' title='bbox 772 2666 840 2739; x_wconf 88' lang='lat' dir='ltr'><strong>ipsa</strong></span> <span class='ocrx_word' id='word_1_181' title='bbox 853 2665 1032 2723; x_wconf 87' lang='lat' dir='ltr'><strong>huiusmodi</strong></span> <span class='ocrx_word' id='word_1_182' title='bbox 1048 2665 1258 2739; x_wconf 87' lang='lat' dir='ltr'><strong>predictarum</strong></span> <span class='ocrx_word' id='word_1_183' title='bbox 1276 2665 1451 2722; x_wconf 89' lang='lat' dir='ltr'><strong>litterarum</strong></span> 
     </span>
     <span class='ocr_line' id='line_1_22' title="bbox 187 2769 1453 2845; baseline -0.001 -18"><span class='ocrx_word' id='word_1_184' title='bbox 187 2778 253 2827; x_wconf 86' lang='lat' dir='ltr'><strong>tam</strong></span> <span class='ocrx_word' id='word_1_185' title='bbox 277 2769 536 2843; x_wconf 86' lang='lat' dir='ltr'><strong>obligatoriarum</strong></span> <span class='ocrx_word' id='word_1_186' title='bbox 560 2787 656 2844; x_wconf 88' lang='lat' dir='ltr'><strong>quam</strong></span> <span class='ocrx_word' id='word_1_187' title='bbox 680 2773 913 2830; x_wconf 89' lang='lat' dir='ltr'><strong>statutoriarum</strong></span> <span class='ocrx_word' id='word_1_188' title='bbox 937 2777 966 2829; x_wconf 93' lang='lat' dir='ltr'><strong>et</strong></span> <span class='ocrx_word' id='word_1_189' title='bbox 989 2773 1123 2829; x_wconf 91' lang='lat' dir='ltr'><strong>aliarum</strong></span> <span class='ocrx_word' id='word_1_190' title='bbox 1158 2771 1370 2845; x_wconf 85' lang='lat' dir='ltr'><strong>quarumlibet</strong></span> <span class='ocrx_word' id='word_1_191' title='bbox 1402 2769 1453 2826; x_wconf 94' lang='lat' dir='ltr'><strong>lit·</strong></span> 
     </span>
     <span class='ocr_line' id='line_1_23' title="bbox 186 2874 1452 2952; baseline -0.001 -19"><span class='ocrx_word' id='word_1_192' title='bbox 186 2878 327 2933; x_wconf 87' lang='lat' dir='ltr'><strong>terarum</strong></span> <span class='ocrx_word' id='word_1_193' title='bbox 350 2877 425 2950; x_wconf 93' lang='lat' dir='ltr'><strong>ipsis</strong></span> <span class='ocrx_word' id='word_1_194' title='bbox 441 2874 546 2951; x_wconf 89' lang='lat' dir='ltr'><strong>judici,</strong></span> <span class='ocrx_word' id='word_1_195' title='bbox 569 2875 677 2952; x_wconf 84' lang='lat' dir='ltr'><strong>juratis</strong></span> <span class='ocrx_word' id='word_1_196' title='bbox 700 2883 731 2936; x_wconf 90' lang='lat' dir='ltr'><strong>et</strong></span> <span class='ocrx_word' id='word_1_197' title='bbox 753 2879 906 2935; x_wconf 86' lang='lat' dir='ltr'><strong>universis</strong></span> <span class='ocrx_word' id='word_1_198' title='bbox 930 2879 1052 2936; x_wconf 89' lang='lat' dir='ltr'><strong>civibus</strong></span> <span class='ocrx_word' id='word_1_199' title='bbox 1086 2894 1122 2936; x_wconf 88' lang='lat' dir='ltr'><strong>ac</strong></span> <span class='ocrx_word' id='word_1_200' title='bbox 1146 2879 1202 2936; x_wconf 92' lang='lat' dir='ltr'><strong>toti</strong></span> <span class='ocrx_word' id='word_1_201' title='bbox 1237 2876 1452 2934; x_wconf 88' lang='lat' dir='ltr'><strong>communitati</strong></span> 
     </span>
     <span class='ocr_line' id='line_1_24' title="bbox 187 2981 1453 3058; baseline -0.003 -17"><span class='ocrx_word' id='word_1_202' title='bbox 187 2982 304 3041; x_wconf 84' lang='lat' dir='ltr'><strong>civium</strong></span> <span class='ocrx_word' id='word_1_203' title='bbox 329 2990 358 3041; x_wconf 90' lang='lat' dir='ltr'><strong>et</strong></span> <span class='ocrx_word' id='word_1_204' title='bbox 381 2984 541 3057; x_wconf 87' lang='lat' dir='ltr'><strong>hospitum</strong></span> <span class='ocrx_word' id='word_1_205' title='bbox 565 2999 600 3042; x_wconf 89' lang='lat' dir='ltr'><strong>ac</strong></span> <span class='ocrx_word' id='word_1_206' title='bbox 623 2985 867 3043; x_wconf 85' lang='lat' dir='ltr'><strong>inhabitatorum</strong></span> <span class='ocrx_word' id='word_1_207' title='bbox 892 2985 1024 3042; x_wconf 86' lang='lat' dir='ltr'><strong>civitatis</strong></span> <span class='ocrx_word' id='word_1_208' title='bbox 1050 2984 1187 3058; x_wconf 86' lang='lat' dir='ltr'><strong>sepefate</strong></span> <span class='ocrx_word' id='word_1_209' title='bbox 1213 2985 1244 3042; x_wconf 91' lang='lat' dir='ltr'><strong>in</strong></span> <span class='ocrx_word' id='word_1_210' title='bbox 1276 2982 1357 3040; x_wconf 89' lang='lat' dir='ltr'><strong>sacto</strong></span> <span class='ocrx_word' id='word_1_211' title='bbox 1390 2981 1453 3039; x_wconf 90' lang='lat' dir='ltr'><strong>dic·</strong></span> 
     </span>
     <span class='ocr_line' id='line_1_25' title="bbox 189 3090 1452 3159; baseline -0.002 -13"><span class='ocrx_word' id='word_1_212' title='bbox 189 3094 292 3147; x_wconf 83' lang='lat' dir='ltr'><strong>turum</strong></span> <span class='ocrx_word' id='word_1_213' title='bbox 317 3096 470 3148; x_wconf 88' lang='lat' dir='ltr'><strong>terrarum</strong></span> <span class='ocrx_word' id='word_1_214' title='bbox 493 3105 601 3148; x_wconf 90' lang='lat' dir='ltr'><strong>eorum</strong></span> <span class='ocrx_word' id='word_1_215' title='bbox 624 3092 793 3149; x_wconf 89' lang='lat' dir='ltr'><strong>arabilium</strong></span> <span class='ocrx_word' id='word_1_216' title='bbox 817 3096 846 3148; x_wconf 93' lang='lat' dir='ltr'><strong>et</strong></span> <span class='ocrx_word' id='word_1_217' title='bbox 868 3092 1052 3149; x_wconf 88' lang='lat' dir='ltr'><strong>rubetorum</strong></span> <span class='ocrx_word' id='word_1_218' title='bbox 1075 3106 1111 3148; x_wconf 92' lang='lat' dir='ltr'><strong>ac</strong></span> <span class='ocrx_word' id='word_1_219' title='bbox 1143 3090 1292 3159; x_wconf 86' lang='lat' dir='ltr'><strong>senilium,</strong></span> <span class='ocrx_word' id='word_1_220' title='bbox 1333 3103 1452 3145; x_wconf 88' lang='lat' dir='ltr'><strong>necnon</strong></span> 
     </span>
     <span class='ocr_line' id='line_1_26' title="bbox 187 3195 1450 3269; baseline -0.002 -17"><span class='ocrx_word' id='word_1_221' title='bbox 187 3202 350 3268; x_wconf 88' lang='lat' dir='ltr'><strong>pratorum</strong></span> <span class='ocrx_word' id='word_1_222' title='bbox 373 3202 404 3253; x_wconf 89' lang='lat' dir='ltr'><strong>et</strong></span> <span class='ocrx_word' id='word_1_223' title='bbox 425 3211 613 3269; x_wconf 92' lang='lat' dir='ltr'><strong>pascuorum</strong></span> <span class='ocrx_word' id='word_1_224' title='bbox 633 3212 742 3254; x_wconf 84' lang='lat' dir='ltr'><strong>eorum</strong></span> <span class='ocrx_word' id='word_1_225' title='bbox 764 3197 947 3254; x_wconf 87' lang='lat' dir='ltr'><strong>nocivarum</strong></span> <span class='ocrx_word' id='word_1_226' title='bbox 970 3204 1000 3254; x_wconf 89' lang='lat' dir='ltr'><strong>et</strong></span> <span class='ocrx_word' id='word_1_227' title='bbox 1024 3198 1249 3254; x_wconf 88' lang='lat' dir='ltr'><strong>contrariarum</strong></span> <span class='ocrx_word' id='word_1_228' title='bbox 1273 3195 1384 3253; x_wconf 89' lang='lat' dir='ltr'><strong>confici</strong></span> <span class='ocrx_word' id='word_1_229' title='bbox 1420 3201 1450 3250; x_wconf 87' lang='lat' dir='ltr'><strong>et</strong></span> 
     </span>
     <span class='ocr_line' id='line_1_27' title="bbox 187 3299 1452 3376; baseline -0.001 -18"><span class='ocrx_word' id='word_1_230' title='bbox 187 3299 471 3370; x_wconf 84' lang='lat' dir='ltr'><strong>emanarisaccione,</strong></span> <span class='ocrx_word' id='word_1_231' title='bbox 505 3304 734 3376; x_wconf 86' lang='lat' dir='ltr'><strong>procuracione,</strong></span> <span class='ocrx_word' id='word_1_232' title='bbox 769 3304 969 3366; x_wconf 85' lang='lat' dir='ltr'><strong>extraccione.</strong></span> <span class='ocrx_word' id='word_1_233' title='bbox 994 3304 1173 3376; x_wconf 89' lang='lat' dir='ltr'><strong>recepcione</strong></span> <span class='ocrx_word' id='word_1_234' title='bbox 1197 3318 1232 3360; x_wconf 90' lang='lat' dir='ltr'><strong>ac</strong></span> <span class='ocrx_word' id='word_1_235' title='bbox 1258 3304 1298 3360; x_wconf 92' lang='lat' dir='ltr'><strong>ab</strong></span> <span class='ocrx_word' id='word_1_236' title='bbox 1320 3316 1452 3374; x_wconf 91' lang='lat' dir='ltr'><strong>occupa·</strong></span> 
     </span>
     <span class='ocr_line' id='line_1_28' title="bbox 188 3405 1451 3482; baseline 0 -18"><span class='ocrx_word' id='word_1_237' title='bbox 188 3406 283 3477; x_wconf 86' lang='lat' dir='ltr'><strong>cione,</strong></span> <span class='ocrx_word' id='word_1_238' title='bbox 300 3405 479 3466; x_wconf 90' lang='lat' dir='ltr'><strong>detencione</strong></span> <span class='ocrx_word' id='word_1_239' title='bbox 497 3414 526 3465; x_wconf 93' lang='lat' dir='ltr'><strong>et</strong></span> <span class='ocrx_word' id='word_1_240' title='bbox 549 3408 753 3482; x_wconf 89' lang='lat' dir='ltr'><strong>usurpacione</strong></span> <span class='ocrx_word' id='word_1_241' title='bbox 769 3408 980 3482; x_wconf 86' lang='lat' dir='ltr'><strong>predictarum</strong></span> <span class='ocrx_word' id='word_1_242' title='bbox 996 3415 1150 3467; x_wconf 87' lang='lat' dir='ltr'><strong>terrarum</strong></span> <span class='ocrx_word' id='word_1_243' title='bbox 1167 3410 1344 3480; x_wconf 87' lang='lat' dir='ltr'><strong>arabilium,</strong></span> <span class='ocrx_word' id='word_1_244' title='bbox 1360 3408 1451 3464; x_wconf 87' lang='lat' dir='ltr'><strong>rube-</strong></span> 
     </span>
     <span class='ocr_line' id='line_1_29' title="bbox 188 3513 1451 3589; baseline 0 -18"><span class='ocrx_word' id='word_1_245' title='bbox 188 3518 291 3572; x_wconf 90' lang='lat' dir='ltr'><strong>torum</strong></span> <span class='ocrx_word' id='word_1_246' title='bbox 316 3520 346 3571; x_wconf 91' lang='lat' dir='ltr'><strong>et</strong></span> <span class='ocrx_word' id='word_1_247' title='bbox 368 3513 509 3573; x_wconf 78' lang='lat' dir='ltr'><strong>senilium</strong></span> <span class='ocrx_word' id='word_1_248' title='bbox 535 3531 570 3572; x_wconf 92' lang='lat' dir='ltr'><strong>ac</strong></span> <span class='ocrx_word' id='word_1_249' title='bbox 593 3521 755 3589; x_wconf 90' lang='lat' dir='ltr'><strong>pratorum</strong></span> <span class='ocrx_word' id='word_1_250' title='bbox 779 3521 808 3572; x_wconf 90' lang='lat' dir='ltr'><strong>et</strong></span> <span class='ocrx_word' id='word_1_251' title='bbox 830 3531 1017 3589; x_wconf 90' lang='lat' dir='ltr'><strong>pascuorum</strong></span> <span class='ocrx_word' id='word_1_252' title='bbox 1040 3531 1076 3573; x_wconf 90' lang='lat' dir='ltr'><strong>ac</strong></span> <span class='ocrx_word' id='word_1_253' title='bbox 1106 3517 1166 3573; x_wconf 89' lang='lat' dir='ltr'><strong>sibi</strong></span> <span class='ocrx_word' id='word_1_254' title='bbox 1201 3517 1277 3589; x_wconf 90' lang='lat' dir='ltr'><strong>ipsis</strong></span> <span class='ocrx_word' id='word_1_255' title='bbox 1312 3530 1362 3572; x_wconf 89' lang='lat' dir='ltr'><strong>eas</strong></span> <span class='ocrx_word' id='word_1_256' title='bbox 1382 3520 1451 3571; x_wconf 84' lang='lat' dir='ltr'><strong>¹seu</strong></span> 
     </span>
     <span class='ocr_line' id='line_1_30' title="bbox 189 3620 1449 3695; baseline -0.001 -17"><span class='ocrx_word' id='word_1_257' title='bbox 189 3634 224 3678; x_wconf 88' lang='lat' dir='ltr'><strong>ea</strong></span> <span class='ocrx_word' id='word_1_258' title='bbox 245 3621 514 3694; x_wconf 85' lang='lat' dir='ltr'><strong>appropriaeione,</strong></span> <span class='ocrx_word' id='word_1_259' title='bbox 537 3622 775 3695; x_wconf 89' lang='lat' dir='ltr'><strong>perpetuacione</strong></span> <span class='ocrx_word' id='word_1_260' title='bbox 798 3628 827 3678; x_wconf 91' lang='lat' dir='ltr'><strong>et</strong></span> <span class='ocrx_word' id='word_1_261' title='bbox 850 3621 1089 3691; x_wconf 86' lang='lat' dir='ltr'><strong>statuisaccionc,</strong></span> <span class='ocrx_word' id='word_1_262' title='bbox 1114 3637 1207 3694; x_wconf 92' lang='lat' dir='ltr'><strong>seque</strong></span> <span class='ocrx_word' id='word_1_263' title='bbox 1231 3623 1315 3694; x_wconf 87' lang='lat' dir='ltr'><strong>ipsos</strong></span> <span class='ocrx_word' id='word_1_264' title='bbox 1339 3621 1370 3678; x_wconf 88' lang='lat' dir='ltr'><strong>in</strong></span> <span class='ocrx_word' id='word_1_265' title='bbox 1394 3620 1449 3677; x_wconf 92' lang='lat' dir='ltr'><strong>do·</strong></span> 
     </span>
     <span class='ocr_line' id='line_1_31' title="bbox 189 3726 1452 3800; baseline 0.001 -17"><span class='ocrx_word' id='word_1_266' title='bbox 189 3726 320 3784; x_wconf 90' lang='lat' dir='ltr'><strong>minium</strong></span> <span class='ocrx_word' id='word_1_267' title='bbox 346 3726 526 3784; x_wconf 88' lang='lat' dir='ltr'><strong>earumdem</strong></span> <span class='ocrx_word' id='word_1_268' title='bbox 549 3736 704 3784; x_wconf 89' lang='lat' dir='ltr'><strong>terrarum</strong></span> <span class='ocrx_word' id='word_1_269' title='bbox 727 3728 903 3796; x_wconf 86' lang='lat' dir='ltr'><strong>arabilium,</strong></span> <span class='ocrx_word' id='word_1_270' title='bbox 920 3729 1101 3785; x_wconf 85' lang='lat' dir='ltr'><strong>rubetorum</strong></span> <span class='ocrx_word' id='word_1_271' title='bbox 1127 3735 1157 3785; x_wconf 88' lang='lat' dir='ltr'><strong>ct</strong></span> <span class='ocrx_word' id='word_1_272' title='bbox 1180 3728 1319 3785; x_wconf 89' lang='lat' dir='ltr'><strong>senilium</strong></span> <span class='ocrx_word' id='word_1_273' title='bbox 1334 3743 1369 3783; x_wconf 92' lang='lat' dir='ltr'><strong>ac</strong></span> <span class='ocrx_word' id='word_1_274' title='bbox 1382 3743 1452 3800; x_wconf 90' lang='lat' dir='ltr'><strong>pra·</strong></span> 
     </span>
     <span class='ocr_line' id='line_1_32' title="bbox 188 3834 1453 3906; baseline 0.001 -16"><span class='ocrx_word' id='word_1_275' title='bbox 188 3838 291 3890; x_wconf 90' lang='lat' dir='ltr'><strong>torum</strong></span> <span class='ocrx_word' id='word_1_276' title='bbox 305 3838 335 3890; x_wconf 91' lang='lat' dir='ltr'><strong>et</strong></span> <span class='ocrx_word' id='word_1_277' title='bbox 348 3848 533 3904; x_wconf 88' lang='lat' dir='ltr'><strong>pascuorum</strong></span> <span class='ocrx_word' id='word_1_278' title='bbox 547 3834 658 3906; x_wconf 85' lang='lat' dir='ltr'><strong>quovis</strong></span> <span class='ocrx_word' id='word_1_279' title='bbox 671 3835 791 3906; x_wconf 89' lang='lat' dir='ltr'><strong>quesito</strong></span> <span class='ocrx_word' id='word_1_280' title='bbox 803 3835 916 3905; x_wconf 91' lang='lat' dir='ltr'><strong>colore,</strong></span> <span class='ocrx_word' id='word_1_281' title='bbox 929 3835 1059 3906; x_wconf 79' lang='lat' dir='ltr'><strong>ingenio,</strong></span> <span class='ocrx_word' id='word_1_282' title='bbox 1074 3835 1166 3892; x_wconf 91' lang='lat' dir='ltr'><strong>modo</strong></span> <span class='ocrx_word' id='word_1_283' title='bbox 1176 3852 1228 3893; x_wconf 83' lang='lat' dir='ltr'><strong>scu</strong></span> <span class='ocrx_word' id='word_1_284' title='bbox 1246 3835 1346 3892; x_wconf 83' lang='lat' dir='ltr'><strong>forma</strong></span> <span class='ocrx_word' id='word_1_285' title='bbox 1360 3835 1453 3892; x_wconf 90' lang='lat' dir='ltr'><strong>intro·</strong></span> 
     </span>
     <span class='ocr_line' id='line_1_33' title="bbox 189 3938 1451 4013; baseline 0 -18"><span class='ocrx_word' id='word_1_286' title='bbox 189 3938 343 4010; x_wconf 86' lang='lat' dir='ltr'><strong>missione,</strong></span> <span class='ocrx_word' id='word_1_287' title='bbox 360 3955 472 3996; x_wconf 91' lang='lat' dir='ltr'><strong>usuum</strong></span> <span class='ocrx_word' id='word_1_288' title='bbox 489 3956 613 4013; x_wconf 92' lang='lat' dir='ltr'><strong>quoque</strong></span> <span class='ocrx_word' id='word_1_289' title='bbox 629 3947 658 3997; x_wconf 90' lang='lat' dir='ltr'><strong>et</strong></span> <span class='ocrx_word' id='word_1_290' title='bbox 675 3939 833 3998; x_wconf 89' lang='lat' dir='ltr'><strong>fructuum</strong></span> <span class='ocrx_word' id='word_1_291' title='bbox 849 3956 884 3998; x_wconf 91' lang='lat' dir='ltr'><strong>ac</strong></span> <span class='ocrx_word' id='word_1_292' title='bbox 900 3941 1112 4013; x_wconf 88' lang='lat' dir='ltr'><strong>quarumlibet</strong></span> <span class='ocrx_word' id='word_1_293' title='bbox 1130 3943 1299 3999; x_wconf 84' lang='lat' dir='ltr'><strong>utilitatum</strong></span> <span class='ocrx_word' id='word_1_294' title='bbox 1312 3941 1451 4012; x_wconf 89' lang='lat' dir='ltr'><strong>ipsarum</strong></span> 
     </span>
     <span class='ocr_line' id='line_1_34' title="bbox 189 4045 1452 4122; baseline 0.001 -20"><span class='ocrx_word' id='word_1_295' title='bbox 189 4045 392 4118; x_wconf 89' lang='lat' dir='ltr'><strong>percepcione</strong></span> <span class='ocrx_word' id='word_1_296' title='bbox 415 4061 469 4103; x_wconf 89' lang='lat' dir='ltr'><strong>seu</strong></span> <span class='ocrx_word' id='word_1_297' title='bbox 486 4045 742 4119; x_wconf 89' lang='lat' dir='ltr'><strong>percipisaccione</strong></span> <span class='ocrx_word' id='word_1_298' title='bbox 765 4047 987 4120; x_wconf 87' lang='lat' dir='ltr'><strong>quoquomodo</strong></span> <span class='ocrx_word' id='word_1_299' title='bbox 1011 4047 1073 4122; x_wconf 87' lang='lat' dir='ltr'><strong>jam</strong></span> <span class='ocrx_word' id='word_1_300' title='bbox 1099 4046 1187 4104; x_wconf 91' lang='lat' dir='ltr'><strong>sactis</strong></span> <span class='ocrx_word' id='word_1_301' title='bbox 1218 4048 1270 4103; x_wconf 85' lang='lat' dir='ltr'><strong>vel</strong></span> <span class='ocrx_word' id='word_1_302' title='bbox 1306 4046 1452 4103; x_wconf 83' lang='lat' dir='ltr'><strong>faciendis</strong></span> 
     </span>
     <span class='ocr_line' id='line_1_35' title="bbox 189 4151 1451 4227; baseline 0 -19"><span class='ocrx_word' id='word_1_303' title='bbox 189 4151 351 4224; x_wconf 90' lang='lat' dir='ltr'><strong>prohibuit</strong></span> <span class='ocrx_word' id='word_1_304' title='bbox 373 4151 610 4210; x_wconf 90' lang='lat' dir='ltr'><strong>contradicendo</strong></span> <span class='ocrx_word' id='word_1_305' title='bbox 633 4159 662 4209; x_wconf 86' lang='lat' dir='ltr'><strong>et</strong></span> <span class='ocrx_word' id='word_1_306' title='bbox 686 4153 872 4210; x_wconf 85' lang='lat' dir='ltr'><strong>contradixit</strong></span> <span class='ocrx_word' id='word_1_307' title='bbox 894 4152 1063 4211; x_wconf 88' lang='lat' dir='ltr'><strong>inhibendo</strong></span> <span class='ocrx_word' id='word_1_308' title='bbox 1088 4155 1213 4227; x_wconf 91' lang='lat' dir='ltr'><strong>publice</strong></span> <span class='ocrx_word' id='word_1_309' title='bbox 1236 4160 1265 4209; x_wconf 91' lang='lat' dir='ltr'><strong>et</strong></span> <span class='ocrx_word' id='word_1_310' title='bbox 1290 4151 1451 4210; x_wconf 85' lang='lat' dir='ltr'><strong>manifeste</strong></span> 
     </span>
     <span class='ocr_line' id='line_1_36' title="bbox 190 4257 1451 4333; baseline 0.002 -19"><span class='ocrx_word' id='word_1_311' title='bbox 190 4270 294 4314; x_wconf 89' lang='lat' dir='ltr'><strong>coram</strong></span> <span class='ocrx_word' id='word_1_312' title='bbox 318 4257 418 4329; x_wconf 89' lang='lat' dir='ltr'><strong>nobis,</strong></span> <span class='ocrx_word' id='word_1_313' title='bbox 441 4259 635 4333; x_wconf 86' lang='lat' dir='ltr'><strong>presencium</strong></span> <span class='ocrx_word' id='word_1_314' title='bbox 670 4271 846 4316; x_wconf 83' lang='lat' dir='ltr'><strong>nostrarum</strong></span> <span class='ocrx_word' id='word_1_315' title='bbox 882 4261 990 4331; x_wconf 86' lang='lat' dir='ltr'><strong>vigore</strong></span> <span class='ocrx_word' id='word_1_316' title='bbox 1014 4267 1043 4316; x_wconf 92' lang='lat' dir='ltr'><strong>et</strong></span> <span class='ocrx_word' id='word_1_317' title='bbox 1067 4261 1242 4317; x_wconf 85' lang='lat' dir='ltr'><strong>testimonio</strong></span> <span class='ocrx_word' id='word_1_318' title='bbox 1278 4260 1451 4317; x_wconf 84' lang='lat' dir='ltr'><strong>litterarum</strong></span> 
     </span>
     <span class='ocr_line' id='line_1_37' title="bbox 189 4363 1452 4437; baseline 0.002 -17"><span class='ocrx_word' id='word_1_319' title='bbox 189 4363 352 4421; x_wconf 88' lang='lat' dir='ltr'><strong>mediante.</strong></span> <span class='ocrx_word' id='word_1_320' title='bbox 374 4363 490 4421; x_wconf 90' lang='lat' dir='ltr'><strong>Datum</strong></span> <span class='ocrx_word' id='word_1_321' title='bbox 513 4364 663 4437; x_wconf 83' lang='lat' dir='ltr'><strong>Zagrabie</strong></span> <span class='ocrx_word' id='word_1_322' title='bbox 687 4364 809 4422; x_wconf 88' lang='lat' dir='ltr'><strong>decimo</strong></span> <span class='ocrx_word' id='word_1_323' title='bbox 825 4371 943 4423; x_wconf 70' lang='lat' dir='ltr'><strong>‘octavo</strong></span> <span class='ocrx_word' id='word_1_324' title='bbox 972 4366 1021 4423; x_wconf 90' lang='lat' dir='ltr'><strong>die</strong></span> <span class='ocrx_word' id='word_1_325' title='bbox 1056 4373 1236 4423; x_wconf 85' lang='lat' dir='ltr'><strong>octavarum</strong></span> <span class='ocrx_word' id='word_1_326' title='bbox 1274 4365 1342 4423; x_wconf 84' lang='lat' dir='ltr'><strong>sesti</strong></span> <span class='ocrx_word' id='word_1_327' title='bbox 1370 4368 1452 4424; x_wconf 93' lang='lat' dir='ltr'><strong>beati</strong></span> 
     </span>
     <span class='ocr_line' id='line_1_38' title="bbox 189 4468 1453 4544; baseline 0.002 -18"><span class='ocrx_word' id='word_1_328' title='bbox 189 4468 350 4527; x_wconf 86' lang='lat' dir='ltr'><strong>Michaelis</strong></span> <span class='ocrx_word' id='word_1_329' title='bbox 365 4469 552 4544; x_wconf 83' lang='lat' dir='ltr'><strong>archangeli.</strong></span> <span class='ocrx_word' id='word_1_330' title='bbox 572 4473 660 4529; x_wconf 84' lang='lat' dir='ltr'><strong>Anno</strong></span> <span class='ocrx_word' id='word_1_331' title='bbox 675 4470 794 4528; x_wconf 91' lang='lat' dir='ltr'><strong>domini</strong></span> <span class='ocrx_word' id='word_1_332' title='bbox 807 4471 977 4529; x_wconf 86' lang='lat' dir='ltr'><strong>millesimo</strong></span> <span class='ocrx_word' id='word_1_333' title='bbox 994 4470 1300 4543; x_wconf 78' lang='lat' dir='ltr'><strong>quadringentesimo</strong></span> <span class='ocrx_word' id='word_1_334' title='bbox 1317 4472 1453 4544; x_wconf 87' lang='lat' dir='ltr'><strong>quadra-</strong></span> 
     </span>
     <span class='ocr_line' id='line_1_39' title="bbox 189 4575 472 4650; baseline 0.004 -17"><span class='ocrx_word' id='word_1_335' title='bbox 189 4576 308 4648; x_wconf 82' lang='lat' dir='ltr'><strong>gesimo</strong></span> <span class='ocrx_word' id='word_1_336' title='bbox 329 4575 472 4650; x_wconf 88' lang='lat' dir='ltr'><strong>septimo.</strong></span> 
     </span>
    </p>
   </div>
   <div class='ocr_carea' id='block_1_3' title="bbox 189 4711 1452 4864">
    <p class='ocr_par' dir='ltr' id='par_1_3' title="bbox 189 4711 1452 4864">
     <span class='ocr_line' id='line_1_40' title="bbox 295 4711 1452 4779; baseline 0.003 -20"><span class='ocrx_word' id='word_1_337' title='bbox 295 4711 429 4775; x_wconf 83' lang='lat' dir='ltr'><strong>Originale</strong></span> <span class='ocrx_word' id='word_1_338' title='bbox 448 4713 475 4761; x_wconf 90' lang='lat' dir='ltr'><strong>in</strong></span> <span class='ocrx_word' id='word_1_339' title='bbox 493 4713 589 4765; x_wconf 84' lang='lat' dir='ltr'><strong>charta.</strong></span> <span class='ocrx_word' id='word_1_340' title='bbox 609 4715 636 4763; x_wconf 83' lang='lat' dir='ltr'>A</span> <span class='ocrx_word' id='word_1_341' title='bbox 655 4721 728 4778; x_wconf 85' lang='lat' dir='ltr'><strong>tergo</strong></span> <span class='ocrx_word' id='word_1_342' title='bbox 746 4715 855 4779; x_wconf 83' lang='lat' dir='ltr'><strong>vestigia</strong></span> <span class='ocrx_word' id='word_1_343' title='bbox 874 4715 949 4763; x_wconf 90' lang='lat' dir='ltr'><strong>trium</strong></span> <span class='ocrx_word' id='word_1_344' title='bbox 969 4713 1121 4778; x_wconf 83' lang='lat' dir='ltr'><strong>sigillorum,</strong></span> <span class='ocrx_word' id='word_1_345' title='bbox 1152 4717 1184 4762; x_wconf 94' lang='lat' dir='ltr'><strong>In</strong></span> <span class='ocrx_word' id='word_1_346' title='bbox 1202 4714 1317 4764; x_wconf 86' lang='lat' dir='ltr'><strong>archivio</strong></span> <span class='ocrx_word' id='word_1_347' title='bbox 1334 4716 1380 4768; x_wconf 82' lang='lat' dir='ltr'><strong>lib,</strong></span> <span class='ocrx_word' id='word_1_348' title='bbox 1400 4732 1452 4779; x_wconf 82' lang='lat' dir='ltr'><strong>reg,</strong></span> 
     </span>
     <span class='ocr_line' id='line_1_41' title="bbox 189 4800 451 4864; baseline -0.004 -13"><span class='ocrx_word' id='word_1_349' title='bbox 189 4800 258 4852; x_wconf 77' lang='lat' dir='ltr'><strong>civit.</strong></span> <span class='ocrx_word' id='word_1_350' title='bbox 277 4801 451 4864; x_wconf 82' lang='lat' dir='ltr'><strong>zagrubiensis</strong></span> 
     </span>
    </p>
   </div>
   <div class='ocr_carea' id='block_1_4' title="bbox 0 0 1645 5348">
    <p class='ocr_par' dir='ltr' id='par_1_4' title="bbox 0 0 1645 5348">
     <span class='ocr_line' id='line_1_42' title="bbox 0 0 1645 5348; baseline 0 0"><span class='ocrx_word' id='word_1_351' title='bbox 0 0 1645 5348; x_wconf 95' lang='lat' dir='ltr'><strong> </strong></span> 
     </span>
    </p>
   </div>
  </div>
 </body>
</html>
