3278 5348
621 450 695 510 Doc.
713 461 788 529 3421
812 485 855 496 -
878 451 936 511 An.
960 447 1056 530 1488.
1226 537 1230 543 Ι
1402 459 1464 535 463

197 664 347 725 frumenti
377 665 495 725 eisdem
525 667 684 725 actoribus
713 666 752 725 de
782 673 865 726 terra
899 669 992 726 tercie
1007 670 1121 743 partis,
1153 684 1249 742 quam
1272 670 1466 731 incoluerunt

194 759 387 847 jobagiones,
410 772 552 847 parcium
576 773 710 832 duarum
741 774 909 849 superioris
936 776 1137 848 possessionis
1159 775 1327 850 Zthupnyk
1349 786 1467 849 vocate,

198 879 300 953 recipi
320 885 350 936 et
374 893 433 953 pro
468 895 501 937 se
530 880 600 954 ipso
633 881 778 954 usurpari
809 880 931 938 fecisset
961 882 1102 954 potencia
1134 881 1306 942 mediante·
1318 883 1356 941 Et
1378 874 1469 957 quod?

196 985 280 1043 circa
302 982 416 1043 festum
447 985 530 1043 beati
562 983 727 1044 Colomani
757 986 903 1057 martiris,
925 987 1070 1044 similiter
1105 993 1178 1045 tunc
1201 989 1345 1061 proxime
1368 998 1469 1063 prete·

196 1090 303 1163 ritum,
328 1091 412 1150 idem
434 1091 590 1174 Jobannes
613 1092 764 1150 Horwath
777 1092 930 1167 prefatam
954 1095 1082 1151 terciam
1098 1102 1221 1167 partem
1243 1094 1324 1153 dicte
1347 1111 1467 1169 posses·

195 1196 292 1255 sionis
315 1197 458 1272 ipsorum
480 1202 620 1255 actorum
645 1197 801 1272 thupnik
824 1203 933 1255 vocate
955 1199 986 1255 in
1010 1200 1158 1257 comitatu
1180 1200 1372 1272 zagrabiensi
1397 1217 1462 1275 pre·

199 1302 284 1362 dicto
307 1304 474 1375 existentis,
494 1319 556 1362 non
571 1309 678 1362 curato
695 1319 740 1375 ec,
753 1304 837 1378 quod
854 1304 916 1362 iam
941 1319 998 1377 pro
1021 1305 1144 1362 duabus
1160 1306 1303 1379 partibus
1326 1306 1465 1364 eiusdem

196 1409 401 1483 possessionis
424 1408 543 1467 dudum
566 1409 598 1467 in
621 1409 710 1467 litem
739 1425 797 1484 per
827 1412 911 1484 ipsos
942 1418 1060 1469 actores
1091 1416 1240 1469 attractus
1262 1410 1379 1483 fuisset,
1403 1427 1462 1486 pro

195 1528 230 1573 se
253 1515 325 1588 ipso
348 1516 451 1573 minus
474 1513 554 1590 juste
576 1521 607 1573 et
622 1514 759 1573 indebite
774 1523 963 1590 occupasset,
980 1516 1106 1575 eosdem
1122 1524 1241 1575 actores
1265 1516 1304 1576 de
1325 1518 1464 1579 dominio

196 1620 336 1679 eiusdem
360 1620 553 1679 excludendo
578 1621 720 1694 potencia
752 1621 915 1694 mediante,
937 1622 968 1679 in
1001 1621 1207 1696 preludicium
1238 1628 1269 1680 et
1292 1623 1465 1698 dampnum

199 1726 384 1785 eorumdem
415 1732 557 1785 actorum
591 1733 622 1785 et
657 1742 713 1801 per
748 1716 937 1800 consequens
971 1727 1045 1787 dicti
1075 1728 1202 1786 claustri
1232 1729 1315 1787 beati
1345 1729 1466 1789 Nicolai

198 1818 340 1907 episcopi
363 1832 457 1890 valde
480 1848 636 1905 magnum.
660 1833 697 1890 Et
721 1834 792 1906 quia
816 1849 854 1892 ex
870 1835 1008 1906 graciosa
1024 1836 1194 1893 annuencia
1218 1843 1248 1893 et
1270 1837 1465 1896 concessione

196 1920 283 2012 regie
316 1940 484 1997 maiestatis
513 1938 657 1997 universe
689 1954 779 1996 cause
814 1941 957 1998 brevium
989 1934 1208 2000 evocacionum
1233 1942 1264 1999 in
1287 1942 1346 1999 hoc
1368 1954 1465 2016 regno

196 2044 383 2117 emergende
406 2061 463 2119 per
484 2060 541 2103 nos
564 2045 682 2119 possint
706 2045 835 2104 iudicari
859 2054 952 2120 atque
983 2049 1150 2119 terminari,
1174 2062 1233 2122 pro
1263 2063 1302 2105 eo
1323 2059 1461 2107 vestram

195 2152 372 2209 amiciciam
395 2152 577 2209 litteratorie
602 2153 793 2225 pecieramus
816 2152 989 2224 diligenter,
1023 2160 1174 2226 quatenus
1196 2162 1337 2213 vestrum
1362 2155 1464 2214 mitte·

194 2259 271 2317 retis
293 2259 452 2316 hominem
475 2271 534 2332 pro
558 2259 731 2316 testimonio
755 2257 955 2333 fidedignum,
980 2275 1042 2333 quo
1067 2267 1207 2333 presente
1230 2261 1326 2319 homo
1348 2268 1470 2334 noster,

194 2365 276 2424 inira
298 2364 512 2435 declarandus;
528 2365 603 2423 scita
625 2366 713 2439 prius
727 2366 951 2439 premissorum
978 2382 1064 2424 mera
1080 2368 1218 2438 veritate,
1234 2373 1379 2425 evocaret
1394 2384 1464 2443 pre·

193 2470 295 2529 fatum
315 2471 488 2554 Johannem
511 2471 662 2528 Horwath
679 2470 718 2528 de
740 2470 849 2544 Okyeh
870 2478 977 2529 contra
999 2481 1160 2530 annotatos
1176 2480 1295 2532 actores
1312 2473 1351 2531 ad
1374 2475 1464 2532 trice·

193 2578 310 2635 simum
333 2576 503 2635 secundum
527 2576 622 2647 diem,
645 2592 663 2635 a
686 2576 736 2635 die
759 2578 939 2637 huiusmodi
962 2588 1063 2637 vestre
1086 2580 1297 2652 inquisicionis
1332 2585 1361 2639 et
1392 2596 1463 2638 evo·

194 2682 329 2741 cacionis
352 2681 532 2740 immediate
554 2682 774 2755 computando,
791 2689 935 2741 nostram·
953 2685 983 2743 in
1008 2686 1198 2758 presenciam
1221 2687 1252 2743 in
1275 2685 1380 2744 sedem
1404 2681 1464 2744 cri-

192 2788 336 2860 siensem,
359 2788 515 2847 racionem
548 2788 587 2845 de
616 2790 777 2862 premissis
800 2790 994 2849 redditurum
1017 2790 1186 2860 efficacem,
1210 2793 1274 2850 litis
1298 2792 1459 2866 pendente,

192 2896 219 2954 si
242 2910 304 2970 qua
327 2894 408 2953 foret
439 2896 520 2953 inter
549 2894 645 2968 ipsos,
678 2911 740 2953 non
774 2897 924 2968 obstante,
956 2897 1140 2955 insinuando
1162 2897 1280 2956 ibidem
1304 2900 1405 2958 eidem
1428 2910 1462 2957 ut

191 3002 260 3061 sive
284 3003 351 3075 ipse
371 3002 403 3060 in
432 3000 516 3059 dicto
539 3001 672 3059 termino
695 3018 801 3060 coram
824 3004 914 3060 nobis
937 3010 1133 3078 compareret
1156 3005 1222 3062 slve
1245 3020 1315 3075 non,
1338 3021 1393 3063 nos
1416 3006 1456 3063 ad

193 3109 296 3183 partis
328 3107 536 3181 comparentis
566 3107 747 3164 instanciam
770 3107 802 3166 id
836 3108 1007 3167 faceremus
1030 3110 1061 3166 in
1094 3111 1261 3184 premissis,
1286 3111 1369 3184 quod
1399 3109 1461 3186 juri

194 3214 355 3272 'rideretur
378 3212 536 3287 expedire,
570 3221 600 3270 et
631 3219 701 3286 post
730 3214 787 3270 hec
818 3214 996 3271 huiusmodi
1028 3216 1246 3288 inquisicionis,
1270 3217 1463 3275 evocacionis

190 3330 220 3378 et
234 3319 452 3378 insinuacionis
476 3320 588 3376 seriem
605 3334 675 3376 cum
693 3321 812 3377 evocati
829 3322 961 3392 nomine,
978 3323 1172 3394 terminoque
1189 3324 1342 3395 assignato
1364 3324 1462 3394 nobis,

190 3442 280 3486 more
305 3426 399 3485 solito
423 3426 640 3484 rescriberetis.
672 3425 737 3481 Vos
760 3426 854 3498 igitur
877 3428 1096 3485 amicabilibus
1120 3429 1324 3500 peticionibus
1348 3429 1461 3487 nostris

188 3539 358 3591 annuentes
381 3547 515 3590 unacum
539 3531 670 3589 Nicolao
691 3531 887 3605 Iwanowych
913 3533 952 3591 de
976 3534 1182 3605 Brezovvycza,
1200 3535 1325 3591 homine
1348 3541 1461 3605 nostro,

191 3647 333 3696 vestrum
370 3637 531 3695 hominem
565 3636 734 3695 discretum
776 3638 921 3700 videlicet
958 3639 1144 3711 Gregorium
1180 3641 1388 3712 presbiterum
1424 3640 1463 3698 de

188 3742 325 3817 Maglalr,
349 3744 437 3802 chori
460 3749 602 3801 annotate
618 3744 746 3801 ecclesie
766 3753 868 3802 vestre
892 3746 1143 3818 prebendarium,
1160 3745 1199 3801 ad
1213 3747 1363 3819 premissa
1387 3746 1462 3804 tide·

190 3851 266 3909 liter
288 3848 466 3924 peragenda
501 3856 606 3907 vestro
639 3866 698 3923 pro
729 3851 906 3910 testimonio
937 3850 999 3908 fide
1023 3851 1151 3922 dignum
1183 3851 1347 3909 duxissetis
1371 3852 1461 3910 desti·

186 3956 339 4015 nandum.
373 3955 435 4029 Qui
468 3955 591 4014 tandem
622 3957 732 4015 exinde
763 3956 801 4015 ad
833 3973 889 4015 nos
912 3959 1028 4015 reversi
1052 3959 1141 4015 nobis
1164 3959 1358 4015 concorditer
1381 3970 1462 4015 retu-

187 4062 308 4134 lissent,
332 4078 368 4121 eo
400 4062 505 4133 modo,
540 4063 698 4135 quomodo
729 4065 790 4136 ipsi
822 4063 899 4121 feria
930 4076 1040 4136 quarta
1072 4065 1216 4137 proxima
1248 4073 1317 4136 post
1348 4063 1462 4121 festum

185 4168 273 4227 beati
298 4169 394 4227 Marci
416 4170 624 4242 ewangeliste,
648 4175 719 4227 tunc
751 4172 894 4244 proxime
918 4171 1100 4244 preteritum
1126 4171 1241 4244 pariter
1266 4171 1462 4243 procedendo

185 4276 227 4333 ab
251 4258 397 4333 omnibus
420 4280 450 4334 et
465 4276 604 4349 singulis,
630 4276 742 4349 quibus
759 4277 909 4334 decuisset
934 4282 963 4333 et
976 4277 1111 4334 licuisset
1128 4278 1233 4349 palam
1250 4286 1279 4334 et
1288 4278 1408 4334 occulte
1423 4277 1461 4335 de

187 4379 351 4456 premissis
366 4381 531 4455 diligenter
548 4383 731 4455 inquirendo
748 4383 851 4439 omnia
869 4384 1019 4456 premissa
1036 4388 1065 4439 et
1082 4383 1190 4454 quevis
1215 4384 1462 4456 prescriptorum

184 4486 311 4560 singula
340 4487 385 4546 sic
417 4495 447 4546 et
479 4488 588 4547 eodem
618 4489 712 4547 modo
748 4488 827 4546 facta
864 4489 929 4546 lore
960 4496 988 4545 et
1013 4495 1189 4561 perpetrata
1221 4488 1313 4546 luisse
1345 4496 1375 4546 et
1397 4505 1463 4548 esse

183 4593 388 4666 rescivissent,
413 4602 504 4669 prout
526 4596 617 4653 nobis
640 4596 721 4652 dicta
748 4604 778 4652 et
794 4597 934 4667 exposita
950 4596 1119 4652 extitissent
1139 4602 1169 4651 et
1194 4594 1463 4667 quemadmodum

183 4707 273 4759 tenor
288 4700 461 4759 litterarum
474 4706 649 4759 nostrarum
659 4717 714 4774 per
726 4701 829 4758 omnia
843 4702 1010 4758 contineret
1025 4699 1242 4772 predictarum.
1254 4701 1344 4757 Facta
1357 4701 1463 4773 itaque

183 4806 365 4867 huiusmodi
381 4807 583 4881 inquisicione
597 4806 680 4864 idem
696 4808 791 4864 bomo
807 4812 911 4864 noster
925 4807 994 4880 ipso
1011 4814 1114 4863 vestro
1131 4807 1307 4864 testimonio
1323 4814 1464 4879 presente

182 4910 297 4973 eodem
327 4913 377 4973 die
406 4914 617 4988 inquisicionis
640 4914 1033 4997 memoratumJohannem
1058 4912 1207 4971 llorwatb
1223 4912 1262 4971 de
1275 4911 1383 4985 Okych
1406 4928 1464 4987 per
