3278 5348
189 432 251 490 214
612 408 834 486 Doc.156.—
860 413 916 468 An.
941 423 1031 487 1450.

187 630 363 701 Hennyngh
393 636 423 686 et
457 634 582 685 cunctos
616 628 797 686 tributarios
828 643 864 685 ac
887 627 1028 685 homines
1049 632 1080 685 et
1102 625 1254 685 officiales
1277 626 1447 685 eiusdema

187 736 348 810 peticione,
372 736 535 793 exaccione
558 741 588 792 et
610 735 790 810 recepcione
814 734 924 792 tributi
946 749 964 791 a
988 732 1117 806 prefatis
1139 731 1243 809 judice
1275 739 1305 791 et
1336 733 1448 792 civibus

186 858 222 900 ac
246 843 398 900 universis
422 842 532 899 incolis
554 849 584 898 et
606 842 867 900 inhabitatoribus
890 839 1010 914 prefate
1039 840 1181 911 civitatis,
1212 855 1333 898 necnon
1362 841 1448 898 rebus

187 954 217 1006 et
240 949 330 1005 bonis
353 947 535 1005 eorumdem
559 947 686 1018 tamdiu,
710 962 873 1020 quousque
894 944 1016 1019 prelata
1040 946 1078 1003 lis
1095 953 1124 1003 et
1140 946 1311 1019 questionis
1327 946 1448 1004 materia

187 1054 267 1111 inter
289 1053 434 1111 iamfatos
450 1053 625 1125 Hennyngh
649 1057 679 1110 et
703 1053 786 1126 ipsos
810 1058 1014 1126 protestantes
1030 1051 1091 1108 fine
1108 1051 1213 1109 debito
1229 1053 1448 1122 terminabitur,

187 1160 315 1232 publice
339 1164 368 1217 et
392 1158 554 1216 manifeste
577 1159 739 1231 prohibuit
762 1157 1001 1216 contradicendo
1024 1166 1053 1214 et
1077 1157 1265 1216 contradixit
1289 1157 1447 1217 inhibendo

188 1281 292 1324 coram
316 1267 415 1337 nobis,
432 1266 608 1323 testimonio
632 1266 825 1339 presencium
850 1263 1012 1321 mediante.
1036 1264 1151 1321 Datum
1174 1263 1252 1322 feria
1275 1269 1362 1321 sexta
1383 1277 1448 1338 pro

188 1374 274 1430 xima
296 1378 366 1430 ante
390 1373 503 1430 festum
528 1372 668 1429 omniurn
691 1376 875 1428 sanctorum.
908 1371 998 1427 Anno
1029 1369 1148 1427 domini
1178 1369 1351 1427 millesimo
1382 1383 1447 1442 qua·

188 1480 430 1552 dringentesimo
455 1478 721 1551 quinquagesimo.

293 1615 425 1679 Originale
444 1616 471 1664 in
490 1615 585 1665 charta.
606 1616 632 1663 A
653 1621 725 1677 tergo
744 1614 881 1676 vestigium
900 1613 1018 1677 impressi
1038 1611 1126 1676 sigilli.
1152 1614 1185 1660 In
1210 1611 1307 1661 archiv.
1338 1611 1382 1662 lib.
1400 1626 1445 1673 reg.

191 1706 238 1755 civ.
259 1705 358 1769 zagrab.

780 1897 861 1962 156.

293 2059 373 2107 Anno
396 2070 470 2123 1450,
491 2070 532 2117 29.
548 2057 702 2107 novembris.
722 2057 871 2120 Zagrabiae.

193 2183 358 2258 Cirpilulum
389 2185 506 2258 zagrab.
536 2185 706 2261 chingum
736 2183 770 2240 de
803 2182 898 2241 Suserl
926 2184 957 2239 in
991 2183 1064 2242 bani
1075 2183 1221 2259 judicium
1245 2190 1375 2242 vocatum
1397 2200 1446 2240 csse

623 2290 774 2349 Ft‘riletico
796 2291 870 2347 barro
893 2290 1016 2347 nuntiat.

295 2436 413 2493 illustri
436 2435 570 2508 principi
594 2433 720 2492 domino
743 2434 901 2492 Friderico
922 2434 972 2492 dei
995 2434 1099 2506 gracia
1123 2433 1212 2505 Cilie,
1235 2434 1447 2508 Ortemburge,

186 2543 376 2615 Zagorieque
400 2547 454 2598 etc.
479 2541 592 2610 comiti,
616 2555 735 2598 necnon
750 2541 838 2613 regni
853 2539 1017 2598 Sclauonie
1034 2541 1123 2611 bano,
1150 2539 1279 2599 domino
1301 2545 1332 2598 et
1354 2542 1448 2598 amico

187 2651 329 2722 ipsorum
346 2646 535 2717 honorando,
549 2646 721 2720 capitulum
739 2646 867 2704 ecclesie
883 2647 1101 2718 zagrabiensis,
1118 2647 1295 2705 amiciciam
1310 2654 1448 2722 paratam

188 2770 259 2811 curn
283 2756 410 2812 honore.
435 2754 545 2810 Vestra
567 2753 688 2810 noverit
712 2753 883 2824 iliustritas‚
900 2768 955 2810 nos
972 2753 1092 2810 litteras
1117 2758 1237 2811 vestras
1260 2757 1448 2814 evocatorias

188 2861 279 2916 nobis
302 2861 509 2918 amicabiliter
532 2860 672 2931 directas,
697 2861 813 2917 honore
842 2874 904 2932 quo
931 2860 1032 2917 decuit
1048 2860 1200 2934 recepisse
1216 2861 1248 2918 in
1272 2861 1329 2919 hec
1343 2864 1448 2920 verba:

189 2959 272 3039 (vide
295 2966 372 3024 Doc.
401 2981 469 3038 ¹53·
501 2966 538 3023 de
574 2980 654 3023 anno
690 2980 780 3040 ¹450·
818 2981 865 3040 ³4·
901 2958 1058 3042 octobris).
1089 2965 1179 3026 Unde
1213 2981 1270 3025 nos
1304 2969 1449 3027 amicabi-

187 3071 270 3127 libus
306 3073 511 3144 peticionibus
546 3078 647 3129 vestre
681 3073 812 3130 illustris
847 3071 1070 3130 dominacionis
1104 3079 1281 3145 annuentes,
1315 3090 1448 3133 unacum

188 3175 309 3247 prelato
333 3178 477 3234 Ladislao
502 3180 638 3236 litterato
671 3178 708 3235 de
733 3179 895 3250 Drenowa,
931 3180 1056 3237 bomine
1080 3185 1194 3251 vestro,
1229 3186 1370 3243 nostrum
1398 3183 1449 3240 ho·

186 3281 302 3337 minem
319 3283 462 3341 videlicet
480 3285 646 3342 discretum
669 3286 772 3342 sirum
794 3285 906 3357 Elyam
929 3284 968 3343 de
991 3285 1100 3357 Crisio,
1124 3287 1337 3359 presbiterum
1360 3288 1446 3346 chori

188 3387 315 3444 ecclesie
338 3396 442 3447 nostre
466 3391 603 3463 predicte
627 3391 878 3464 prebendarium,
896 3391 935 3448 ad
952 3393 1104 3466 premissa
1119 3392 1256 3453 fideliter
1270 3394 1448 3469 peragenda

186 3500 293 3551 nostro
317 3510 374 3567 pro
399 3498 574 3555 testimonio
606 3499 833 3555 transmisimus
857 3497 1059 3571 fidedignum.
1084 3498 1146 3572 Qui
1180 3500 1308 3559 tandem
1342 3501 1450 3560 exinde

188 3598 226 3656 ad
250 3615 306 3657 nos
338 3603 462 3673 reversi,
487 3604 576 3660 nobis
611 3603 806 3661 uniformiter
840 3605 1028 3663 retulerunt:
1064 3604 1148 3677 quod
1182 3606 1321 3679 prefatus
1358 3609 1450 3667 homo

186 3711 295 3778 vester,
321 3716 461 3780 presente
485 3709 567 3767 dicto
589 3717 694 3767 nostro
718 3711 902 3782 testimonio,
918 3712 1050 3769 sabbato
1075 3713 1220 3787 proximo
1243 3720 1313 3772 ante
1338 3715 1450 3773 festum

186 3813 270 3870 beati
294 3815 416 3872 Andrce
439 3817 582 3889 apostoli,
606 3818 750 3891 proxime
785 3819 976 3891 preteritum,
1011 3818 1169 3893 prefatum
1203 3821 1380 3894 Hennyngh
1413 3822 1450 3879 de

186 3920 266 3978 dicta
290 3920 489 3980 Zomzedwar
513 3925 542 3980 in
567 3925 712 3996 porcione
737 3940 791 3981 sua
816 3926 1056 3998 possessionaria
1080 3927 1112 3984 in
1139 3928 1335 4001 possessione
1363 3928 1448 3986 Zthe·

184 4044 288 4085 neu’cz
312 4034 431 4099 vocata,
457 4046 512 4102 per
536 4029 702 4087 discretum
729 4032 832 4088 virum
867 4031 1029 4089 dominum
1063 4030 1194 4090 Gallum
1228 4034 1401 4107 plebanum
1420 4042 1449 4091 et

186 4135 350 4193 Martinecz
372 4132 580 4209 jobagionem
612 4151 693 4207 suos,
725 4136 867 4194 dedicta
897 4137 1085 4210 Zthenewcz,
1121 4145 1227 4196 contra
1260 4147 1449 4199 memoratos

184 4239 330 4317 judicem,
359 4239 478 4317 juratos
502 4248 531 4298 et
554 4243 715 4300 universos
738 4244 820 4301 cives
843 4244 977 4301 civitatis
1000 4245 1115 4302 montis
1130 4243 1294 4305 Grecensis
1310 4247 1448 4320 predicte

184 4347 223 4405 ad
247 4352 373 4406 octavas
397 4347 466 4405 festi
489 4348 734 4421 Epiphaniarum
759 4349 886 4421 domini,
909 4367 990 4407 nunc
1013 4355 1168 4421 venturas,
1192 4358 1296 4410 vestre
1319 4354 1448 4411 illustris

183 4454 406 4512 dominacionis
429 4464 586 4512 evocasset
609 4455 640 4511 in
664 4457 855 4529 presenciam
879 4459 910 4514 in
937 4456 1044 4514 sedem
1067 4458 1309 4531 zagrabiensem,
1334 4459 1445 4519 dictam

183 4561 341 4619 accionem
365 4577 454 4619 suam
478 4567 679 4619 executurum
703 4579 737 4620 ac
754 4563 791 4620 de
804 4561 927 4638 judiciis
944 4565 1033 4621 vobis
1050 4571 1079 4622 et
1103 4566 1186 4638 parti
1208 4565 1340 4625 adverse
1363 4567 1446 4625 satis·

185 4667 350 4740 iacturum,
371 4685 407 4727 ae
430 4669 469 4727 ad
494 4675 635 4728 contenta
659 4669 811 4728 dictarum
840 4671 1014 4729 litterarum
1030 4677 1206 4731 vestrarum
1218 4687 1445 4749 responsurum.

182 4775 299 4834 Datum
321 4777 456 4836 secundo
480 4779 529 4837 die
554 4778 613 4836 diei
638 4779 829 4836 erocacionis
851 4779 1011 4836 antedicte.
1029 4780 1119 4837 Anno
1139 4780 1260 4840 domini
1276 4781 1445 4839 millesimo

183 4883 488 4957 quadringentesimo
512 4887 769 4960 quinquagesimo
793 4886 983 4959 supradicto,
