3278 5348
189 402 246 459 192
599 383 672 440 Doc.
696 378 765 459 136.
790 415 830 425 -
854 382 912 441 An.
937 395 1028 458 1443.

184 597 376 656 duodecimo.
399 598 596 657 Presentibus
619 597 736 656 ibidem
759 595 937 655 honorabili
966 601 996 654 et
1027 594 1168 653 discretis
1190 596 1276 665 viris,
1308 596 1445 669 dominis,

185 704 335 762 Michaele
357 703 395 761 de
419 704 591 777 Thasaych‚
614 703 780 772 canonico;
804 717 839 761 ac
862 703 978 761 Mathia
1002 702 1041 762 de
1064 702 1216 774 macellis,
1249 703 1381 761 Nicolao
1413 702 1446 759 de

183 809 265 879 Bela,
290 811 388 881 Petro,
413 802 580 869 Valentino
604 810 642 867 de
665 808 887 867 Cherzthwech
911 816 941 867 et
975 809 1075 867 altero
1109 808 1277 866 Valentino
1310 812 1351 867 de
1383 808 1448 866 Res

184 932 294 986 senew,
319 916 405 974 chori
428 917 557 974 ecclesie
571 916 787 988 aagrabiensis
810 914 948 989 predicte
970 913 1194 989 prebendariis,
1226 915 1358 973 testibus
1378 913 1449 971 fide

184 1020 293 1094 dignis,
317 1021 356 1079 ad
379 1023 530 1096 premissa
552 1022 728 1096 specialiter
752 1022 877 1091 vocatis,
900 1021 1055 1094 requisitis
1078 1027 1108 1078 et
1131 1021 1255 1094 rogatis.

185 1211 319 1290 ‚Sese

212 1301 314 1351 notarii.

291 1428 327 1485 Et
349 1442 406 1500 ego
430 1428 539 1485 Petrus
563 1428 681 1486 Thorne
706 1429 744 1487 de
767 1430 892 1499 Ratcha,
925 1430 1055 1488 clericus
1076 1427 1214 1486 eiusdem
1245 1428 1453 1501 zagrabiensis

184 1533 332 1606 dyocesis,
356 1534 502 1606 publicus
526 1549 613 1591 sacra
634 1536 791 1609 imperiali
814 1537 995 1593 auctoritate
1018 1535 1164 1605 notarius,
1188 1535 1261 1607 quia
1293 1535 1452 1608 premissis

185 1640 283 1710 dictis,
306 1640 438 1697 accionis
460 1656 514 1697 seu
538 1641 764 1715 proposicionis
787 1648 816 1700 et
840 1641 1063 1700 declaracionis
1086 1640 1161 1698 dicti
1184 1640 1304 1698 domini
1326 1640 1453 1714 Georgii

185 1746 387 1820 predicatoris
411 1748 564 1819 premisso
588 1747 682 1805 modo
706 1748 794 1807 factis
817 1763 955 1806 necnon
990 1749 1115 1806 testium
1147 1745 1451 1821 predictorum...

185 1896 408 1922 ........
432 1854 640 1925 acceptacioni
662 1897 667 1909 .
691 1900 697 1912 .
723 1900 729 1912 .
752 1856 894 1928 ipsorum
917 1853 1126 1912 enunciacioni
1142 1859 1235 1926 atque
1251 1854 1451 1921 attestacioni,

184 1958 316 2030 aliisque
339 1965 369 2015 et
390 1960 520 2030 singulis
543 1961 686 2033 superius
709 1962 740 2019 in
763 1962 875 2020 litteris
904 1960 979 2018 dicti
1008 1959 1126 2017 domini
1156 1958 1306 2041 Johannis
1339 1958 1447 2016 vicarii

184 2065 338 2137 expressis
371 2072 400 2121 et
435 2065 628 2138 specificatis,
662 2081 817 2124 unacum
840 2067 962 2125 notario
985 2066 1129 2124 similiter
1151 2065 1282 2139 publico
1306 2065 1452 2138 proximo

185 2169 389 2244 infrascripto,
414 2170 558 2229 videlicet
582 2172 751 2245 Clemente,
774 2173 841 2230 filio
878 2173 971 2230 Blasii
994 2172 1145 2244 Zolarych
1181 2170 1220 2229 de
1256 2171 1451 2244 Kapruncza,

184 2276 279 2334 modo
302 2277 397 2334 simili
421 2278 534 2335 clerico
558 2279 698 2351 dyocesis
718 2280 925 2351 zagrabiensis
941 2294 1067 2352 presens
1083 2278 1216 2348 interlui,
1233 2292 1331 2350 eaque
1347 2279 1451 2336 omnia

184 2388 214 2439 et
238 2383 360 2455 singula
383 2385 427 2441 sic
450 2384 517 2441 fieri
540 2386 605 2443 vidi
629 2391 659 2443 et
683 2384 797 2453 audivi,
821 2385 890 2443 ideo
908 2392 1064 2458 presentes
1081 2384 1199 2442 litteras
1215 2399 1269 2441 seu
1286 2385 1450 2457 publicum

184 2487 432 2559 instrumentum,
456 2506 506 2547 me
527 2491 597 2547 aliis
622 2492 758 2563 negociis
782 2499 940 2564 occupato,
955 2506 1011 2564 per
1034 2491 1132 2547 aliurn
1155 2489 1292 2547 fideliter
1315 2491 1447 2564 scriptas

183 2608 236 2650 seu
260 2594 411 2666 scriptum
443 2596 602 2668 publicavi
632 2605 662 2654 et
696 2598 728 2654 in
759 2598 837 2654 hanc
870 2597 1030 2670 publicam
1055 2595 1190 2653 sormam
1215 2594 1322 2668 redegi
1344 2602 1375 2654 et
1399 2596 1448 2654 hic

184 2715 234 2756 me
257 2715 350 2756 manu
374 2702 503 2775 propria
527 2704 704 2777 subscripsi,
728 2705 878 2776 signoque
901 2709 931 2760 et
953 2704 1077 2760 nomine
1102 2703 1179 2760 meis
1202 2703 1303 2760 solitis
1326 2707 1357 2760 et
1380 2717 1450 2760 con·

183 2807 277 2862 svetis
301 2808 488 2878 consignavi,
513 2816 639 2880 rogatus
662 2816 692 2866 et
715 2810 881 2883 requisitus
904 2810 935 2866 in
958 2808 1053 2865 fidem
1078 2817 1107 2865 et
1139 2808 1352 2865 testimonium
1386 2823 1450 2865 om-

183 2912 268 2968 nium
293 2918 322 2969 et
346 2914 540 2985 singulorum
565 2916 798 2987 premissorum.
1391 2892 1394 2897 Δ

290 3101 423 3162 (triginale
436 3103 462 3150 in
476 3103 630 3159 membrana,
642 3110 680 3151 sat
693 3103 811 3154 lacerum,
834 3104 859 3151 A
879 3120 943 3151 zona
963 3104 1059 3152 sericea
1077 3103 1185 3152 violacei
1205 3109 1231 3150 et
1244 3102 1336 3151 viridis
1349 3102 1449 3159 coloris,

184 3191 312 3253 appendat
333 3190 454 3250 ¹sigillum.
474 3194 504 3238 In
524 3193 592 3242 arch.
613 3209 668 3242 ven.
689 3194 765 3256 capit.
785 3193 884 3255 zagrab.
906 3193 960 3243 Act.
981 3194 1043 3257 Cap.
1064 3200 1115 3243 ant.
1135 3194 1197 3243 fasc.
1220 3204 1260 3243 10.
1279 3208 1317 3242 nr.
1341 3204 1381 3254 13.
1452 3209 1455 3214 ’

776 3471 854 3540 136.

289 3631 370 3679 Anno
392 3643 466 3694 1443,
486 3646 510 3694 4.
531 3632 628 3696 aprilis,
648 3635 794 3697 Zagrabiae.

189 3742 292 3798 Coram
327 3741 524 3798 connnum'tate
558 3742 682 3799 civitatis
715 3745 817 3801 orontis
858 3742 1017 3812 Greccnsir,
1048 3742 1172 3812 Helena,
1195 3741 1352 3819 Johannis
1381 3743 1451 3800 civis

296 3847 435 3903 institoris
458 3855 546 3903 steorte
569 3848 699 3925 viduatu,
724 3868 815 3927 agros
834 3868 900 3906 suos
929 3849 1065 3906 Clementi
1085 3849 1219 3922 carnifici
1238 3848 1343 3911 venit.

289 3992 352 4048 Nos
369 3991 559 4053 Benedictus,
574 3991 657 4048 filius
674 3993 842 4062 Michaelis,
854 3991 957 4068 judex,
971 3994 1125 4065 Vrbanus,
1141 3992 1310 4065 Emericus,
1325 3994 1451 4068 Paulus,

182 4097 389 4169 Sebastianus,
413 4098 530 4167 Petrus,
556 4099 740 4171 Demetrius,
766 4100 898 4157 Micbael
922 4109 951 4157 et
974 4099 1126 4172 Georgius
1146 4097 1248 4174 jurati,
1280 4100 1450 4159 consiliarii

182 4212 212 4264 et
235 4205 372 4263 universi
396 4206 477 4262 cives
502 4206 636 4263 civitatis
660 4206 774 4263 montis
809 4206 979 4264 Grecensis.
1015 4206 1165 4264 Memorie
1188 4205 1446 4264 commendamus

183 4328 239 4386 per
262 4317 427 4384 presentes,
452 4311 536 4384 quod
572 4311 704 4384 provida
727 4317 756 4368 et
791 4313 919 4369 honesta
955 4311 1068 4370 mulier
1091 4312 1186 4369 Elena
1221 4316 1343 4385 vocata,
1366 4311 1448 4369 Rosa

182 4417 405 4489 cognominata,
429 4415 495 4473 filia
518 4416 649 4473 condam
673 4417 830 4476 Valentini
853 4416 954 4492 jurati,
979 4418 1086 4489 relicta
1100 4432 1177 4484 vero
1200 4417 1261 4476 viri
1285 4417 1444 4493 quondam

181 4644 256 4686 vero
280 4643 406 4686 consors
426 4628 579 4699 legittima
600 4629 660 4686 viri
683 4629 827 4688 similiter
843 4629 968 4704 providi
992 4637 1022 4687 et
1038 4631 1159 4688 honesti
1174 4629 1303 4703 Georgii
1318 4629 1446 4699 clientis,

182 4735 317 4793 concivis
352 4735 497 4792 similiter
529 4735 636 4805 nostri,
670 4736 729 4793 filii
764 4736 897 4806 Andree,
930 4742 1035 4793 nostra
1058 4736 1203 4795 similiter
1231 4736 1382 4807 concivis,
1405 4732 1445 4792 ad

181 4849 320 4901 nostram
336 4841 542 4917 personaliter
559 4842 709 4900 veniendo
722 4843 914 4917 presenciam
930 4842 1070 4900 confessa
1092 4847 1140 4900 est
1155 4843 1187 4900 in
1201 4841 1289 4915 bunc·
1300 4840 1448 4917 modum:
