3278 5348
192 443 253 514 276
597 442 670 500 Doc.
694 440 765 504 216.
792 477 828 486 -
855 444 911 501 An.
935 439 1027 522 1460.

190 658 284 716 turris
314 658 455 731 ipsomm
479 658 510 715 in
541 657 623 716 dicta
646 659 770 716 civitate
794 660 907 717 montis
931 658 1094 718 Grecensis
1117 661 1231 733 habite,
1255 662 1344 736 ipsos
1367 677 1450 720 cano·

189 765 274 822 nicos
304 764 345 821 ab
376 758 516 840 (antiquo
546 758 768 841 concelmentis
800 775 828 823 et
863 772 1018 824 metarum
1042 767 1179 824 eiusdem
1204 784 1276 826 cum
1300 771 1449 827 mensuris

190 870 349 943 regalibus
364 871 440 929 olim
458 879 717 943 memoratarum,
732 873 906 946 plurimum
922 873 1116 947 impediretis
1133 880 1162 931 et
1178 890 1233 932 nec
1258 876 1343 948 ipsas
1360 881 1453 933 metas

190 976 270 1035 dicte
302 978 395 1035 turris
426 992 485 1051 pro
517 979 644 1036 tucioris
674 979 772 1052 ipsius
796 981 925 1053 capituli
948 977 1025 1054 juris
1049 981 1177 1051 cautela,
1202 996 1275 1039 cum
1300 982 1450 1039 mensuris

189 1084 348 1156 regalibus
379 1100 558 1142 mensurare
581 1091 612 1143 et
634 1092 788 1143 metarum
813 1086 923 1143 exinde
947 1087 1173 1158 assignaciones
1197 1085 1301 1145 facere
1326 1088 1450 1161 permit·

190 1191 294 1248 teretis
315 1192 346 1249 in
370 1192 466 1265 ipsius
489 1192 618 1266 capituli
634 1191 711 1268 juris
728 1193 935 1266 preiudicium
958 1200 988 1250 et
1012 1193 1184 1266 dampnum
1200 1208 1264 1261 non
1288 1192 1452 1252 modicum.

189 1297 252 1355 Nos
274 1305 376 1356 autem
402 1300 503 1372 ipsam
527 1299 688 1357 ecclesiam
712 1300 943 1373 zagrabiensem
968 1301 999 1357 in
1021 1301 1146 1358 nomine
1170 1301 1360 1358 sanctissimi
1376 1300 1452 1372 regis

188 1401 335 1478 Stephani
358 1404 528 1476 fundatam,
562 1407 593 1463 in
617 1421 679 1479 quo
703 1422 791 1479 spem
815 1412 951 1464 nostram
975 1407 1112 1482 gerimus
1136 1406 1316 1481 specialem,
1340 1407 1372 1464 in
1394 1406 1454 1482 suis

187 1508 275 1583 justis
298 1511 420 1587 juribus
443 1513 582 1587 opprimi
605 1519 635 1570 et
658 1512 783 1571 destitui
807 1516 953 1570 nolumus
977 1514 1088 1586 quovis
1113 1512 1214 1583 mod0‚
1240 1527 1339 1585 quare
1355 1512 1452 1569 fideli·

187 1619 243 1675 tati
272 1625 374 1676 vestre
405 1619 602 1691 presentibus
625 1619 851 1677 districtissime
875 1619 1079 1692 precipientes
1103 1618 1298 1689 mandamus,
1320 1619 1365 1676 sic
1388 1633 1452 1675 om·

186 1726 259 1782 nino
283 1725 399 1782 habere
420 1727 568 1796 volentes,
594 1734 744 1798 quatenus
768 1727 902 1799 acceptis
926 1725 1129 1799 presentibus,
1153 1726 1238 1799 ipsos
1263 1723 1408 1782 dominos
1422 1725 1451 1781 in

187 1830 326 1889 dominio
349 1831 429 1889 dicte
450 1833 543 1890 turris
568 1847 677 1890 eorum
700 1838 729 1889 et
746 1837 900 1890 metarum
917 1831 1055 1889 eiusdem
1071 1831 1158 1888 nullo
1183 1830 1277 1889 modo
1301 1830 1452 1904 impedire

187 1943 216 1994 et
248 1946 346 1995 metas
378 1939 408 1995 in
440 1943 504 1995 toto
538 1938 588 1995 vel
623 1945 711 2012 parte
735 1953 886 2011 usurpare
910 1938 1162 2011 presumpmatis,
1186 1936 1240 1994 sed
1266 1935 1384 1994 eisdem
1400 1935 1452 1993 do·

186 2044 278 2101 minis
302 2045 404 2118 ipsam
422 2045 533 2102 turrim
556 2054 585 2101 et
608 2052 706 2102 metas
730 2045 868 2103 eiusdem
892 2045 1020 2116 pacifice
1043 2051 1155 2114 tenere,
1179 2049 1210 2101 et
1232 2040 1451 2122 nichilominus

189 2156 287 2207 metas
319 2151 496 2208 huiusmodi
531 2151 569 2208 ad
602 2151 717 2209 dictam
749 2153 859 2209 turrim
893 2152 1079 2224 pertinentes
1111 2150 1263 2208 mensuris
1293 2148 1451 2222 regalibus

187 2271 380 2327 mensurare,
412 2256 554 2330 factaque
585 2258 833 2329 mensuracione,
865 2256 975 2314 exinde
1005 2264 1103 2313 metas
1141 2270 1238 2313 novas
1270 2255 1349 2328 erigi
1384 2270 1449 2328 per·

186 2363 317 2433 mittere,
350 2362 537 2435 tandemque
568 2365 671 2437 ipsum
704 2364 878 2437 capitulum
909 2370 939 2419 et
962 2359 1105 2419 dominos
1136 2361 1174 2418 de
1197 2361 1310 2419 eodem
1334 2363 1366 2419 in
1388 2367 1448 2418 tam

186 2468 317 2541 pacifico
341 2469 478 2526 dominio
504 2471 582 2527 tueri
607 2477 636 2526 et
660 2485 843 2527 conservare
860 2469 1006 2539 debeatis,
1022 2474 1057 2525 ut
1080 2468 1156 2542 ipsis
1168 2467 1207 2524 de
1230 2473 1334 2525 cetero
1351 2473 1449 2524 nostre

186 2576 217 2632 in
233 2576 290 2632 hac
306 2584 394 2649 parte
410 2591 471 2633 non
487 2577 527 2632 sit
549 2591 629 2648 opus
653 2577 812 2649 querulari
836 2576 999 2634 maiestati.
1023 2574 1117 2632 Secus
1140 2576 1244 2646 gracie
1266 2581 1375 2632 nostre
1392 2572 1449 2630 sub

186 2682 313 2738 obtentu
337 2697 398 2738 non
422 2681 542 2739 facturi.
567 2682 763 2739 Presentibus
788 2681 941 2754 perlectis,
967 2681 1125 2738 exhibenti
1149 2681 1307 2738 restitutis.
1332 2679 1446 2736 Datum

185 2786 270 2845 Bude
293 2787 370 2845 feria
396 2796 505 2860 quarta
529 2790 673 2862 proxima
690 2796 759 2845 ante
783 2787 896 2844 festum
912 2789 995 2844 beati
1018 2787 1167 2870 Johannis
1192 2786 1336 2859 baptiste.
1363 2788 1448 2843 Anno

186 2893 304 2952 domini
328 2896 497 2952 millesimo
521 2895 825 2967 quadringentesimo
849 2894 1106 2966 quinquagesimo
1129 2907 1218 2951 nono.

291 3047 425 3111 Originale
444 3049 470 3096 in
489 3048 584 3099 charta.
623 3050 655 3096 In
674 3048 788 3111 margine
807 3047 924 3096 inferiori
942 3047 1094 3111 impressum
1113 3052 1151 3094 est
1170 3042 1294 3109 sigillum.
1331 3046 1365 3095 In
1382 3043 1447 3094 arch.

184 3153 241 3190 ven.
262 3137 325 3203 Cap.
346 3138 446 3201 zagrab.
467 3139 529 3189 Act.
548 3153 603 3202 cap.
623 3144 675 3187 ani.
694 3137 756 3188 fasc.
778 3149 817 3188 10.
837 3152 874 3187 nr.
895 3148 919 3199 7.

779 3406 860 3471 216.

292 3533 366 3582 Circa
386 3549 426 3584 an.
450 3531 524 3594 1460.
545 3532 691 3595 Zagrabiae.

249 3660 365 3720 Foedus
387 3662 591 3733 copimlurium
614 3667 713 3716 contra
736 3660 884 3715 tiroasores
898 3659 1015 3732 jurium
1038 3657 1247 3715 cunoni'calium
1271 3660 1384 3718 initum-

288 3806 351 3862 Nos
367 3806 539 3878 capitulum
565 3804 692 3862 ecclesie
708 3803 914 3874 zagrabiensis
938 3818 994 3874 per
1009 3801 1276 3873 subscripcionem
1299 3816 1445 3859 manuum

182 3919 359 3970 nostrarum
383 3914 432 3969 hic
457 3912 583 3969 inferius
601 3911 820 3984 promittimus,
839 3908 921 3981 quod
946 3908 1036 3965 firme
1060 3913 1090 3964 et
1105 3913 1281 3965 constanter
1296 3909 1445 3967 stabimus

183 4025 213 4075 et
235 4019 436 4092 persistemus
460 4019 489 4075 in
514 4017 603 4075 factis
628 4025 656 4074 et
672 4017 807 4088 negociis
823 4016 944 4084 nostris,
967 4030 1027 4087 que
1048 4029 1131 4070 nunc
1154 4015 1337 4086 procuravit
1360 4013 1445 4072 nobis

182 4123 305 4194 Paulus,
329 4124 560 4180 archidiaconus
585 4124 800 4191 kamarcensis,
825 4121 965 4178 ducendo
990 4126 1099 4177 contra
1121 4133 1177 4176 nos
1200 4119 1372 4191 quemdam
1388 4120 1444 4177 Ro·

182 4231 308 4288 bertum
324 4229 483 4287 doctorem
500 4232 540 4286 ab
557 4231 791 4302 archiepiscopo
811 4234 844 4284 ut
861 4234 1025 4300 usurparet
1041 4224 1291 4284 iurisdiccionem
1307 4233 1443 4285 nostram

182 4343 211 4393 et
235 4342 419 4409 potestatem
443 4337 647 4394 constituendi
672 4336 821 4392 vicarium
847 4336 955 4391 afferet
979 4349 996 4390 a
1021 4333 1118 4389 nobis.
1140 4332 1179 4389 Et
1200 4332 1356 4390 stabimus
1369 4347 1442 4389 unus

182 4457 239 4516 pro
263 4443 407 4499 omnibus
431 4449 460 4498 et
483 4458 590 4498 omnes
614 4457 671 4515 pro
695 4457 764 4498 uno.
789 4441 825 4497 Et
849 4440 887 4496 ad
912 4441 970 4496 hoc
993 4456 1024 4496 se
1048 4438 1262 4520 obligavimus
1278 4444 1308 4496 et
1334 4439 1440 4497 astrin-

180 4549 283 4619 gimus
308 4549 442 4622 propriis
465 4546 647 4622 juramentis
669 4556 697 4604 et
721 4547 900 4623 juvabimus
924 4546 1067 4619 expensis
1090 4551 1120 4602 et
1144 4543 1269 4617 fatigiis,

284 4667 418 4730 Johannes
444 4667 476 4714 de
496 4666 583 4730 Stayn,
604 4667 684 4715 lector
703 4675 727 4714 et
747 4667 884 4715 canonicus
905 4666 973 4714 dicte
992 4663 1100 4713 ecclesie
1119 4662 1302 4727 zagrabiensis.
1322 4661 1437 4713 Bartolo·

181 4771 252 4804 meus
271 4765 359 4805 cantm
377 4763 402 4804 et
423 4771 475 4804 can.
491 4770 558 4817 zagr.
578 4754 698 4819 Mathyas
712 4755 857 4819 prepositus
877 4754 1042 4810 chasmensiS,
1061 4768 1115 4804 can.
1135 4767 1203 4815 sagr.
1217 4752 1348 4802 Martinus
1360 4750 1440 4801 archi·

181 4844 304 4894 diaconus
323 4845 355 4893 de
374 4844 483 4899 lVaslra,
504 4860 558 4893 can.
578 4845 679 4907 zagrab.
699 4844 879 4906 Sigismundus
893 4843 1088 4891 archidiaconus
1107 4842 1135 4890 in
1155 4840 1279 4899 Worosd,
1298 4857 1356 4891 can.
1374 4855 1439 4905 ngr,

180 4934 317 4985 Ladislaus
336 4941 422 4983 eustos
447 4941 472 4983 et
499 4949 553 4984 can.
574 4950 641 4998 zagr.
661 4934 783 4982 Mattheus
804 4933 943 4982 Kewllrtvs
962 4948 1017 4980 ean.
1037 4930 1169 4980 Fabianus
1187 4930 1220 4979 de
1238 4928 1354 4995 Roycha
1370 4943 1446 4981 manu
