<?xml version="1.0" encoding="UTF-8"?>
<!DOCTYPE html PUBLIC "-//W3C//DTD XHTML 1.0 Transitional//EN"
    "http://www.w3.org/TR/xhtml1/DTD/xhtml1-transitional.dtd">
<html xmlns="http://www.w3.org/1999/xhtml" xml:lang="en" lang="en">
 <head>
  <title>
</title>
<meta http-equiv="Content-Type" content="text/html;charset=utf-8" />
  <meta name='ocr-system' content='tesseract 3.04.00' />
  <meta name='ocr-capabilities' content='ocr_page ocr_carea ocr_par ocr_line ocrx_word'/>
</head>
<body>
  <div class='ocr_page' id='page_1' title='image "./monumentahistor01laszgoog_0594.png"; bbox 0 0 3278 5348; ppageno 0'>
   <div class='ocr_carea' id='block_1_1' title="bbox 135 442 1026 536">
    <p class='ocr_par' dir='ltr' id='par_1_1' title="bbox 135 442 1026 536">
     <span class='ocr_line' id='line_1_1' title="bbox 135 442 1026 536; baseline -0.012 -13"><span class='ocrx_word' id='word_1_1' title='bbox 135 442 138 448; x_wconf 44' lang='lat'><strong><em>¹</em></strong></span> <span class='ocrx_word' id='word_1_2' title='bbox 192 464 253 536; x_wconf 83' lang='lat'>326</span> <span class='ocrx_word' id='word_1_3' title='bbox 595 456 667 516; x_wconf 87' lang='lat' dir='ltr'>Doc.</span> <span class='ocrx_word' id='word_1_4' title='bbox 691 454 763 535; x_wconf 83' lang='lat'>264.</span> <span class='ocrx_word' id='word_1_5' title='bbox 789 491 827 499; x_wconf 96' lang='lat'>—</span> <span class='ocrx_word' id='word_1_6' title='bbox 853 456 909 514; x_wconf 87' lang='lat' dir='ltr'>An.</span> <span class='ocrx_word' id='word_1_7' title='bbox 932 455 1026 533; x_wconf 80' lang='lat'><em>1469.</em></span> 
     </span>
    </p>
   </div>
   <div class='ocr_carea' id='block_1_2' title="bbox 164 670 1460 4992">
    <p class='ocr_par' dir='ltr' id='par_1_2' title="bbox 164 670 1460 4992">
     <span class='ocr_line' id='line_1_2' title="bbox 190 670 1459 748; baseline -0.006 -12"><span class='ocrx_word' id='word_1_8' title='bbox 190 687 329 736; x_wconf 87' lang='lat' dir='ltr'>nostram</span> <span class='ocrx_word' id='word_1_9' title='bbox 360 676 401 732; x_wconf 94' lang='lat' dir='ltr'>ab</span> <span class='ocrx_word' id='word_1_10' title='bbox 424 690 484 733; x_wconf 93' lang='lat' dir='ltr'>una</span> <span class='ocrx_word' id='word_1_11' title='bbox 508 682 538 732; x_wconf 92' lang='lat' dir='ltr'>et</span> <span class='ocrx_word' id='word_1_12' title='bbox 568 675 652 748; x_wconf 91' lang='lat' dir='ltr'>ipsos</span> <span class='ocrx_word' id='word_1_13' title='bbox 674 671 817 730; x_wconf 91' lang='lat' dir='ltr'>dominos</span> <span class='ocrx_word' id='word_1_14' title='bbox 839 671 1002 729; x_wconf 87' lang='lat' dir='ltr'>canonicos</span> <span class='ocrx_word' id='word_1_15' title='bbox 1025 670 1064 729; x_wconf 92' lang='lat' dir='ltr'>de</span> <span class='ocrx_word' id='word_1_16' title='bbox 1086 670 1169 729; x_wconf 90' lang='lat' dir='ltr'>dicto</span> <span class='ocrx_word' id='word_1_17' title='bbox 1192 670 1333 745; x_wconf 90' lang='lat' dir='ltr'>capitulo</span> <span class='ocrx_word' id='word_1_18' title='bbox 1356 685 1459 742; x_wconf 86' lang='lat' dir='ltr'>zagra-</span> 
     </span>
     <span class='ocr_line' id='line_1_3' title="bbox 191 775 1459 856; baseline -0.006 -15"><span class='ocrx_word' id='word_1_19' title='bbox 191 784 290 842; x_wconf 90' lang='lat' dir='ltr'>biensi</span> <span class='ocrx_word' id='word_1_20' title='bbox 320 786 409 856; x_wconf 91' lang='lat' dir='ltr'>parte</span> <span class='ocrx_word' id='word_1_21' title='bbox 439 782 480 839; x_wconf 87' lang='lat' dir='ltr'>ab</span> <span class='ocrx_word' id='word_1_22' title='bbox 511 782 609 838; x_wconf 91' lang='lat' dir='ltr'>altera</span> <span class='ocrx_word' id='word_1_23' title='bbox 640 780 681 836; x_wconf 91' lang='lat' dir='ltr'>ab</span> <span class='ocrx_word' id='word_1_24' title='bbox 712 779 789 837; x_wconf 88' lang='lat' dir='ltr'>olim</span> <span class='ocrx_word' id='word_1_25' title='bbox 813 783 844 836; x_wconf 94' lang='lat' dir='ltr'>et</span> <span class='ocrx_word' id='word_1_26' title='bbox 866 776 987 834; x_wconf 91' lang='lat' dir='ltr'>dudum</span> <span class='ocrx_word' id='word_1_27' title='bbox 1011 782 1075 834; x_wconf 87' lang='lat' dir='ltr'>tarn</span> <span class='ocrx_word' id='word_1_28' title='bbox 1100 784 1246 852; x_wconf 88' lang='lat' dir='ltr'>pretextu</span> <span class='ocrx_word' id='word_1_29' title='bbox 1265 775 1459 853; x_wconf 85' lang='lat' dir='ltr'>injuriarum,</span> 
     </span>
     <span class='ocr_line' id='line_1_4' title="bbox 191 883 1458 961; baseline -0.005 -15"><span class='ocrx_word' id='word_1_30' title='bbox 191 889 409 961; x_wconf 88' lang='lat' dir='ltr'>dampnorum,</span> <span class='ocrx_word' id='word_1_31' title='bbox 433 891 698 955; x_wconf 88' lang='lat' dir='ltr'>nocumentorum,</span> <span class='ocrx_word' id='word_1_32' title='bbox 722 885 871 956; x_wconf 90' lang='lat' dir='ltr'>rixarum,</span> <span class='ocrx_word' id='word_1_33' title='bbox 902 885 1199 954; x_wconf 90' lang='lat' dir='ltr'>controversionum‚</span> <span class='ocrx_word' id='word_1_34' title='bbox 1223 883 1458 952; x_wconf 83' lang='lat' dir='ltr'><strong>dissensionum,</strong></span> 
     </span>
     <span class='ocr_line' id='line_1_5' title="bbox 189 989 1457 1063; baseline -0.006 -10"><span class='ocrx_word' id='word_1_35' title='bbox 189 1009 307 1054; x_wconf 87' lang='lat' dir='ltr'><strong>necnon</strong></span> <span class='ocrx_word' id='word_1_36' title='bbox 331 992 590 1062; x_wconf 80' lang='lat' dir='ltr'>differenciarum,</span> <span class='ocrx_word' id='word_1_37' title='bbox 613 992 871 1063; x_wconf 89' lang='lat' dir='ltr'>zyzaniarumque</span> <span class='ocrx_word' id='word_1_38' title='bbox 894 991 1040 1047; x_wconf 91' lang='lat' dir='ltr'>hactenns</span> <span class='ocrx_word' id='word_1_39' title='bbox 1063 995 1092 1046; x_wconf 92' lang='lat' dir='ltr'>et</span> <span class='ocrx_word' id='word_1_40' title='bbox 1115 1005 1214 1062; x_wconf 90' lang='lat' dir='ltr'>usque</span> <span class='ocrx_word' id='word_1_41' title='bbox 1237 989 1276 1046; x_wconf 86' lang='lat' dir='ltr'>ad</span> <span class='ocrx_word' id='word_1_42' title='bbox 1300 990 1359 1046; x_wconf 91' lang='lat' dir='ltr'>hec</span> <span class='ocrx_word' id='word_1_43' title='bbox 1381 996 1457 1046; x_wconf 87' lang='lat' dir='ltr'>tem·</span> 
     </span>
     <span class='ocr_line' id='line_1_6' title="bbox 190 1092 1456 1174; baseline -0.006 -17"><span class='ocrx_word' id='word_1_44' title='bbox 190 1114 268 1174; x_wconf 91' lang='lat' dir='ltr'>pora</span> <span class='ocrx_word' id='word_1_45' title='bbox 298 1098 590 1172; x_wconf 87' lang='lat' dir='ltr'>quomodocumque</span> <span class='ocrx_word' id='word_1_46' title='bbox 620 1106 651 1154; x_wconf 90' lang='lat' dir='ltr'>et</span> <span class='ocrx_word' id='word_1_47' title='bbox 681 1097 949 1170; x_wconf 83' lang='lat' dir='ltr'>qualitercumque</span> <span class='ocrx_word' id='word_1_48' title='bbox 980 1102 1010 1152; x_wconf 89' lang='lat' dir='ltr'>et</span> <span class='ocrx_word' id='word_1_49' title='bbox 1033 1110 1089 1169; x_wconf 90' lang='lat' dir='ltr'>per</span> <span class='ocrx_word' id='word_1_50' title='bbox 1112 1109 1344 1168; x_wconf 89' lang='lat' dir='ltr'>quemcumque</span> <span class='ocrx_word' id='word_1_51' title='bbox 1365 1096 1397 1151; x_wconf 94' lang='lat' dir='ltr'>in</span> <span class='ocrx_word' id='word_1_52' title='bbox 1419 1092 1456 1150; x_wconf 92' lang='lat' dir='ltr'>ad</span> 
     </span>
     <span class='ocr_line' id='line_1_7' title="bbox 190 1201 1456 1277; baseline -0.005 -15"><span class='ocrx_word' id='word_1_53' title='bbox 190 1204 353 1274; x_wconf 80' lang='lat' dir='ltr'>factarum,</span> <span class='ocrx_word' id='word_1_54' title='bbox 377 1205 537 1262; x_wconf 87' lang='lat' dir='ltr'>illatarum</span> <span class='ocrx_word' id='word_1_55' title='bbox 560 1212 590 1260; x_wconf 93' lang='lat' dir='ltr'>et</span> <span class='ocrx_word' id='word_1_56' title='bbox 612 1209 815 1277; x_wconf 91' lang='lat' dir='ltr'>patratarum,</span> <span class='ocrx_word' id='word_1_57' title='bbox 839 1201 929 1259; x_wconf 86' lang='lat' dir='ltr'>factis</span> <span class='ocrx_word' id='word_1_58' title='bbox 952 1216 1077 1274; x_wconf 92' lang='lat' dir='ltr'>quoque</span> <span class='ocrx_word' id='word_1_59' title='bbox 1100 1201 1308 1274; x_wconf 87' lang='lat' dir='ltr'>potenciariis,</span> <span class='ocrx_word' id='word_1_60' title='bbox 1325 1201 1456 1273; x_wconf 88' lang='lat' dir='ltr'>aliisque</span> 
     </span>
     <span class='ocr_line' id='line_1_8' title="bbox 189 1306 1458 1384; baseline -0.003 -16"><span class='ocrx_word' id='word_1_61' title='bbox 189 1312 352 1384; x_wconf 82' lang='lat' dir='ltr'>quibusvis</span> <span class='ocrx_word' id='word_1_62' title='bbox 369 1312 524 1368; x_wconf 91' lang='lat' dir='ltr'>malorum</span> <span class='ocrx_word' id='word_1_63' title='bbox 541 1309 707 1381; x_wconf 86' lang='lat' dir='ltr'>generibus</span> <span class='ocrx_word' id='word_1_64' title='bbox 731 1323 787 1381; x_wconf 93' lang='lat' dir='ltr'>per</span> <span class='ocrx_word' id='word_1_65' title='bbox 810 1307 938 1365; x_wconf 89' lang='lat' dir='ltr'>eosdem</span> <span class='ocrx_word' id='word_1_66' title='bbox 962 1307 1104 1365; x_wconf 87' lang='lat' dir='ltr'>dominos</span> <span class='ocrx_word' id='word_1_67' title='bbox 1127 1306 1291 1364; x_wconf 87' lang='lat' dir='ltr'>canonicos</span> <span class='ocrx_word' id='word_1_68' title='bbox 1313 1306 1351 1364; x_wconf 91' lang='lat' dir='ltr'>de</span> <span class='ocrx_word' id='word_1_69' title='bbox 1375 1307 1458 1380; x_wconf 89' lang='lat' dir='ltr'>capi·</span> 
     </span>
     <span class='ocr_line' id='line_1_9' title="bbox 190 1412 1457 1488; baseline -0.004 -14"><span class='ocrx_word' id='word_1_70' title='bbox 190 1418 258 1475; x_wconf 88' lang='lat' dir='ltr'>tulo</span> <span class='ocrx_word' id='word_1_71' title='bbox 281 1417 472 1488; x_wconf 87' lang='lat' dir='ltr'>zagrabiensi</span> <span class='ocrx_word' id='word_1_72' title='bbox 502 1414 600 1471; x_wconf 90' lang='lat' dir='ltr'>acad</span> <span class='ocrx_word' id='word_1_73' title='bbox 626 1415 710 1488; x_wconf 92' lang='lat' dir='ltr'>ipsos</span> <span class='ocrx_word' id='word_1_74' title='bbox 734 1414 922 1487; x_wconf 76' lang='lat' dir='ltr'>pertinentes</span> <span class='ocrx_word' id='word_1_75' title='bbox 947 1414 1037 1470; x_wconf 93' lang='lat' dir='ltr'>nobis</span> <span class='ocrx_word' id='word_1_76' title='bbox 1059 1422 1090 1470; x_wconf 91' lang='lat' dir='ltr'>et</span> <span class='ocrx_word' id='word_1_77' title='bbox 1113 1412 1194 1470; x_wconf 88' lang='lat' dir='ltr'>dicte</span> <span class='ocrx_word' id='word_1_78' title='bbox 1217 1413 1337 1470; x_wconf 88' lang='lat' dir='ltr'>civitati</span> <span class='ocrx_word' id='word_1_79' title='bbox 1361 1428 1457 1486; x_wconf 89' lang='lat' dir='ltr'>usque</span> 
     </span>
     <span class='ocr_line' id='line_1_10' title="bbox 188 1518 1456 1593; baseline -0.005 -12"><span class='ocrx_word' id='word_1_80' title='bbox 188 1523 221 1581; x_wconf 92' lang='lat' dir='ltr'>in</span> <span class='ocrx_word' id='word_1_81' title='bbox 253 1523 437 1580; x_wconf 90' lang='lat' dir='ltr'>hodiernum</span> <span class='ocrx_word' id='word_1_82' title='bbox 470 1521 553 1578; x_wconf 91' lang='lat' dir='ltr'>diem</span> <span class='ocrx_word' id='word_1_83' title='bbox 586 1520 793 1593; x_wconf 84' lang='lat' dir='ltr'>quovismodo</span> <span class='ocrx_word' id='word_1_84' title='bbox 824 1519 922 1576; x_wconf 89' lang='lat' dir='ltr'>illatis</span> <span class='ocrx_word' id='word_1_85' title='bbox 954 1526 982 1576; x_wconf 91' lang='lat' dir='ltr'>et</span> <span class='ocrx_word' id='word_1_86' title='bbox 1013 1518 1158 1591; x_wconf 72' lang='lat' dir='ltr'>inrogatis</span> <span class='ocrx_word' id='word_1_87' title='bbox 1187 1525 1218 1575; x_wconf 90' lang='lat' dir='ltr'>et</span> <span class='ocrx_word' id='word_1_88' title='bbox 1247 1519 1407 1590; x_wconf 85' lang='lat' dir='ltr'>signanter</span> <span class='ocrx_word' id='word_1_89' title='bbox 1427 1519 1456 1575; x_wconf 92' lang='lat' dir='ltr'>in</span> 
     </span>
     <span class='ocr_line' id='line_1_11' title="bbox 189 1623 1457 1698; baseline -0.002 -14"><span class='ocrx_word' id='word_1_90' title='bbox 189 1627 270 1685; x_wconf 86' lang='lat' dir='ltr'>facto</span> <span class='ocrx_word' id='word_1_91' title='bbox 300 1627 631 1685; x_wconf 82' lang='lat' dir='ltr'>excommunicacionis</span> <span class='ocrx_word' id='word_1_92' title='bbox 662 1626 823 1684; x_wconf 87' lang='lat' dir='ltr'>cuiusdam</span> <span class='ocrx_word' id='word_1_93' title='bbox 852 1626 1014 1692; x_wconf 85' lang='lat' dir='ltr'>sentencie,</span> <span class='ocrx_word' id='word_1_94' title='bbox 1044 1625 1121 1681; x_wconf 90' lang='lat' dir='ltr'>olim</span> <span class='ocrx_word' id='word_1_95' title='bbox 1152 1639 1208 1698; x_wconf 90' lang='lat' dir='ltr'>per</span> <span class='ocrx_word' id='word_1_96' title='bbox 1240 1623 1376 1681; x_wconf 89' lang='lat' dir='ltr'>condam</span> <span class='ocrx_word' id='word_1_97' title='bbox 1405 1624 1457 1682; x_wconf 90' lang='lat' dir='ltr'>do·</span> 
     </span>
     <span class='ocr_line' id='line_1_12' title="bbox 188 1730 1456 1815; baseline -0.002 -25"><span class='ocrx_word' id='word_1_98' title='bbox 188 1733 308 1790; x_wconf 91' lang='lat' dir='ltr'>minum</span> <span class='ocrx_word' id='word_1_99' title='bbox 337 1734 510 1815; x_wconf 82' lang='lat' dir='ltr'>Johannem</span> <span class='ocrx_word' id='word_1_100' title='bbox 545 1734 728 1807; x_wconf 92' lang='lat' dir='ltr'>episcopum</span> <span class='ocrx_word' id='word_1_101' title='bbox 760 1732 993 1804; x_wconf 86' lang='lat' dir='ltr'>zagrabiensem</span> <span class='ocrx_word' id='word_1_102' title='bbox 1025 1746 1083 1805; x_wconf 92' lang='lat' dir='ltr'>pro</span> <span class='ocrx_word' id='word_1_103' title='bbox 1114 1740 1203 1804; x_wconf 89' lang='lat' dir='ltr'>parte</span> <span class='ocrx_word' id='word_1_104' title='bbox 1225 1735 1256 1788; x_wconf 92' lang='lat' dir='ltr'>et</span> <span class='ocrx_word' id='word_1_105' title='bbox 1278 1730 1319 1787; x_wconf 89' lang='lat' dir='ltr'>ad</span> <span class='ocrx_word' id='word_1_106' title='bbox 1343 1731 1456 1788; x_wconf 86' lang='lat' dir='ltr'>instan-</span> 
     </span>
     <span class='ocr_line' id='line_1_13' title="bbox 189 1835 1458 1912; baseline -0.002 -17"><span class='ocrx_word' id='word_1_107' title='bbox 189 1838 268 1896; x_wconf 88' lang='lat' dir='ltr'>ciam</span> <span class='ocrx_word' id='word_1_108' title='bbox 299 1839 397 1912; x_wconf 90' lang='lat' dir='ltr'>ipsius</span> <span class='ocrx_word' id='word_1_109' title='bbox 429 1839 558 1911; x_wconf 89' lang='lat' dir='ltr'>capituli</span> <span class='ocrx_word' id='word_1_110' title='bbox 592 1839 798 1910; x_wconf 84' lang='lat' dir='ltr'>zagrabiensis</span> <span class='ocrx_word' id='word_1_111' title='bbox 829 1844 934 1894; x_wconf 91' lang='lat' dir='ltr'>contra</span> <span class='ocrx_word' id='word_1_112' title='bbox 962 1852 1018 1894; x_wconf 92' lang='lat' dir='ltr'>nos</span> <span class='ocrx_word' id='word_1_113' title='bbox 1049 1838 1081 1895; x_wconf 87' lang='lat' dir='ltr'>in</span> <span class='ocrx_word' id='word_1_114' title='bbox 1102 1850 1139 1894; x_wconf 92' lang='lat' dir='ltr'>eo</span> <span class='ocrx_word' id='word_1_115' title='bbox 1173 1835 1320 1894; x_wconf 89' lang='lat' dir='ltr'>videlicet</span> <span class='ocrx_word' id='word_1_116' title='bbox 1341 1836 1406 1894; x_wconf 92' lang='lat' dir='ltr'>late</span> <span class='ocrx_word' id='word_1_117' title='bbox 1429 1843 1458 1894; x_wconf 92' lang='lat' dir='ltr'>et</span> 
     </span>
     <span class='ocr_line' id='line_1_14' title="bbox 188 1942 1458 2017; baseline 0 -17"><span class='ocrx_word' id='word_1_118' title='bbox 188 1943 360 2014; x_wconf 85' lang='lat' dir='ltr'>fulminate,</span> <span class='ocrx_word' id='word_1_119' title='bbox 384 1951 418 2002; x_wconf 93' lang='lat' dir='ltr'>ut</span> <span class='ocrx_word' id='word_1_120' title='bbox 433 1945 491 2002; x_wconf 90' lang='lat' dir='ltr'>filii</span> <span class='ocrx_word' id='word_1_121' title='bbox 514 1946 610 2003; x_wconf 84' lang='lat' dir='ltr'>nostri</span> <span class='ocrx_word' id='word_1_122' title='bbox 637 1960 734 2017; x_wconf 91' lang='lat' dir='ltr'>usque</span> <span class='ocrx_word' id='word_1_123' title='bbox 751 1950 896 2017; x_wconf 86' lang='lat' dir='ltr'>quartam</span> <span class='ocrx_word' id='word_1_124' title='bbox 910 1945 1143 2016; x_wconf 85' lang='lat' dir='ltr'>generacionem</span> <span class='ocrx_word' id='word_1_125' title='bbox 1159 1942 1198 2000; x_wconf 90' lang='lat' dir='ltr'>ad</span> <span class='ocrx_word' id='word_1_126' title='bbox 1220 1944 1327 2001; x_wconf 91' lang='lat' dir='ltr'>nullos</span> <span class='ocrx_word' id='word_1_127' title='bbox 1341 1943 1458 2017; x_wconf 83' lang='lat' dir='ltr'>gradus</span> 
     </span>
     <span class='ocr_line' id='line_1_15' title="bbox 188 2049 1458 2124; baseline 0.001 -17"><span class='ocrx_word' id='word_1_128' title='bbox 188 2065 224 2107; x_wconf 89' lang='lat' dir='ltr'>ac</span> <span class='ocrx_word' id='word_1_129' title='bbox 246 2050 378 2122; x_wconf 85' lang='lat' dir='ltr'>ordines,</span> <span class='ocrx_word' id='word_1_130' title='bbox 402 2050 613 2123; x_wconf 89' lang='lat' dir='ltr'>beneficiaque</span> <span class='ocrx_word' id='word_1_131' title='bbox 635 2056 666 2108; x_wconf 94' lang='lat' dir='ltr'>et</span> <span class='ocrx_word' id='word_1_132' title='bbox 688 2049 781 2108; x_wconf 84' lang='lat' dir='ltr'>feuda</span> <span class='ocrx_word' id='word_1_133' title='bbox 805 2051 945 2124; x_wconf 89' lang='lat' dir='ltr'>ipsorum</span> <span class='ocrx_word' id='word_1_134' title='bbox 967 2050 998 2107; x_wconf 91' lang='lat' dir='ltr'>in</span> <span class='ocrx_word' id='word_1_135' title='bbox 1025 2049 1128 2107; x_wconf 93' lang='lat' dir='ltr'>medio</span> <span class='ocrx_word' id='word_1_136' title='bbox 1145 2051 1326 2121; x_wconf 91' lang='lat' dir='ltr'>promoveri</span> <span class='ocrx_word' id='word_1_137' title='bbox 1349 2057 1381 2107; x_wconf 93' lang='lat' dir='ltr'>et</span> <span class='ocrx_word' id='word_1_138' title='bbox 1403 2065 1458 2124; x_wconf 92' lang='lat' dir='ltr'>op-</span> 
     </span>
     <span class='ocr_line' id='line_1_16' title="bbox 188 2154 1456 2228; baseline 0.002 -16"><span class='ocrx_word' id='word_1_139' title='bbox 188 2157 285 2214; x_wconf 83' lang='lat' dir='ltr'>tinere</span> <span class='ocrx_word' id='word_1_140' title='bbox 315 2172 376 2213; x_wconf 91' lang='lat' dir='ltr'>non</span> <span class='ocrx_word' id='word_1_141' title='bbox 407 2157 577 2228; x_wconf 90' lang='lat' dir='ltr'>potuissent</span> <span class='ocrx_word' id='word_1_142' title='bbox 607 2171 663 2213; x_wconf 89' lang='lat' dir='ltr'>nec</span> <span class='ocrx_word' id='word_1_143' title='bbox 694 2155 873 2226; x_wconf 90' lang='lat' dir='ltr'>valuissent,</span> <span class='ocrx_word' id='word_1_144' title='bbox 905 2155 976 2225; x_wconf 90' lang='lat' dir='ltr'>litis,</span> <span class='ocrx_word' id='word_1_145' title='bbox 1000 2154 1198 2213; x_wconf 88' lang='lat' dir='ltr'>dissensionis</span> <span class='ocrx_word' id='word_1_146' title='bbox 1223 2161 1253 2213; x_wconf 91' lang='lat' dir='ltr'>et</span> <span class='ocrx_word' id='word_1_147' title='bbox 1276 2163 1456 2214; x_wconf 88' lang='lat' dir='ltr'>controver-</span> 
     </span>
     <span class='ocr_line' id='line_1_17' title="bbox 185 2261 1453 2335; baseline 0.001 -16"><span class='ocrx_word' id='word_1_148' title='bbox 185 2262 280 2320; x_wconf 87' lang='lat' dir='ltr'>sionis</span> <span class='ocrx_word' id='word_1_149' title='bbox 311 2263 458 2334; x_wconf 88' lang='lat' dir='ltr'>materie,</span> <span class='ocrx_word' id='word_1_150' title='bbox 488 2262 666 2335; x_wconf 91' lang='lat' dir='ltr'>invidieque</span> <span class='ocrx_word' id='word_1_151' title='bbox 696 2262 820 2320; x_wconf 80' lang='lat' dir='ltr'>fomites</span> <span class='ocrx_word' id='word_1_152' title='bbox 853 2270 883 2319; x_wconf 91' lang='lat' dir='ltr'>et</span> <span class='ocrx_word' id='word_1_153' title='bbox 910 2263 1048 2319; x_wconf 88' lang='lat' dir='ltr'>rancoris</span> <span class='ocrx_word' id='word_1_154' title='bbox 1081 2261 1203 2319; x_wconf 89' lang='lat' dir='ltr'>malicie</span> <span class='ocrx_word' id='word_1_155' title='bbox 1229 2269 1339 2320; x_wconf 90' lang='lat' dir='ltr'>exorte</span> <span class='ocrx_word' id='word_1_156' title='bbox 1374 2261 1453 2320; x_wconf 84' lang='lat' dir='ltr'>fuis·</span> 
     </span>
     <span class='ocr_line' id='line_1_18' title="bbox 187 2367 1455 2444; baseline 0.002 -20"><span class='ocrx_word' id='word_1_157' title='bbox 187 2377 253 2425; x_wconf 90' lang='lat' dir='ltr'>sent</span> <span class='ocrx_word' id='word_1_158' title='bbox 276 2383 312 2425; x_wconf 95' lang='lat' dir='ltr'>ac</span> <span class='ocrx_word' id='word_1_159' title='bbox 335 2368 453 2426; x_wconf 89' lang='lat' dir='ltr'>diucius</span> <span class='ocrx_word' id='word_1_160' title='bbox 476 2368 624 2426; x_wconf 90' lang='lat' dir='ltr'>ventilate</span> <span class='ocrx_word' id='word_1_161' title='bbox 647 2375 677 2425; x_wconf 88' lang='lat' dir='ltr'>et</span> <span class='ocrx_word' id='word_1_162' title='bbox 701 2374 856 2441; x_wconf 89' lang='lat' dir='ltr'>protracte</span> <span class='ocrx_word' id='word_1_163' title='bbox 879 2368 1057 2444; x_wconf 86' lang='lat' dir='ltr'>extitissent.</span> <span class='ocrx_word' id='word_1_164' title='bbox 1082 2367 1199 2425; x_wconf 79' lang='lat' dir='ltr'>Tamen</span> <span class='ocrx_word' id='word_1_165' title='bbox 1223 2382 1279 2426; x_wconf 93' lang='lat' dir='ltr'>nos</span> <span class='ocrx_word' id='word_1_166' title='bbox 1302 2384 1376 2425; x_wconf 93' lang='lat' dir='ltr'>cum</span> <span class='ocrx_word' id='word_1_167' title='bbox 1401 2370 1455 2427; x_wconf 88' lang='lat' dir='ltr'>eis·</span> 
     </span>
     <span class='ocr_line' id='line_1_19' title="bbox 188 2473 1459 2550; baseline 0.003 -20"><span class='ocrx_word' id='word_1_168' title='bbox 188 2474 259 2531; x_wconf 93' lang='lat' dir='ltr'>dem</span> <span class='ocrx_word' id='word_1_169' title='bbox 284 2474 417 2532; x_wconf 91' lang='lat' dir='ltr'>dominis</span> <span class='ocrx_word' id='word_1_170' title='bbox 447 2476 601 2532; x_wconf 92' lang='lat' dir='ltr'>canonicis</span> <span class='ocrx_word' id='word_1_171' title='bbox 632 2473 671 2532; x_wconf 92' lang='lat' dir='ltr'>de</span> <span class='ocrx_word' id='word_1_172' title='bbox 701 2474 784 2532; x_wconf 91' lang='lat' dir='ltr'>dicto</span> <span class='ocrx_word' id='word_1_173' title='bbox 815 2475 954 2548; x_wconf 87' lang='lat' dir='ltr'>capitulo</span> <span class='ocrx_word' id='word_1_174' title='bbox 977 2474 1170 2546; x_wconf 87' lang='lat' dir='ltr'>zagrabiensi</span> <span class='ocrx_word' id='word_1_175' title='bbox 1194 2474 1344 2545; x_wconf 89' lang='lat' dir='ltr'>volentes,</span> <span class='ocrx_word' id='word_1_176' title='bbox 1370 2477 1459 2550; x_wconf 91' lang='lat' dir='ltr'>cupi-</span> 
     </span>
     <span class='ocr_line' id='line_1_20' title="bbox 187 2579 1458 2655; baseline 0.002 -19"><span class='ocrx_word' id='word_1_177' title='bbox 187 2587 332 2653; x_wconf 90' lang='lat' dir='ltr'>entesque</span> <span class='ocrx_word' id='word_1_178' title='bbox 355 2588 385 2638; x_wconf 92' lang='lat' dir='ltr'>et</span> <span class='ocrx_word' id='word_1_179' title='bbox 400 2582 526 2639; x_wconf 92' lang='lat' dir='ltr'>omnino</span> <span class='ocrx_word' id='word_1_180' title='bbox 543 2581 751 2640; x_wconf 87' lang='lat' dir='ltr'>desiderantes</span> <span class='ocrx_word' id='word_1_181' title='bbox 774 2580 888 2638; x_wconf 90' lang='lat' dir='ltr'>amodo</span> <span class='ocrx_word' id='word_1_182' title='bbox 910 2579 1055 2654; x_wconf 91' lang='lat' dir='ltr'>deinceps</span> <span class='ocrx_word' id='word_1_183' title='bbox 1077 2597 1113 2639; x_wconf 87' lang='lat' dir='ltr'>ac</span> <span class='ocrx_word' id='word_1_184' title='bbox 1136 2582 1344 2655; x_wconf 91' lang='lat' dir='ltr'>imposterum</span> <span class='ocrx_word' id='word_1_185' title='bbox 1369 2584 1458 2655; x_wconf 89' lang='lat' dir='ltr'>pacis</span> 
     </span>
     <span class='ocr_line' id='line_1_21' title="bbox 187 2685 1458 2761; baseline 0.003 -19"><span class='ocrx_word' id='word_1_186' title='bbox 187 2692 218 2742; x_wconf 89' lang='lat' dir='ltr'>et</span> <span class='ocrx_word' id='word_1_187' title='bbox 233 2687 408 2743; x_wconf 88' lang='lat' dir='ltr'>amenitatis</span> <span class='ocrx_word' id='word_1_188' title='bbox 424 2686 664 2760; x_wconf 89' lang='lat' dir='ltr'>pulchritudine,</span> <span class='ocrx_word' id='word_1_189' title='bbox 679 2701 797 2744; x_wconf 91' lang='lat' dir='ltr'>necnon</span> <span class='ocrx_word' id='word_1_190' title='bbox 814 2686 1025 2759; x_wconf 88' lang='lat' dir='ltr'>tranquilitate</span> <span class='ocrx_word' id='word_1_191' title='bbox 1041 2685 1111 2757; x_wconf 87' lang='lat' dir='ltr'>irui,</span> <span class='ocrx_word' id='word_1_192' title='bbox 1136 2687 1238 2760; x_wconf 91' lang='lat' dir='ltr'>potiri,</span> <span class='ocrx_word' id='word_1_193' title='bbox 1255 2685 1458 2761; x_wconf 90' lang='lat' dir='ltr'>gaudereque</span> 
     </span>
     <span class='ocr_line' id='line_1_22' title="bbox 186 2791 1459 2867; baseline 0.004 -20"><span class='ocrx_word' id='word_1_194' title='bbox 186 2796 217 2848; x_wconf 92' lang='lat' dir='ltr'>et</span> <span class='ocrx_word' id='word_1_195' title='bbox 240 2806 430 2864; x_wconf 89' lang='lat' dir='ltr'>permanere,</span> <span class='ocrx_word' id='word_1_196' title='bbox 453 2794 557 2850; x_wconf 93' lang='lat' dir='ltr'>omnia</span> <span class='ocrx_word' id='word_1_197' title='bbox 581 2794 732 2867; x_wconf 88' lang='lat' dir='ltr'>premissa</span> <span class='ocrx_word' id='word_1_198' title='bbox 748 2793 780 2850; x_wconf 92' lang='lat' dir='ltr'>in</span> <span class='ocrx_word' id='word_1_199' title='bbox 792 2792 979 2850; x_wconf 87' lang='lat' dir='ltr'>alterutrum</span> <span class='ocrx_word' id='word_1_200' title='bbox 1002 2798 1110 2850; x_wconf 90' lang='lat' dir='ltr'>mutua</span> <span class='ocrx_word' id='word_1_201' title='bbox 1133 2791 1345 2850; x_wconf 88' lang='lat' dir='ltr'>vicissitudine</span> <span class='ocrx_word' id='word_1_202' title='bbox 1361 2792 1459 2866; x_wconf 86' lang='lat' dir='ltr'>facta,</span> 
     </span>
     <span class='ocr_line' id='line_1_23' title="bbox 187 2896 1460 2972; baseline 0.005 -20"><span class='ocrx_word' id='word_1_203' title='bbox 187 2902 317 2970; x_wconf 89' lang='lat' dir='ltr'>patrata,</span> <span class='ocrx_word' id='word_1_204' title='bbox 341 2898 568 2971; x_wconf 89' lang='lat' dir='ltr'>commissaque</span> <span class='ocrx_word' id='word_1_205' title='bbox 591 2906 620 2956; x_wconf 89' lang='lat' dir='ltr'>et</span> <span class='ocrx_word' id='word_1_206' title='bbox 642 2905 749 2956; x_wconf 89' lang='lat' dir='ltr'>exorta</span> <span class='ocrx_word' id='word_1_207' title='bbox 773 2898 909 2971; x_wconf 85' lang='lat' dir='ltr'>dampna</span> <span class='ocrx_word' id='word_1_208' title='bbox 925 2896 1046 2972; x_wconf 91' lang='lat' dir='ltr'>juribus</span> <span class='ocrx_word' id='word_1_209' title='bbox 1069 2899 1183 2954; x_wconf 89' lang='lat' dir='ltr'>nostris</span> <span class='ocrx_word' id='word_1_210' title='bbox 1206 2899 1460 2970; x_wconf 89' lang='lat' dir='ltr'>possessionariis</span> 
     </span>
     <span class='ocr_line' id='line_1_24' title="bbox 186 3001 1459 3077; baseline 0.005 -19"><span class='ocrx_word' id='word_1_211' title='bbox 186 3001 364 3059; x_wconf 89' lang='lat' dir='ltr'>sedavimus</span> <span class='ocrx_word' id='word_1_212' title='bbox 396 3010 426 3061; x_wconf 88' lang='lat' dir='ltr'>et</span> <span class='ocrx_word' id='word_1_213' title='bbox 457 3005 639 3077; x_wconf 88' lang='lat' dir='ltr'>sopivimus,</span> <span class='ocrx_word' id='word_1_214' title='bbox 671 3018 708 3061; x_wconf 91' lang='lat' dir='ltr'>ac</span> <span class='ocrx_word' id='word_1_215' title='bbox 738 3004 777 3061; x_wconf 90' lang='lat' dir='ltr'>de</span> <span class='ocrx_word' id='word_1_216' title='bbox 808 3010 839 3061; x_wconf 89' lang='lat' dir='ltr'>et</span> <span class='ocrx_word' id='word_1_217' title='bbox 861 3019 956 3076; x_wconf 87' lang='lat' dir='ltr'>super</span> <span class='ocrx_word' id='word_1_218' title='bbox 978 3003 1117 3061; x_wconf 87' lang='lat' dir='ltr'>articulis</span> <span class='ocrx_word' id='word_1_219' title='bbox 1140 3019 1177 3061; x_wconf 87' lang='lat' dir='ltr'>ac</span> <span class='ocrx_word' id='word_1_220' title='bbox 1199 3004 1350 3062; x_wconf 88' lang='lat' dir='ltr'>clausulis</span> <span class='ocrx_word' id='word_1_221' title='bbox 1374 3006 1459 3065; x_wconf 82' lang='lat' dir='ltr'>infra</span> 
     </span>
     <span class='ocr_line' id='line_1_25' title="bbox 186 3107 1460 3184; baseline 0.006 -21"><span class='ocrx_word' id='word_1_222' title='bbox 186 3107 381 3166; x_wconf 88' lang='lat' dir='ltr'>declarandis</span> <span class='ocrx_word' id='word_1_223' title='bbox 407 3118 436 3167; x_wconf 89' lang='lat' dir='ltr'>et</span> <span class='ocrx_word' id='word_1_224' title='bbox 461 3111 558 3168; x_wconf 89' lang='lat' dir='ltr'>lacius</span> <span class='ocrx_word' id='word_1_225' title='bbox 581 3110 765 3184; x_wconf 88' lang='lat' dir='ltr'>specificatis</span> <span class='ocrx_word' id='word_1_226' title='bbox 789 3109 967 3167; x_wconf 91' lang='lat' dir='ltr'>huiusmodi</span> <span class='ocrx_word' id='word_1_227' title='bbox 991 3125 1100 3183; x_wconf 89' lang='lat' dir='ltr'>pacem</span> <span class='ocrx_word' id='word_1_228' title='bbox 1124 3114 1155 3167; x_wconf 92' lang='lat' dir='ltr'>et</span> <span class='ocrx_word' id='word_1_229' title='bbox 1177 3109 1303 3168; x_wconf 90' lang='lat' dir='ltr'>firmam</span> <span class='ocrx_word' id='word_1_230' title='bbox 1328 3125 1460 3171; x_wconf 90' lang='lat' dir='ltr'>concor·</span> 
     </span>
     <span class='ocr_line' id='line_1_26' title="bbox 185 3212 1459 3291; baseline 0.006 -21"><span class='ocrx_word' id='word_1_231' title='bbox 185 3212 270 3271; x_wconf 89' lang='lat' dir='ltr'>diam</span> <span class='ocrx_word' id='word_1_232' title='bbox 294 3230 366 3271; x_wconf 89' lang='lat' dir='ltr'>cum</span> <span class='ocrx_word' id='word_1_233' title='bbox 388 3216 465 3288; x_wconf 91' lang='lat' dir='ltr'>ipsis</span> <span class='ocrx_word' id='word_1_234' title='bbox 482 3215 617 3274; x_wconf 91' lang='lat' dir='ltr'>dominis</span> <span class='ocrx_word' id='word_1_235' title='bbox 641 3215 679 3273; x_wconf 90' lang='lat' dir='ltr'>de</span> <span class='ocrx_word' id='word_1_236' title='bbox 703 3216 785 3273; x_wconf 92' lang='lat' dir='ltr'>dicto</span> <span class='ocrx_word' id='word_1_237' title='bbox 809 3216 950 3288; x_wconf 90' lang='lat' dir='ltr'>capitulo</span> <span class='ocrx_word' id='word_1_238' title='bbox 974 3216 1167 3288; x_wconf 90' lang='lat' dir='ltr'>zagrabiensi</span> <span class='ocrx_word' id='word_1_239' title='bbox 1189 3224 1340 3291; x_wconf 89' lang='lat' dir='ltr'>perpetue</span> <span class='ocrx_word' id='word_1_240' title='bbox 1363 3218 1459 3278; x_wconf 89' lang='lat' dir='ltr'>dura·</span> 
     </span>
     <span class='ocr_line' id='line_1_27' title="bbox 185 3320 1460 3398; baseline 0.008 -23"><span class='ocrx_word' id='word_1_241' title='bbox 185 3325 287 3376; x_wconf 89' lang='lat' dir='ltr'>turam</span> <span class='ocrx_word' id='word_1_242' title='bbox 311 3320 480 3379; x_wconf 89' lang='lat' dir='ltr'>immunius</span> <span class='ocrx_word' id='word_1_243' title='bbox 503 3321 634 3380; x_wconf 83' lang='lat' dir='ltr'>fecimus</span> <span class='ocrx_word' id='word_1_244' title='bbox 657 3329 687 3378; x_wconf 90' lang='lat' dir='ltr'>et</span> <span class='ocrx_word' id='word_1_245' title='bbox 709 3322 936 3380; x_wconf 88' lang='lat' dir='ltr'>stabilivimus:</span> <span class='ocrx_word' id='word_1_246' title='bbox 960 3323 1038 3379; x_wconf 88' lang='lat' dir='ltr'>Item</span> <span class='ocrx_word' id='word_1_247' title='bbox 1063 3322 1175 3395; x_wconf 91' lang='lat' dir='ltr'>primo,</span> <span class='ocrx_word' id='word_1_248' title='bbox 1199 3323 1284 3396; x_wconf 93' lang='lat' dir='ltr'>quod</span> <span class='ocrx_word' id='word_1_249' title='bbox 1300 3324 1362 3398; x_wconf 92' lang='lat' dir='ltr'>ipsi</span> <span class='ocrx_word' id='word_1_250' title='bbox 1403 3326 1460 3385; x_wconf 92' lang='lat' dir='ltr'>do·</span> 
     </span>
     <span class='ocr_line' id='line_1_28' title="bbox 184 3425 1458 3504; baseline 0.007 -23"><span class='ocrx_word' id='word_1_251' title='bbox 184 3426 261 3482; x_wconf 90' lang='lat' dir='ltr'>mini</span> <span class='ocrx_word' id='word_1_252' title='bbox 292 3425 330 3482; x_wconf 89' lang='lat' dir='ltr'>de</span> <span class='ocrx_word' id='word_1_253' title='bbox 362 3426 444 3484; x_wconf 89' lang='lat' dir='ltr'>dicto</span> <span class='ocrx_word' id='word_1_254' title='bbox 476 3429 615 3502; x_wconf 91' lang='lat' dir='ltr'>capitulo</span> <span class='ocrx_word' id='word_1_255' title='bbox 647 3429 846 3500; x_wconf 86' lang='lat' dir='ltr'>zagrabiensi,</span> <span class='ocrx_word' id='word_1_256' title='bbox 877 3430 1082 3502; x_wconf 88' lang='lat' dir='ltr'>ipsorumque</span> <span class='ocrx_word' id='word_1_257' title='bbox 1115 3429 1271 3487; x_wconf 89' lang='lat' dir='ltr'>tributarii</span> <span class='ocrx_word' id='word_1_258' title='bbox 1294 3445 1353 3504; x_wconf 90' lang='lat' dir='ltr'>pro</span> <span class='ocrx_word' id='word_1_259' title='bbox 1378 3438 1458 3490; x_wconf 86' lang='lat' dir='ltr'>tem·</span> 
     </span>
     <span class='ocr_line' id='line_1_29' title="bbox 184 3533 1459 3604; baseline 0.008 -17"><span class='ocrx_word' id='word_1_260' title='bbox 184 3546 262 3603; x_wconf 91' lang='lat' dir='ltr'>pore</span> <span class='ocrx_word' id='word_1_261' title='bbox 294 3546 349 3603; x_wconf 93' lang='lat' dir='ltr'>per</span> <span class='ocrx_word' id='word_1_262' title='bbox 379 3533 504 3589; x_wconf 91' lang='lat' dir='ltr'>eosdem</span> <span class='ocrx_word' id='word_1_263' title='bbox 536 3535 700 3604; x_wconf 90' lang='lat' dir='ltr'>constituti,</span> <span class='ocrx_word' id='word_1_264' title='bbox 732 3534 883 3591; x_wconf 91' lang='lat' dir='ltr'>tributum</span> <span class='ocrx_word' id='word_1_265' title='bbox 915 3536 944 3591; x_wconf 91' lang='lat' dir='ltr'>in</span> <span class='ocrx_word' id='word_1_266' title='bbox 977 3534 1046 3593; x_wconf 84' lang='lat' dir='ltr'>foro</span> <span class='ocrx_word' id='word_1_267' title='bbox 1077 3535 1204 3592; x_wconf 87' lang='lat' dir='ltr'>annuali</span> <span class='ocrx_word' id='word_1_268' title='bbox 1233 3550 1287 3593; x_wconf 91' lang='lat' dir='ltr'>seu</span> <span class='ocrx_word' id='word_1_269' title='bbox 1307 3537 1459 3598; x_wconf 89' lang='lat' dir='ltr'>nundinis</span> 
     </span>
     <span class='ocr_line' id='line_1_30' title="bbox 185 3636 1459 3716; baseline 0.009 -24"><span class='ocrx_word' id='word_1_270' title='bbox 185 3636 217 3693; x_wconf 91' lang='lat' dir='ltr'>in</span> <span class='ocrx_word' id='word_1_271' title='bbox 249 3636 328 3693; x_wconf 86' lang='lat' dir='ltr'>festo</span> <span class='ocrx_word' id='word_1_272' title='bbox 366 3639 462 3694; x_wconf 90' lang='lat' dir='ltr'>sancti</span> <span class='ocrx_word' id='word_1_273' title='bbox 485 3639 580 3696; x_wconf 89' lang='lat' dir='ltr'>Marci</span> <span class='ocrx_word' id='word_1_274' title='bbox 616 3639 815 3711; x_wconf 86' lang='lat' dir='ltr'>ewangeliste</span> <span class='ocrx_word' id='word_1_275' title='bbox 849 3655 884 3696; x_wconf 94' lang='lat' dir='ltr'>ac</span> <span class='ocrx_word' id='word_1_276' title='bbox 918 3641 989 3698; x_wconf 92' lang='lat' dir='ltr'>aliis</span> <span class='ocrx_word' id='word_1_277' title='bbox 1022 3639 1133 3698; x_wconf 91' lang='lat' dir='ltr'>diebus</span> <span class='ocrx_word' id='word_1_278' title='bbox 1167 3646 1237 3698; x_wconf 87' lang='lat' dir='ltr'>ante</span> <span class='ocrx_word' id='word_1_279' title='bbox 1259 3646 1290 3698; x_wconf 89' lang='lat' dir='ltr'>et</span> <span class='ocrx_word' id='word_1_280' title='bbox 1314 3650 1388 3716; x_wconf 92' lang='lat' dir='ltr'>post</span> <span class='ocrx_word' id='word_1_281' title='bbox 1411 3661 1459 3703; x_wconf 87' lang='lat' dir='ltr'>se-</span> 
     </span>
     <span class='ocr_line' id='line_1_31' title="bbox 185 3742 1458 3824; baseline 0.009 -27"><span class='ocrx_word' id='word_1_282' title='bbox 185 3743 360 3814; x_wconf 91' lang='lat' dir='ltr'>quentibus,</span> <span class='ocrx_word' id='word_1_283' title='bbox 384 3748 513 3815; x_wconf 87' lang='lat' dir='ltr'>excepta</span> <span class='ocrx_word' id='word_1_284' title='bbox 528 3742 689 3801; x_wconf 86' lang='lat' dir='ltr'>dumtaxat</span> <span class='ocrx_word' id='word_1_285' title='bbox 713 3751 858 3802; x_wconf 91' lang='lat' dir='ltr'>consveta</span> <span class='ocrx_word' id='word_1_286' title='bbox 882 3747 1028 3818; x_wconf 88' lang='lat' dir='ltr'>porcione</span> <span class='ocrx_word' id='word_1_287' title='bbox 1052 3745 1192 3803; x_wconf 89' lang='lat' dir='ltr'>eiusdem</span> <span class='ocrx_word' id='word_1_288' title='bbox 1215 3746 1337 3820; x_wconf 85' lang='lat' dir='ltr'>tributi,</span> <span class='ocrx_word' id='word_1_289' title='bbox 1354 3750 1458 3824; x_wconf 85' lang='lat' dir='ltr'>vulgo</span> 
     </span>
     <span class='ocr_line' id='line_1_32' title="bbox 185 3846 1457 3928; baseline 0.009 -24"><span class='ocrx_word' id='word_1_290' title='bbox 185 3846 383 3919; x_wconf 84' lang='lat' dir='ltr'>fylarschyna</span> <span class='ocrx_word' id='word_1_291' title='bbox 413 3856 531 3919; x_wconf 87' lang='lat' dir='ltr'>vocata,</span> <span class='ocrx_word' id='word_1_292' title='bbox 562 3851 651 3906; x_wconf 90' lang='lat' dir='ltr'>nobis</span> <span class='ocrx_word' id='word_1_293' title='bbox 684 3857 713 3908; x_wconf 90' lang='lat' dir='ltr'>et</span> <span class='ocrx_word' id='word_1_294' title='bbox 744 3851 824 3908; x_wconf 91' lang='lat' dir='ltr'>dicte</span> <span class='ocrx_word' id='word_1_295' title='bbox 855 3852 974 3909; x_wconf 90' lang='lat' dir='ltr'>civitati</span> <span class='ocrx_word' id='word_1_296' title='bbox 1005 3853 1208 3926; x_wconf 88' lang='lat' dir='ltr'>proveniente</span> <span class='ocrx_word' id='word_1_297' title='bbox 1238 3859 1269 3911; x_wconf 91' lang='lat' dir='ltr'>et</span> <span class='ocrx_word' id='word_1_298' title='bbox 1291 3861 1457 3928; x_wconf 86' lang='lat' dir='ltr'>spectante</span> 
     </span>
     <span class='ocr_line' id='line_1_33' title="bbox 184 3953 1458 4033; baseline 0.01 -26"><span class='ocrx_word' id='word_1_299' title='bbox 184 3967 308 4026; x_wconf 90' lang='lat' dir='ltr'>semper</span> <span class='ocrx_word' id='word_1_300' title='bbox 330 3953 418 4010; x_wconf 89' lang='lat' dir='ltr'>salva</span> <span class='ocrx_word' id='word_1_301' title='bbox 440 3964 626 4025; x_wconf 83' lang='lat' dir='ltr'>remanente,</span> <span class='ocrx_word' id='word_1_302' title='bbox 659 3957 806 4030; x_wconf 87' lang='lat' dir='ltr'>recipere,</span> <span class='ocrx_word' id='word_1_303' title='bbox 838 3966 1022 4032; x_wconf 87' lang='lat' dir='ltr'>extorquere</span> <span class='ocrx_word' id='word_1_304' title='bbox 1053 3964 1085 4016; x_wconf 91' lang='lat' dir='ltr'>et</span> <span class='ocrx_word' id='word_1_305' title='bbox 1107 3959 1231 4031; x_wconf 84' lang='lat' dir='ltr'>exigere</span> <span class='ocrx_word' id='word_1_306' title='bbox 1254 3966 1403 4033; x_wconf 91' lang='lat' dir='ltr'>poterunt</span> <span class='ocrx_word' id='word_1_307' title='bbox 1427 3972 1458 4022; x_wconf 90' lang='lat' dir='ltr'>et</span> 
     </span>
     <span class='ocr_line' id='line_1_34' title="bbox 184 4057 1458 4138; baseline 0.012 -25"><span class='ocrx_word' id='word_1_308' title='bbox 184 4057 341 4115; x_wconf 90' lang='lat' dir='ltr'>valebunt</span> <span class='ocrx_word' id='word_1_309' title='bbox 371 4059 458 4128; x_wconf 90' lang='lat' dir='ltr'>Item,</span> <span class='ocrx_word' id='word_1_310' title='bbox 492 4061 574 4133; x_wconf 92' lang='lat' dir='ltr'>quod</span> <span class='ocrx_word' id='word_1_311' title='bbox 603 4062 728 4119; x_wconf 88' lang='lat' dir='ltr'>antelati</span> <span class='ocrx_word' id='word_1_312' title='bbox 756 4063 873 4121; x_wconf 92' lang='lat' dir='ltr'>domini</span> <span class='ocrx_word' id='word_1_313' title='bbox 905 4064 944 4121; x_wconf 89' lang='lat' dir='ltr'>de</span> <span class='ocrx_word' id='word_1_314' title='bbox 975 4064 1058 4122; x_wconf 91' lang='lat' dir='ltr'>dicto</span> <span class='ocrx_word' id='word_1_315' title='bbox 1088 4064 1226 4138; x_wconf 92' lang='lat' dir='ltr'>capitulo</span> <span class='ocrx_word' id='word_1_316' title='bbox 1261 4067 1458 4138; x_wconf 86' lang='lat' dir='ltr'>zagrabiensi</span> 
     </span>
     <span class='ocr_line' id='line_1_35' title="bbox 184 4163 1457 4245; baseline 0.01 -26"><span class='ocrx_word' id='word_1_317' title='bbox 184 4163 387 4236; x_wconf 88' lang='lat' dir='ltr'>ipsorumque</span> <span class='ocrx_word' id='word_1_318' title='bbox 416 4166 571 4223; x_wconf 92' lang='lat' dir='ltr'>tributarii</span> <span class='ocrx_word' id='word_1_319' title='bbox 595 4167 633 4224; x_wconf 92' lang='lat' dir='ltr'>de</span> <span class='ocrx_word' id='word_1_320' title='bbox 658 4171 801 4227; x_wconf 89' lang='lat' dir='ltr'>curribus</span> <span class='ocrx_word' id='word_1_321' title='bbox 823 4176 853 4227; x_wconf 89' lang='lat' dir='ltr'>et</span> <span class='ocrx_word' id='word_1_322' title='bbox 876 4173 964 4245; x_wconf 89' lang='lat' dir='ltr'>equis</span> <span class='ocrx_word' id='word_1_323' title='bbox 987 4186 1045 4245; x_wconf 92' lang='lat' dir='ltr'>per</span> <span class='ocrx_word' id='word_1_324' title='bbox 1067 4172 1151 4229; x_wconf 89' lang='lat' dir='ltr'>cives</span> <span class='ocrx_word' id='word_1_325' title='bbox 1174 4176 1205 4229; x_wconf 91' lang='lat' dir='ltr'>et</span> <span class='ocrx_word' id='word_1_326' title='bbox 1227 4170 1457 4234; x_wconf 86' lang='lat' dir='ltr'>inhabitatores</span> 
     </span>
     <span class='ocr_line' id='line_1_36' title="bbox 185 4268 1457 4353; baseline 0.013 -28"><span class='ocrx_word' id='word_1_327' title='bbox 185 4268 265 4327; x_wconf 89' lang='lat' dir='ltr'>dicte</span> <span class='ocrx_word' id='word_1_328' title='bbox 295 4271 427 4329; x_wconf 88' lang='lat' dir='ltr'>civitatis</span> <span class='ocrx_word' id='word_1_329' title='bbox 462 4274 502 4330; x_wconf 89' lang='lat' dir='ltr'>ab</span> <span class='ocrx_word' id='word_1_330' title='bbox 539 4275 652 4332; x_wconf 88' lang='lat' dir='ltr'>exteris</span> <span class='ocrx_word' id='word_1_331' title='bbox 683 4278 826 4348; x_wconf 90' lang='lat' dir='ltr'>partibus</span> <span class='ocrx_word' id='word_1_332' title='bbox 857 4280 1022 4353; x_wconf 87' lang='lat' dir='ltr'>apreciatis</span> <span class='ocrx_word' id='word_1_333' title='bbox 1053 4278 1144 4336; x_wconf 90' lang='lat' dir='ltr'>etad</span> <span class='ocrx_word' id='word_1_334' title='bbox 1167 4279 1270 4352; x_wconf 89' lang='lat' dir='ltr'>ipsam</span> <span class='ocrx_word' id='word_1_335' title='bbox 1293 4279 1457 4342; x_wconf 87' lang='lat' dir='ltr'>civitatem</span> 
     </span>
     <span class='ocr_line' id='line_1_37' title="bbox 183 4378 1456 4458; baseline 0.007 -24"><span class='ocrx_word' id='word_1_336' title='bbox 183 4392 233 4434; x_wconf 92' lang='lat' dir='ltr'>res</span> <span class='ocrx_word' id='word_1_337' title='bbox 267 4383 297 4435; x_wconf 91' lang='lat' dir='ltr'>et</span> <span class='ocrx_word' id='word_1_338' title='bbox 330 4378 411 4436; x_wconf 89' lang='lat' dir='ltr'>bona</span> <span class='ocrx_word' id='word_1_339' title='bbox 447 4395 502 4451; x_wconf 89' lang='lat' dir='ltr'>per</span> <span class='ocrx_word' id='word_1_340' title='bbox 536 4395 592 4437; x_wconf 94' lang='lat' dir='ltr'>nos</span> <span class='ocrx_word' id='word_1_341' title='bbox 629 4381 679 4437; x_wconf 93' lang='lat' dir='ltr'>vel</span> <span class='ocrx_word' id='word_1_342' title='bbox 715 4382 850 4440; x_wconf 89' lang='lat' dir='ltr'>alterum</span> <span class='ocrx_word' id='word_1_343' title='bbox 883 4391 1027 4442; x_wconf 91' lang='lat' dir='ltr'>nostrum</span> <span class='ocrx_word' id='word_1_344' title='bbox 1061 4390 1258 4458; x_wconf 88' lang='lat' dir='ltr'>comparatas</span> <span class='ocrx_word' id='word_1_345' title='bbox 1288 4389 1320 4442; x_wconf 91' lang='lat' dir='ltr'>et</span> <span class='ocrx_word' id='word_1_346' title='bbox 1353 4384 1456 4445; x_wconf 89' lang='lat' dir='ltr'>addu-</span> 
     </span>
     <span class='ocr_line' id='line_1_38' title="bbox 185 4483 1456 4566; baseline 0.01 -27"><span class='ocrx_word' id='word_1_347' title='bbox 185 4483 307 4554; x_wconf 89' lang='lat' dir='ltr'>cendas,</span> <span class='ocrx_word' id='word_1_348' title='bbox 338 4485 462 4542; x_wconf 92' lang='lat' dir='ltr'>nullum</span> <span class='ocrx_word' id='word_1_349' title='bbox 494 4487 655 4556; x_wconf 90' lang='lat' dir='ltr'>tributum,</span> <span class='ocrx_word' id='word_1_350' title='bbox 685 4488 848 4546; x_wconf 90' lang='lat' dir='ltr'>nullamve</span> <span class='ocrx_word' id='word_1_351' title='bbox 879 4491 1075 4549; x_wconf 89' lang='lat' dir='ltr'>tributariam</span> <span class='ocrx_word' id='word_1_352' title='bbox 1107 4491 1303 4549; x_wconf 86' lang='lat' dir='ltr'>exaccionem</span> <span class='ocrx_word' id='word_1_353' title='bbox 1325 4491 1456 4566; x_wconf 89' lang='lat' dir='ltr'>habere,</span> 
     </span>
     <span class='ocr_line' id='line_1_39' title="bbox 183 4590 1456 4670; baseline 0.009 -24"><span class='ocrx_word' id='word_1_354' title='bbox 183 4590 367 4663; x_wconf 85' lang='lat' dir='ltr'>exigereque</span> <span class='ocrx_word' id='word_1_355' title='bbox 389 4598 419 4649; x_wconf 91' lang='lat' dir='ltr'>et</span> <span class='ocrx_word' id='word_1_356' title='bbox 442 4594 579 4667; x_wconf 89' lang='lat' dir='ltr'>recipere</span> <span class='ocrx_word' id='word_1_357' title='bbox 603 4608 664 4651; x_wconf 92' lang='lat' dir='ltr'>non</span> <span class='ocrx_word' id='word_1_358' title='bbox 686 4601 832 4668; x_wconf 90' lang='lat' dir='ltr'>poterunt</span> <span class='ocrx_word' id='word_1_359' title='bbox 854 4612 910 4652; x_wconf 92' lang='lat' dir='ltr'>nec</span> <span class='ocrx_word' id='word_1_360' title='bbox 933 4598 1083 4655; x_wconf 90' lang='lat' dir='ltr'>valebunt</span> <span class='ocrx_word' id='word_1_361' title='bbox 1106 4595 1202 4655; x_wconf 91' lang='lat' dir='ltr'>modo</span> <span class='ocrx_word' id='word_1_362' title='bbox 1217 4595 1359 4670; x_wconf 86' lang='lat' dir='ltr'>aliquali.</span> <span class='ocrx_word' id='word_1_363' title='bbox 1383 4598 1456 4658; x_wconf 88' lang='lat' dir='ltr'>Hoc</span> 
     </span>
     <span class='ocr_line' id='line_1_40' title="bbox 164 4696 1456 4778; baseline 0.006 -26"><span class='ocrx_word' id='word_1_364' title='bbox 164 4696 283 4753; x_wconf 88' lang='lat' dir='ltr'>&#39;eciam</span> <span class='ocrx_word' id='word_1_365' title='bbox 307 4697 390 4754; x_wconf 90' lang='lat' dir='ltr'>clare</span> <span class='ocrx_word' id='word_1_366' title='bbox 420 4697 586 4771; x_wconf 88' lang='lat' dir='ltr'>declarato,</span> <span class='ocrx_word' id='word_1_367' title='bbox 611 4700 745 4773; x_wconf 91' lang='lat' dir='ltr'>quodsi</span> <span class='ocrx_word' id='word_1_368' title='bbox 772 4702 834 4775; x_wconf 92' lang='lat' dir='ltr'>ipsi</span> <span class='ocrx_word' id='word_1_369' title='bbox 866 4701 984 4761; x_wconf 92' lang='lat' dir='ltr'>domini</span> <span class='ocrx_word' id='word_1_370' title='bbox 1014 4702 1053 4761; x_wconf 94' lang='lat' dir='ltr'>de</span> <span class='ocrx_word' id='word_1_371' title='bbox 1076 4703 1160 4761; x_wconf 87' lang='lat' dir='ltr'>dicto</span> <span class='ocrx_word' id='word_1_372' title='bbox 1182 4701 1321 4778; x_wconf 88' lang='lat' dir='ltr'>capitulo</span> <span class='ocrx_word' id='word_1_373' title='bbox 1344 4717 1456 4778; x_wconf 86' lang='lat' dir='ltr'>zagra-</span> 
     </span>
     <span class='ocr_line' id='line_1_41' title="bbox 183 4802 1456 4885; baseline 0.009 -25"><span class='ocrx_word' id='word_1_374' title='bbox 183 4802 290 4874; x_wconf 90' lang='lat' dir='ltr'>biensi,</span> <span class='ocrx_word' id='word_1_375' title='bbox 321 4809 374 4861; x_wconf 92' lang='lat' dir='ltr'>aut</span> <span class='ocrx_word' id='word_1_376' title='bbox 407 4806 562 4863; x_wconf 88' lang='lat' dir='ltr'>tributarii</span> <span class='ocrx_word' id='word_1_377' title='bbox 593 4821 702 4864; x_wconf 90' lang='lat' dir='ltr'>eorum</span> <span class='ocrx_word' id='word_1_378' title='bbox 726 4822 783 4881; x_wconf 92' lang='lat' dir='ltr'>pro</span> <span class='ocrx_word' id='word_1_379' title='bbox 815 4814 957 4881; x_wconf 91' lang='lat' dir='ltr'>tempore</span> <span class='ocrx_word' id='word_1_380' title='bbox 979 4809 1147 4881; x_wconf 90' lang='lat' dir='ltr'>constituti,</span> <span class='ocrx_word' id='word_1_381' title='bbox 1170 4824 1266 4885; x_wconf 92' lang='lat' dir='ltr'>super</span> <span class='ocrx_word' id='word_1_382' title='bbox 1287 4809 1456 4883; x_wconf 87' lang='lat' dir='ltr'>aliquibus</span> 
     </span>
     <span class='ocr_line' id='line_1_42' title="bbox 182 4909 1457 4992; baseline 0.01 -26"><span class='ocrx_word' id='word_1_383' title='bbox 182 4909 277 4967; x_wconf 90' lang='lat' dir='ltr'>rebus</span> <span class='ocrx_word' id='word_1_384' title='bbox 306 4925 363 4984; x_wconf 91' lang='lat' dir='ltr'>per</span> <span class='ocrx_word' id='word_1_385' title='bbox 391 4925 446 4969; x_wconf 93' lang='lat' dir='ltr'>nos</span> <span class='ocrx_word' id='word_1_386' title='bbox 475 4913 526 4968; x_wconf 87' lang='lat' dir='ltr'>vel</span> <span class='ocrx_word' id='word_1_387' title='bbox 557 4912 692 4970; x_wconf 91' lang='lat' dir='ltr'>alterum</span> <span class='ocrx_word' id='word_1_388' title='bbox 722 4919 863 4972; x_wconf 88' lang='lat' dir='ltr'>nostrum</span> <span class='ocrx_word' id='word_1_389' title='bbox 886 4915 926 4971; x_wconf 92' lang='lat' dir='ltr'>ab</span> <span class='ocrx_word' id='word_1_390' title='bbox 950 4915 1071 4989; x_wconf 87' lang='lat' dir='ltr'>exteris,</span> <span class='ocrx_word' id='word_1_391' title='bbox 1094 4922 1128 4973; x_wconf 90' lang='lat' dir='ltr'>ut</span> <span class='ocrx_word' id='word_1_392' title='bbox 1151 4914 1354 4991; x_wconf 88' lang='lat' dir='ltr'>premittitur,</span> <span class='ocrx_word' id='word_1_393' title='bbox 1377 4932 1457 4992; x_wconf 77' lang='lat' dir='ltr'>par·</span> 
     </span>
    </p>
   </div>
   <div class='ocr_carea' id='block_1_3' title="bbox 0 0 1644 5348">
    <p class='ocr_par' dir='ltr' id='par_1_3' title="bbox 0 0 1644 5348">
     <span class='ocr_line' id='line_1_43' title="bbox 0 0 1644 5348; baseline 0 1"><span class='ocrx_word' id='word_1_394' title='bbox 0 0 1644 5348; x_wconf 95' lang='lat' dir='ltr'> </span> 
     </span>
    </p>
   </div>
  </div>
 </body>
</html>
