3278 5348
193 440 254 499 ²40
605 420 678 479 Doc.
702 414 771 500 176.
796 452 838 461 —
861 417 918 476 An.
943 429 1030 495 1453.

188 638 307 696 buissel
341 641 502 711 reportare
536 641 565 692 et
599 634 738 693 eiusdem
773 634 991 692 execucionem
1025 631 1141 690 eisdem
1176 630 1304 704 referre,
1328 632 1450 691 minime

188 744 367 813 curavisset,
402 743 500 799 immo
534 757 590 799 nec
624 757 656 798 se
690 741 808 799 eisdem
831 743 1093 813 representasset;
1115 740 1157 797 ob
1180 738 1240 795 hoc
1263 739 1326 813 ipsi
1349 737 1450 796 formi-

189 849 299 907 darent
332 864 370 906 ne
406 847 482 921 ipsis
515 848 549 905 in
583 848 641 905 hac
676 853 764 921 parte
799 847 831 904 in
864 860 955 903 eausa
990 860 1100 903 eorum
1134 850 1309 918 prenotata,
1332 841 1453 918 aliquod

188 953 362 1028 dampnum
385 969 439 1010 seu
476 953 652 1026 periculum
687 953 833 1021 eveniret,
868 958 1006 1026 petentes
1040 966 1097 1009 nos
1131 966 1204 1008 cum
1235 951 1392 1021 instancia,
1423 953 1454 1007 ut

188 1062 232 1118 eis
253 1076 348 1118 unum
371 1064 490 1117 eertum
514 1059 682 1116 terminum
705 1058 939 1131 prefigeremus,
971 1073 1070 1131 usque
1092 1073 1186 1130 quem
1209 1057 1380 1115 terminum
1399 1054 1454 1129 ipsi

187 1166 345 1240 prefatum
368 1166 541 1249 Johannem
564 1169 799 1238 procuratorem
822 1165 963 1238 ipsorum
994 1164 1224 1237 investigarent,
1256 1163 1453 1231 sciscitarem,

188 1279 218 1329 et
240 1273 388 1330 rescirent
409 1285 471 1343 quo
496 1269 651 1341 defuisset,
676 1276 781 1328 utrum
804 1276 913 1342 captus
936 1269 988 1327 vel
1012 1268 1199 1339 interfectus,
1223 1268 1277 1327 vel
1309 1269 1453 1337 infirmus,

189 1378 241 1436 vel
264 1382 407 1434 mortuus
431 1381 510 1433 esset
534 1381 564 1433 et
587 1377 740 1446 existeret,
764 1385 794 1433 et
818 1391 881 1448 quo
904 1376 1091 1449 premissam
1111 1390 1222 1433 eorum
1248 1390 1376 1433 eausam
1405 1386 1454 1430 seu

187 1484 284 1554 litem,
308 1497 426 1540 necnon
450 1483 532 1555 ipsas
556 1483 676 1539 litteras
700 1482 978 1540 transmissionales
1003 1481 1125 1540 fecisset
1147 1489 1177 1540 et
1201 1480 1363 1554 quomodo
1387 1493 1452 1554 pro·

186 1596 322 1648 curasset
345 1604 470 1646 causam
494 1604 602 1647 eorum
625 1589 884 1662 prenominatam,
916 1587 1003 1647 Unde
1035 1603 1099 1660 nos,
1124 1589 1210 1660 regni
1235 1585 1451 1646 consvetudine

186 1690 362 1769 requirente
375 1697 405 1753 in
430 1696 546 1752 talibus
569 1696 731 1753 observari
752 1695 852 1766 solita,
876 1694 994 1752 eisdem
1014 1693 1118 1770 J'udici,
1141 1693 1262 1770 juratiS,
1284 1694 1450 1765 ceterisque

187 1803 309 1861 civibus
332 1802 466 1860 civitatis
492 1800 631 1874 predicte
655 1801 768 1859 montis
792 1785 953 1859 Grecensis
986 1815 1045 1873 pro
1076 1799 1264 1873 exequendis
1295 1797 1453 1874 premissis

187 1914 312 1965 octavas
336 1907 405 1965 sesti
428 1907 674 1980 Epiphaniarum
698 1907 816 1964 domini
840 1906 983 1979 proxime
1015 1912 1170 1974 venturas
1195 1905 1233 1963 ad
1259 1920 1338 1978 quas
1361 1905 1453 1962 eciam

189 2028 295 2071 causas
318 2014 536 2071 universorum
560 2013 714 2070 nobilium
739 2012 820 2069 dicte
843 2011 925 2068 sedis
948 2020 1052 2069 nostre
1073 2009 1232 2085 judiciarie
1250 2009 1452 2084 zagrabiensis

188 2120 436 2192 prorogavimus,
468 2134 526 2192 pro
557 2120 690 2176 termino
722 2118 867 2175 duximus
899 2117 1096 2190 prefigendas
1127 2121 1219 2191 atque
1256 2116 1452 2191 deputandas.

187 2224 288 2299 Super
310 2227 424 2299 quibus
450 2225 544 2283 iidem
567 2225 694 2296 Blasius,
719 2225 797 2283 alias
820 2222 914 2298 judex
937 2230 967 2281 et
991 2224 1138 2296 magister
1154 2224 1287 2281 Mathias
1310 2223 1451 2291 notarius,

186 2333 366 2390 nominibus
388 2336 418 2389 et
440 2332 472 2389 in
496 2333 636 2405 personis
659 2346 794 2404 quorum
818 2344 920 2403 supra,
944 2330 1063 2387 litteras
1098 2335 1220 2387 nostras
1255 2329 1324 2387 dari
1358 2328 1452 2402 pecie·

186 2442 266 2509 runt,
291 2453 367 2511 quas
390 2453 445 2494 nos
469 2437 574 2510 sigillo
598 2438 714 2510 egregii
736 2436 862 2508 Georgii
878 2436 1013 2494 Farcasii
1036 2435 1075 2493 de
1097 2435 1204 2507 Ebres,
1220 2435 1344 2493 comitis
1359 2433 1452 2492 nostri

187 2545 403 2616 zagrabiensis‚
428 2545 601 2615 consignari
625 2543 778 2613 facientes,
802 2542 919 2600 eisdem
948 2541 1094 2600 duximus
1130 2541 1342 2600 concedendas
1373 2555 1451 2598 com·

186 2650 272 2706 muni
296 2648 416 2724 justicia
439 2649 595 2706 suadente.
618 2649 735 2706 Datum
758 2648 909 2720 Zagrabie
933 2649 1085 2721 vigesimo
1109 2647 1158 2705 die
1190 2649 1316 2706 termini
1347 2660 1450 2721 preno-

187 2756 251 2812 tati.
276 2757 366 2811 Anno
391 2755 507 2813 domini
532 2755 701 2812 millesimo
733 2754 1038 2828 quadringentesimo
1069 2755 1328 2828 quinquagesimo
1351 2753 1449 2811 tercio.

293 2891 425 2950 Originale
454 2893 480 2939 in
508 2893 603 2942 charta.
633 2892 659 2938 A
690 2898 762 2954 tergo
790 2891 927 2954 vestigium
955 2892 1073 2955 impressi
1093 2891 1181 2954 sigilli.
1219 2892 1251 2938 In
1277 2890 1391 2939 archivio
1409 2887 1450 2938 lib.

187 2994 237 3040 reg.
259 2979 304 3024 civ.
325 2979 504 3039 zugrabieusis¹

781 3177 861 3244 176.

292 3329 371 3376 Anno
395 3343 467 3395 1453.
492 3345 529 3394 13.
551 3334 704 3385 novembris
726 3335 873 3398 Zagrabiae.

186 3456 316 3514 plebani
335 3459 463 3516 ce'vihrtt's
486 3464 606 3533 sqgrab.
633 3464 806 3521 Malliacum
823 3465 952 3541 priorem
968 3462 1218 3533 Praedicatorum,
1234 3471 1378 3538 totumque
1391 3479 1449 3519 con·

186 3570 298 3619 ventrem
321 3582 416 3621 coram
432 3570 543 3640 ppulo
572 3571 602 3625 in
634 3572 754 3627 ecclesiis
777 3569 996 3642 parrochialibus
1019 3588 1038 3624 a
1061 3587 1093 3627 sc
1111 3570 1287 3643 prosmptos
1309 3570 1447 3627 nuntiant.

291 3708 354 3765 Nos
377 3710 515 3768 Thomas
539 3715 636 3770 sancti
660 3715 792 3771 Emerici
816 3714 853 3772 de
878 3715 1044 3787 Zagrabia,
1076 3715 1155 3771 alter
1177 3714 1326 3786 Thomas,
1358 3713 1450 3774 sancti

183 3812 331 3893 Johannis
355 3815 392 3872 de
417 3818 506 3875 Nova
530 3820 617 3889 villa,
642 3820 825 3878 Valentinus
850 3822 947 3877 sancti
964 3821 1112 3878 Anthonii
1129 3820 1167 3877 de
1182 3822 1254 3878 vico
1270 3819 1449 3880 Latinorum

184 3923 213 3975 et
238 3919 401 3994 Philippus
432 3926 530 3980 sancti
563 3927 685 3983 Martini
722 3927 759 3983 de
794 3927 946 3983 suburbio
981 3927 1115 3984 civitatis
1138 3927 1252 3984 montis
1276 3925 1446 3996 Grecensis,

185 4026 385 4084 ecclesiarum
421 4031 645 4102 parochialium
689 4032 823 4104 plebani.
858 4033 977 4090 Tenore
1012 4032 1206 4105 presencium
1250 4031 1445 4091 notificamus

184 4134 330 4190 omnibus
354 4144 511 4208 presentes
536 4138 728 4209 inspecturis,
756 4138 839 4211 quod
863 4139 947 4195 iuxta
972 4139 1037 4194 vim
1061 4143 1090 4194 et
1115 4137 1250 4195 formam
1274 4138 1447 4196 litterarum

183 4240 458 4298 sentencionalium
494 4243 681 4299 venerabilis
716 4245 777 4312 viri
807 4244 925 4300 domini
960 4244 1092 4314 Martini,
1117 4243 1341 4316 archidyaconi
1364 4243 1449 4302 dubi·

183 4345 280 4402 censis
315 4352 344 4402 et
379 4348 516 4404 canonici
550 4349 581 4404 in
616 4349 744 4405 ecclesia
779 4352 980 4421 zagrabiensi,
1015 4349 1241 4423 reverendique
1273 4351 1306 4409 in
1329 4350 1449 4410 Christo

182 4453 280 4524 patris
304 4452 423 4510 domini
447 4454 611 4525 Benedicti,
635 4454 683 4511 dei
707 4461 736 4511 et
752 4456 922 4529 apostolice
939 4457 1019 4514 sedis
1036 4457 1140 4529 gracia
1157 4457 1296 4532 episcopi
1313 4457 1449 4517 eiusdem

183 4559 319 4629 ecclesie,
345 4559 451 4617 vicarii
475 4561 507 4617 in
540 4560 756 4634 spiritualibus
780 4564 942 4635 generalis,
966 4564 997 4621 in
1021 4564 1100 4622 festo
1124 4565 1208 4622 beati
1231 4564 1357 4623 Martini
1380 4579 1449 4622 con·

182 4663 306 4722 sessoris
330 4666 361 4723 in
385 4668 498 4724 nostris
522 4667 659 4724 ecclesiis
681 4682 786 4725 coram
812 4673 1002 4743 populorum
1027 4669 1236 4742 multitudine,
1268 4671 1449 4745 religiosum

184 4771 285 4828 virum
312 4772 440 4829 fratrem
464 4774 622 4843 ltiathiam,
647 4773 784 4846 priorem
806 4780 836 4831 et
859 4782 958 4834 totum
982 4783 1171 4835 conventum
1201 4777 1331 4835 claustri
1365 4773 1447 4834 beati

181 4877 302 4935 Nicolai
325 4878 363 4935 de
386 4879 546 4952 Zagrabia,
570 4879 688 4937 ordinis
712 4880 844 4938 fratrum
869 4882 1102 4940 Prodicatorum
1124 4883 1183 4940 sub
1213 4883 1322 4956 regula
1353 4879 1449 4940 sancti
