3278 5348
606 442 677 501 Doc.
702 437 764 515 265
797 474 838 482 -
862 442 1036 518 An.14do.
1386 457 1448 517 329

181 657 268 732 tique
299 663 418 715 terrore
449 659 613 732 perterriti,
644 672 716 715 cum
743 652 873 733 juribus,
904 657 1046 731 reliquiis
1075 663 1263 729 sanctorum,
1293 656 1449 727 thezauro,

182 762 343 833 calicibus,
374 771 404 822 et
433 764 504 822 aliis
536 764 636 834 bonis,
669 779 730 837 que
760 761 1012 822 festinantissime
1042 762 1142 822 levari
1172 761 1273 821 tacere
1296 769 1450 836 protunc

181 875 374 944 poteramus,
396 870 435 928 ad
459 869 588 929 eandem
613 870 771 928 civitatem
794 870 999 945 importantes
1022 869 1228 943 confugimus,
1250 869 1282 927 in
1298 884 1360 942 qun
1383 869 1450 927 uui·

180 990 272 1033 versa
307 975 414 1034 eadem
447 977 529 1034 bona
563 982 593 1034 et
626 974 665 1033 ad
696 991 823 1050 presens
854 976 1041 1047 consistunt;
1075 991 1148 1033 curn
1171 975 1316 1049 pluribus
1339 975 1449 1033 diebus

181 1082 421 1156 precedentibus
444 1091 475 1141 et
497 1098 595 1156 usque
617 1082 656 1140 ad
687 1098 814 1156 presens
846 1086 970 1156 tempus
1001 1082 1244 1156 circumquaque
1276 1083 1308 1140 in
1340 1081 1449 1140 vicinis

181 1189 272 1247 nobis
296 1188 373 1246 locis
396 1190 501 1247 omnia
524 1188 727 1261 devastantes,
751 1188 926 1247 desolantes
949 1193 980 1246 et
1003 1194 1243 1264 concremantes,
1266 1187 1402 1246 infinitos
1419 1192 1450 1245 et

181 1294 426 1353 innumerabiles
459 1296 603 1354 homines
636 1296 798 1368 utriusque
832 1311 933 1367 sexus,
956 1294 1144 1353 condicionis
1174 1299 1206 1353 et
1237 1295 1327 1353 etatis
1350 1293 1449 1352 abdu-

181 1407 275 1473 cunt,
309 1408 340 1458 et
373 1401 443 1459 aliis
473 1417 509 1460 ac
539 1401 609 1460 aliis
640 1400 746 1475 predis
775 1401 939 1459 hominum
973 1406 1003 1459 et
1037 1401 1221 1460 animalium
1257 1400 1448 1474 aliquociens

180 1508 348 1579 associatis,
372 1513 402 1566 et
424 1507 463 1564 ad
487 1523 597 1566 eorum
620 1512 740 1566 tenutas
764 1507 959 1581 transmissis,
983 1509 1043 1583 ipsi
1066 1508 1199 1581 denique
1221 1507 1380 1582 replicatis
1403 1507 1450 1564 vi-

180 1613 269 1672 cibus
292 1630 351 1688 per
373 1630 406 1672 se
438 1629 496 1689 pro
526 1614 683 1672 similibus
714 1613 930 1688 perpetrandis
953 1613 1101 1688 nepharie
1131 1623 1203 1672 sunt
1224 1613 1373 1687 regressi,
1395 1613 1448 1685 qui

181 1721 339 1778 communi
364 1719 446 1778 fama
471 1720 662 1794 pervolante,
685 1735 741 1777 nec
764 1719 823 1777 hac
845 1726 965 1777 tantum
989 1721 1065 1793 vice,
1089 1720 1143 1778 sed
1167 1722 1271 1794 sepius
1301 1717 1449 1777 invadere

180 1825 265 1884 velle
289 1832 393 1899 partes
415 1827 488 1884 istas
511 1825 694 1884 reseruntur.
718 1824 842 1898 Quique
865 1841 883 1883 a
907 1827 1052 1900 proximo
1076 1825 1155 1885 testo
1187 1826 1270 1884 beati
1299 1825 1448 1909 Johannis

182 1932 321 2007 Baptiste
344 1948 442 2006 usque
465 1938 662 2006 prenotatum
686 1931 798 1990 testum
822 1933 905 1990 beati
927 1933 1088 1990 Michaelis
1107 1932 1286 2006 archangeli
1302 1932 1370 1990 vice
1386 1933 1447 1990 iam

180 2039 280 2098 altera
303 2040 335 2098 in
364 2041 422 2097 hoc
448 2040 626 2097 miserabile
650 2054 790 2111 regnum,
822 2039 999 2112 specialiter
1029 2048 1059 2098 et
1090 2045 1194 2114 partes
1216 2039 1300 2097 ultra
1329 2038 1448 2097 dictum

180 2143 312 2204 tluvium
346 2145 437 2205 Zawe
468 2146 594 2215 reversi,
625 2144 743 2203 eisdem
776 2145 913 2203 totaliter
936 2144 1091 2216 desolatis,
1114 2145 1241 2204 infinitis
1265 2144 1370 2220 predis
1392 2144 1447 2202 ho·

180 2251 303 2310 minum
326 2258 356 2309 et
371 2252 553 2311 animalium
570 2251 721 2320 abductis,
738 2251 1012 2324 mansionibusque
1028 2253 1191 2310 hominum
1207 2252 1286 2325 ignis
1300 2250 1449 2323 voragine

180 2359 383 2432 consumptis,
399 2374 487 2417 more
510 2358 677 2415 beluarum
699 2357 888 2415 seviencium
912 2357 1080 2416 crudeliter
1103 2357 1285 2432 depopulati
1307 2362 1395 2428 sunt;
1417 2362 1448 2414 et

180 2463 240 2521 nisi
261 2470 338 2522 nutu
363 2463 575 2523 misericordie
598 2463 648 2522 dei
671 2463 829 2537 inopinate
851 2464 911 2521 hiis
932 2465 1084 2538 proximis
1107 2463 1217 2522 diebus
1234 2463 1448 2522 ssuviusZawe

180 2569 391 2661 innundasset,
414 2570 530 2628 nedum
552 2585 609 2628 nos
632 2577 661 2628 et
684 2569 814 2628 ecclesia
837 2577 950 2642 nostra,
985 2585 1095 2628 verum
1128 2571 1184 2628 toti
1219 2584 1316 2642 regno
1352 2567 1446 2626 finale

179 2676 357 2749 periculum
381 2677 560 2734 inminebat.
584 2674 834 2750 Quibusquidem
857 2677 1004 2750 periculis
1028 2681 1058 2734 et
1081 2676 1150 2734 aliis
1174 2691 1250 2750 pene
1272 2675 1447 2733 innumera·

180 2781 301 2839 bilibus
324 2783 417 2840 malis
448 2782 585 2855 undique
615 2782 787 2856 perspectis
817 2789 847 2840 et
870 2783 902 2840 in
933 2783 997 2840 acie
1020 2784 1132 2840 mentis
1154 2786 1259 2840 nostre
1281 2796 1354 2839 sane
1377 2796 1447 2854 pre·

179 2889 304 2961 metitis,
339 2887 550 2962 formidantes,
584 2889 643 2947 uisi
674 2888 750 2947 deus
785 2866 929 2949 misertus
964 2889 1065 2962 tuerit,
1088 2891 1312 2963 inposterum,
1334 2887 1380 2945 uti
1403 2885 1447 2944 sa-

179 3000 293 3067 matur,
317 2995 418 3053 multo
442 2995 548 3068 peiora
573 2995 730 3069 prioribus
754 3000 819 3053 tam
844 2996 943 3070 nobis,
967 3011 1063 3069 quam
1086 2996 1180 3054 rebus
1210 3000 1240 3053 et
1272 2994 1362 3053 bouis
1392 3009 1446 3051 no·

178 3102 253 3160 stris
284 3107 314 3158 et
344 3100 472 3160 ecclesie
503 3106 607 3159 nostre
638 3101 802 3160 succedere
825 3116 922 3175 posse,
954 3103 995 3159 ab
1019 3103 1157 3176 ipsisque
1179 3102 1266 3160 iuxta
1289 3100 1447 3175 possibili·

179 3214 277 3267 tatem
300 3213 439 3266 nostram
463 3223 535 3265 cum
558 3207 675 3266 auxilio
700 3209 952 3282 cunctapotentis,
976 3207 1175 3283 presidioque
1198 3208 1370 3265 amicorum
1394 3223 1446 3264 cu·

179 3314 299 3389 pientes
323 3329 497 3388 precavere,
522 3314 593 3371 licet
616 3314 657 3372 ab
680 3314 759 3371 olim
781 3314 860 3372 inter
882 3330 938 3372 nos
961 3316 1002 3372 ab
1018 3330 1078 3373 una
1094 3319 1125 3373 et
1138 3313 1277 3389 prefatos
1293 3313 1444 3388 providos

178 3428 209 3478 et
225 3420 466 3493 circumspectos
482 3421 564 3477 viros
588 3421 680 3489 cives,
697 3421 814 3477 incolas
837 3427 867 3477 et
889 3421 1113 3479 inhabitatores
1136 3426 1283 3479 ettotam
1307 3435 1446 3478 commu·

177 3526 307 3585 nitatem
331 3527 412 3584 dicte
436 3526 569 3584 civitatis
590 3528 705 3584 montis
727 3525 890 3585 Greceusis
914 3527 952 3585 de
968 3528 1054 3585 iuxta
1076 3502 1270 3601 Zagrabiam,
1294 3532 1382 3601 parte
1405 3526 1446 3584 ab

177 3632 285 3703 altera,
302 3639 366 3690 tam
389 3638 534 3706 pretextu
557 3632 749 3703 iniuriarum,
773 3631 991 3706 dampnorum,
1014 3641 1280 3706 nocumentomm,
1296 3633 1445 3705 rixarum,

177 3738 472 3809 controversiarum,
496 3739 722 3796 dissensionum
746 3744 777 3797 et
799 3738 1050 3798 differenciarum
1075 3742 1222 3799 hactenus
1238 3747 1268 3798 et
1284 3740 1443 3812 hucusque

177 3844 473 3920 quomodocumque
496 3852 527 3903 et
549 3845 818 3919 qualitercumque
842 3852 872 3904 et
895 3862 951 3920 per
974 3862 1203 3920 quemcumque
1228 3844 1357 3904 modum
1380 3845 1443 3903 fac·

179 3959 292 4025 tarum,
315 3952 475 4010 illatarum
498 3957 528 4009 et
542 3957 744 4025 patratarum,
761 3966 856 4024 quam
872 3952 971 4010 eciam
987 3953 1149 4010 hominum
1166 3951 1445 4022 intertecciouibuS,

176 4059 459 4131 vulneracionibus,
472 4058 688 4117 membrorum
705 4058 966 4131 mutilaciouibus,
982 4058 1149 4116 domorum
1165 4057 1444 4129 combussionibus,

177 4166 267 4225 factis
290 4165 487 4240 potenciariis
509 4180 545 4222 ac
569 4164 638 4221 aliis
661 4164 826 4237 quibusvis
849 4165 1005 4223 malorum
1037 4164 1203 4236 generibus
1232 4178 1288 4237 per
1318 4162 1443 4221 eosdem

176 4273 269 4333 nobis
292 4278 322 4330 et
344 4273 457 4331 nostris
480 4287 578 4344 usque
601 4272 632 4328 in
656 4271 842 4330 hodiernum
865 4272 948 4330 diem
973 4272 1084 4346 quovis
1112 4270 1209 4328 modo
1239 4270 1383 4342 irrogatis
1413 4275 1444 4327 et

176 4379 353 4439 commissis
375 4384 406 4436 ct
428 4379 585 4451 signanter
608 4378 639 4435 in
662 4376 744 4435 facto
760 4379 1091 4436 excommunicacionis
1107 4375 1268 4434 cuiusdam
1284 4376 1437 4434 sentencie

176 4487 253 4546 olim
278 4502 334 4561 per
363 4483 494 4543 condam
526 4484 689 4542 dominum
718 4484 891 4566 Johanuem
923 4485 1105 4559 episcopum
1128 4484 1359 4556 aagrabiensem
1383 4495 1442 4556 pro

175 4600 266 4668 parte
296 4598 326 4649 et
355 4590 395 4649 ad
425 4591 607 4648 instanciam
638 4590 837 4649 dominorum
868 4605 927 4664 pro
957 4597 1030 4648 tunc
1053 4590 1091 4648 de
1115 4590 1198 4648 dicto
1221 4590 1368 4663 capitulo,
1386 4603 1443 4648 no·

175 4704 336 4772 stramque
359 4703 388 4755 et
404 4702 580 4754 nostrorum
597 4711 810 4754 successorum
826 4712 864 4755 ex
880 4698 1040 4770 premissis
1057 4697 1176 4757 iniuriis
1192 4702 1297 4755 contra
1313 4695 1441 4754 eosdem

174 4806 268 4875 cives,
292 4803 409 4862 incolas
439 4811 469 4860 et
499 4802 723 4860 inhabitatores
746 4816 781 4860 ac
802 4808 899 4860 totam
923 4803 1178 4861 communitatem
1201 4801 1283 4861 dicte
1306 4802 1440 4862 civitatis

175 4910 291 4969 montis
314 4908 475 4967 Grecensis
496 4909 560 4966 late
582 4915 612 4966 et
636 4907 800 4966 tulminate
822 4908 854 4967 in
877 4923 914 4966 eo
939 4907 1092 4980 videlicet,
1115 4914 1151 4966 ut
1172 4907 1232 4968 filii
1255 4907 1437 4970 eorumdem
