3278 5348
610 413 684 474 Dor,
708 425 777 471 120.
800 445 844 456 —
868 414 923 472 An.
948 407 1039 490 1438.
1403 416 1459 475 161

190 645 317 689 rumore
335 630 483 704 perteriti,
500 629 538 688 de
560 630 630 703 ipso
652 643 855 703 vesperarum
878 627 991 700 officio,
1015 628 1055 686 ad
1079 629 1164 702 quod
1187 628 1316 688 fuissent
1338 645 1464 702 congre·

189 737 262 809 gati,
286 735 329 794 ad
351 737 526 794 sacristiam
547 734 694 808 fugiendo
718 751 751 794 se
774 735 971 793 reclusissent
993 742 1023 792 et
1046 744 1219 793 ceterorum
1244 735 1404 793 hominum
1428 750 1464 793 ac

191 841 401 901 familiarium
424 841 556 900 condam
579 842 722 914 Dyonisii
745 842 819 900 bani
842 857 878 899 ac
900 841 1064 901 reverendi
1086 843 1117 899 in
1142 841 1265 900 Christo
1289 842 1386 915 patris
1410 841 1464 900 do-

188 948 268 1007 mini
303 948 444 1022 episcopi
478 948 607 1006 ecclesie
645 948 861 1021 zagrabiensis,
896 948 979 1020 regie
1014 954 1043 1005 et
1081 947 1229 1020 reginalis
1264 948 1461 1006 maiestatum

189 1055 330 1129 sumpmi
354 1053 541 1125 cancellarii,
564 1054 761 1127 aliorumque
783 1054 1007 1110 nonnullorum
1040 1054 1212 1127 proborum
1244 1059 1275 1111 et
1304 1054 1460 1112 nobilium

192 1162 345 1231 virorum,
380 1161 435 1234 qui
470 1159 510 1217 ad
541 1159 731 1233 premissum
760 1159 864 1217 forum
892 1160 1025 1218 annuale
1049 1160 1270 1230 convenissent,
1293 1159 1463 1218 furibundo

191 1265 348 1324 dictorum
371 1263 488 1323 civium
512 1279 641 1323 occursu
665 1281 698 1322 se
720 1264 854 1322 viriliter
877 1266 1106 1339 opponencium
1131 1265 1267 1339 presidio
1290 1271 1320 1323 et
1343 1266 1462 1324 auxilio

194 1371 324 1430 fuissent
347 1370 505 1442 defensati,
528 1386 636 1429 omues
659 1371 690 1428 in
714 1369 822 1428 eadem
847 1371 974 1429 eeclesia
998 1372 1115 1443 pariter
1137 1373 1307 1429 extitissent
1322 1369 1463 1445 jugulati.

193 1477 230 1535 Et
251 1492 316 1535 non
335 1478 471 1536 contenti
494 1477 627 1550 predicti
649 1478 733 1535 cives
756 1483 785 1534 et
808 1478 946 1550 hospites
970 1486 999 1534 et
1031 1478 1204 1550 presertim,
1233 1474 1266 1535 ut
1297 1477 1462 1551 prefertur,

192 1584 223 1643 in
245 1584 352 1659 platea
375 1588 517 1641 sutorum
540 1582 718 1654 residentes,
741 1583 882 1656 sequenti
905 1582 963 1650 die,
995 1582 1140 1640 videlicet
1171 1581 1246 1640 feria
1273 1585 1366 1641 tercia
1389 1599 1461 1658 pro·

193 1691 278 1748 xima
313 1694 387 1763 post
419 1689 533 1748 festum
568 1688 743 1763 predictum
778 1689 868 1746 beate
903 1689 1098 1759 Margarethe
1134 1689 1263 1761 virginis
1286 1689 1324 1746 ad
1349 1704 1461 1747 sonum

193 1810 352 1869 campane,
382 1802 417 1853 ut
447 1796 687 1865 consuevissent,
718 1794 757 1851 ad
788 1794 953 1851 consilium
984 1795 1163 1866 congregati
1197 1795 1377 1866 extitissent,
1401 1795 1461 1853 nisi

192 1917 247 1976 per
281 1901 361 1959 alios
396 1902 513 1975 probos
535 1901 685 1970 homines,
709 1901 823 1974 quibus
847 1900 932 1957 mala
955 1900 1132 1958 huiusmodi
1157 1900 1396 1974 displicuissent,
1420 1901 1460 1958 ab

192 2023 301 2066 eorum
336 2007 498 2082 proposito
533 2007 663 2066 fuissent
697 2007 857 2081 prohibiti,
893 2007 1040 2064 unimitcr
1074 2007 1113 2064 ad
1144 2007 1261 2064 dictum
1285 2007 1460 2080 capitulum

192 2114 340 2173 irruendo
371 2113 481 2172 domos
517 2118 548 2171 et
580 2113 702 2172 edificia
736 2113 963 2184 canonicorum,
996 2114 1093 2170 immo
1118 2119 1148 2171 et
1171 2114 1273 2186 ipsam
1297 2113 1458 2170 ecclesiam

190 2219 308 2279 furioso
344 2219 463 2294 impetu
486 2219 676 2291 invaderent,
711 2235 824 2293 resque
858 2224 888 2278 et
922 2220 1004 2276 bona
1038 2234 1073 2276 ac
1107 2220 1226 2276 litteras
1264 2225 1294 2276 et
1332 2218 1459 2292 privile·

191 2327 241 2398 gia
264 2332 330 2383 tam
355 2325 436 2383 dicte
466 2326 595 2383 ecclesie
627 2331 755 2398 tamque
788 2325 941 2383 nobilium
978 2331 1008 2383 et
1038 2326 1171 2382 aliorum
1193 2325 1356 2381 hominum
1381 2324 1459 2381 inibi

191 2431 338 2505 reposita,
362 2432 513 2504 sacrilega
536 2447 630 2489 manu
654 2432 771 2490 auffere
794 2437 823 2488 et
846 2437 1006 2505 asportare
1029 2447 1066 2488 ac
1088 2437 1188 2488 totum
1204 2429 1324 2487 clerum
1355 2430 1458 2487 interi·

188 2552 275 2596 mere
309 2537 502 2608 voluissent,
536 2537 678 2610 potencia
717 2535 893 2608 mediante,
928 2537 960 2593 in
993 2536 1201 2610 preiudicium
1240 2535 1337 2609 ipsius
1375 2536 1457 2608 capi·

189 2645 247 2703 tuli
282 2650 312 2701 et
346 2643 520 2718 dampnum
551 2643 625 2701 satis
658 2643 782 2715 grande.
821 2642 910 2702 Unde
945 2642 1027 2700 facta
1050 2642 1230 2700 huiusmodi
1253 2642 1456 2714 inquisicione

189 2751 249 2824 ipsi
273 2748 385 2808 eodem
416 2749 466 2807 die
496 2748 653 2824 predictos
684 2748 886 2824 Stephanum,
918 2749 1021 2806 filium
1051 2749 1221 2819 Michaelis,
1253 2747 1353 2822 proad
1384 2755 1457 2805 tunc

184 2854 330 2933 judicem,
353 2871 389 2914 ac
411 2856 605 2928 Michaelem,
636 2854 739 2914 filium
762 2854 943 2927 Sebastiani,
976 2856 1139 2924 Briccium,
1163 2855 1264 2912 filium
1289 2854 1454 2925 Benedicti,

187 2959 380 3022 Anthonium
402 2963 554 3033 Italicum,
586 2961 757 3035 Georgium
788 2971 956 3033 sartorem,
995 2962 1072 3019 alias
1109 2960 1242 3037 judices;
1281 2960 1454 3019 Fabianum

187 3069 367 3140 litteratum,
402 3068 530 3141 Fryche,
565 3067 745 3141 Georgium,
771 3068 874 3126 filium
897 3069 1059 3137 Francisci,
1084 3067 1230 3137 Blasium,
1254 3065 1356 3124 filium
1380 3067 1456 3140 Wy-

187 3175 317 3248 thezych
352 3172 471 3249 juratos
505 3180 535 3232 et
569 3174 649 3232 alios
683 3175 844 3232 universos
869 3179 898 3231 et
921 3173 1079 3247 quoslibet
1102 3174 1186 3230 cives
1210 3179 1239 3229 et
1261 3172 1397 3246 hospites
1420 3189 1456 3232 ac

188 3287 286 3339 totam
309 3281 565 3347 communitatem
590 3279 708 3355 prefate
732 3280 864 3338 civitatis
889 3281 1002 3337 montis
1025 3279 1187 3338 Grecensis
1210 3280 1240 3337 in
1275 3279 1384 3336 eadem
1414 3281 1455 3338 ci·

186 3387 282 3445 vitate
317 3387 430 3469 montis
461 3386 623 3445 Grecensis
657 3392 763 3444 contra
796 3393 978 3443 annotatum
1002 3388 1174 3458 capitulum
1200 3386 1327 3443 ecclesie
1350 3401 1455 3458 ragra-

188 3493 303 3552 biensis
327 3492 367 3551 ad
390 3497 515 3550 octavas
539 3491 609 3551 festi
632 3494 715 3550 beati
739 3492 864 3564 Georgii
882 3493 1027 3562 martiris,
1045 3499 1116 3549 tunc
1141 3499 1292 3562 venturas,
1316 3493 1346 3549 in
1371 3493 1455 3565 regie

187 3599 359 3658 serenitatis
373 3603 533 3657 vocassent
549 3598 749 3672 presenciam,
771 3601 926 3657 racionem
950 3598 988 3654 de
1012 3599 1172 3671 premissis
1194 3598 1380 3657 reddituros.
1404 3598 1455 3656 Ad

189 3705 396 3778 quasquidem
427 3711 552 3761 octavas
579 3703 648 3762 sesti
676 3706 758 3762 beati
787 3705 945 3762 Michaelis
972 3704 1150 3777 archangeli
1184 3701 1246 3779 (sic)
1275 3704 1387 3778 prefati
1422 3707 1453 3763 in

186 3825 312 3869 causam
331 3811 453 3869 attracti
477 3827 532 3883 per
555 3818 735 3868 annotatum
758 3817 992 3885 procuratorem
1017 3811 1091 3868 dicti
1115 3812 1243 3885 capituli
1268 3813 1297 3869 in
1321 3828 1453 3885 persona

184 3917 330 3990 congruis
353 3916 463 3974 diebus
486 3917 625 3991 ipsarum
649 3922 830 3975 octavarum
847 3933 952 3974 coram
968 3917 1077 3975 eodem
1102 3919 1213 3975 comite
1238 3919 1377 3974 Matheus
1401 3935 1452 3975 ex·

185 4023 310 4098 pectati,
327 4022 465 4081 eiusdem
488 4023 521 4080 in
544 4025 735 4096 presenciam
760 4039 821 4080 non
840 4025 1001 4094 venisseut,
1025 4040 1124 4097 neque
1149 4025 1310 4093 misissent,
1333 4040 1365 4079 se
1390 4041 1452 4080 rne-

189 4129 348 4187 diantibus
372 4129 441 4188 aliis
465 4129 576 4188 litteris
599 4129 735 4187 eiusdem
759 4129 959 4206 judicialibus
982 4131 1092 4188 exinde
1116 4129 1261 4187 consectis
1285 4130 1315 4185 iu
1337 4126 1452 4203 judicio

186 4235 353 4309 aggravari
382 4236 604 4310 permittentes,
637 4237 796 4310 postulans
831 4236 969 4310 prelatus
1003 4243 1186 4310 procurator
1218 4234 1291 4291 dieti
1322 4235 1452 4307 capituli

184 4341 286 4400 eidem
318 4357 356 4399 ex
379 4349 467 4417 parte
490 4350 736 4401 memoratorum
760 4344 790 4400 in
814 4359 938 4400 causam
969 4349 1170 4400 attractorum
1195 4358 1251 4415 per
1274 4342 1377 4413 ipsum
1402 4357 1451 4399 co·

183 4448 293 4506 mitem
317 4448 458 4506 Matheus
481 4449 512 4506 in
535 4450 695 4523 premissis
718 4447 796 4523 juris
820 4451 987 4522 equitatem
1012 4449 1174 4521 impertiri.
1206 4448 1243 4503 llt
1275 4447 1347 4518 quia
1379 4462 1449 4518 pre·

183 4552 241 4612 fati
264 4554 296 4612 in
329 4568 455 4612 causam
490 4556 612 4613 attracti
647 4554 686 4612 ad
721 4557 872 4629 premissa
908 4557 974 4612 vice
1010 4554 1191 4612 secundaria
1213 4552 1361 4610 evocandi
1385 4551 1452 4609 fore

184 4658 315 4719 fuissent
338 4661 406 4733 visi,
422 4677 481 4735 pro
501 4675 538 4719 eo
554 4668 691 4720 vestram
706 4663 879 4720 amiciciam
896 4662 977 4719 idem
995 4678 1098 4719 comes
1115 4661 1254 4717 Matheus
1271 4659 1451 4716 litteratorie

182 4767 329 4843 peciisset
351 4767 524 4840 diligenter,
549 4775 699 4842 quatenus
723 4776 862 4828 vestrum
880 4769 1010 4826 mittatis
1025 4768 1184 4826 hominem
1202 4782 1258 4840 pro
1275 4766 1450 4823 testimonio

180 4871 386 4948 fidedignum,
411 4889 473 4948 quo
497 4884 648 4950 presente,
683 4876 778 4933 homo
801 4876 905 4948 regius
930 4875 1010 4933 infra
1034 4874 1238 4932 declarandus
1262 4878 1450 4930 memoratos

1367 4993 1401 5035 ιι
