3278 5348
181 413 241 488 236
552 410 625 468 Dor.
649 419 714 486 173.
739 420 805 486 174.
835 440 874 452 -
898 408 954 466 An.
979 420 1067 486 1453.

778 620 859 689 1⁷3.

285 765 366 814 Anno
388 775 462 830 1453,
484 776 524 826 ²4·
545 763 668 827 Augusti.
690 763 816 813 Viennae.

210 900 213 907 '
286 893 412 952 Ulricus
435 892 533 951 Ciliae
556 908 660 951 comes
684 898 740 951 etc.
771 891 936 950 slavoniae
966 892 1075 964 banus,
1106 896 1191 950 tutor
1221 896 1251 949 et
1280 890 1443 949 advocatus

181 1000 329 1058 ecclesiae
352 1000 569 1073 zagrabiensis‚
602 999 721 1057 litteras
755 999 904 1082 Johannis
939 998 1079 1072 episcopi
1111 998 1321 1070 zagrabiensis
1355 997 1444 1056 conti·

177 1112 285 1165 nentes
307 1107 425 1165 litteras
447 1105 621 1163 Eberhardi
655 1120 750 1178 super
772 1104 900 1165 decimis
924 1104 1027 1178 campi
1057 1104 1276 1177 zagrabiensis,
1308 1119 1442 1177 praesen·

181 1218 259 1271 tatas
282 1213 344 1271 sibi
369 1228 426 1286 per
448 1213 574 1269 Petrum
598 1211 747 1270 lectorem
778 1210 1030 1268 varasdinensem
1061 1217 1091 1269 et
1114 1210 1298 1268 canonicum
1328 1209 1443 1268 varadi·

180 1334 306 1377 nensem
331 1326 361 1377 et
384 1318 615 1391 zagrabiensem
639 1324 669 1375 et
691 1318 842 1400 Joannem
867 1324 1025 1375 cantorem
1049 1317 1263 1375 chasmensem
1286 1315 1443 1374 confirmat

180 1425 326 1497 Viennae,
350 1424 474 1484 festos.
498 1424 735 1483 Bartholomaei.

286 1562 394 1626 Georgii
412 1561 584 1619 Marcelovid;
604 1563 731 1625 Regem,
750 1568 778 1610 ut
798 1576 883 1625 supra

774 1791 857 1859 174.

289 1953 370 2002 Anno
392 1964 438 2017 145
444 1965 466 2014 3,
486 1951 511 2004 6.
530 1952 650 2002 octobris.
672 1950 817 2014 Zugrabiae.

184 2081 213 2139 A
234 2080 385 2152 Mathoae,
419 2080 519 2137 abbate
555 2080 673 2156 Cysterc.
703 2079 832 2152 zagrab,
860 2085 972 2136 statuta
1000 2078 1151 2152 hospitalis
1179 2095 1201 2135 s,
1225 2075 1378 2136 Elisabeth
1401 2093 1445 2132 na

605 2187 681 2244 mina
700 2193 798 2260 papae
820 2185 1026 2258 approbantur.

288 2329 449 2387 Universis
472 2334 502 2387 et
514 2328 644 2401 singulis
660 2328 776 2386 Christi
791 2326 947 2398 fidelibus,
964 2327 1186 2399 cuiuscumque
1202 2331 1308 2399 status,
1323 2325 1448 2399 gradus,

182 2434 344 2508 dignitatis
369 2443 398 2493 et
422 2436 648 2510 preeminencie
671 2434 870 2492 ecclesiastici
902 2432 1048 2491 videlicet
1082 2439 1114 2491 et
1146 2432 1296 2491 secularis
1330 2448 1387 2506 per
1420 2437 1448 2489 et

182 2541 263 2599 inira
286 2543 444 2600 civitatem
468 2546 498 2599 et
521 2541 669 2600 diocesim
695 2541 925 2614 zagrabiensem
941 2545 994 2597 aut
1009 2539 1087 2597 alias
1103 2539 1294 2611 ubicumque
1310 2537 1449 2596 locorum

183 2649 243 2705 sint
266 2653 296 2704 et
319 2649 459 2720 existant,
484 2655 642 2721 presentes
665 2647 784 2704 litteras
799 2650 922 2703 nostras
937 2661 991 2703 seu
1006 2661 1134 2719 presens
1150 2645 1316 2718 publicum
1339 2644 1450 2702 instru-

183 2759 322 2812 mentum
344 2755 467 2826 visuris,
491 2754 682 2827 inspecturis,
704 2753 820 2826 pariter
847 2757 877 2809 et
892 2751 1044 2809 audituris
1067 2751 1200 2808 Mathias
1223 2750 1322 2808 abbas
1343 2764 1449 2808 mona·

186 2861 273 2918 sterii
297 2861 385 2918 beate
421 2861 517 2917 Marie
544 2860 683 2932 virginis,
717 2858 835 2916 ordinis
869 2858 1099 2931 cysterciensis,
1134 2858 1167 2915 in
1189 2871 1260 2915 area
1287 2855 1450 2931 capitulari

181 2968 378 3039 zagrabiensi
403 2966 531 3037 fundati,
556 2966 786 3024 commissarius
810 2970 840 3023 et
863 2971 1008 3023 executor
1031 2963 1071 3022 ad
1094 2963 1292 3038 infrascripta
1325 2978 1345 3021 a
1378 2962 1449 3021 sede

181 3074 355 3147 apostolica
379 3075 555 3147 specialiter
579 3073 752 3147 deputatus,
776 3053 909 3130 salutem
933 3072 963 3129 in
999 3070 1126 3130 domiuo
1161 3071 1385 3144 sempiternam
1420 3074 1449 3127 et
1500 3074 1519 3098 ⁹

184 3179 381 3254 presentibus
405 3179 500 3236 fidem
525 3180 688 3237 indubiam
712 3179 865 3236 exhibere.
888 3178 1021 3235 Litteras
1043 3177 1230 3236 sanctissimi
1258 3177 1293 3235 in
1322 3176 1446 3234 Christo

183 3286 281 3359 patris
304 3292 334 3341 et
357 3284 475 3342 domini
488 3287 593 3355 nostri,
615 3284 734 3342 domini
750 3284 877 3356 Nicolai,
891 3283 997 3341 divina
1013 3283 1214 3356 providencia
1236 3297 1319 3357 pape
1343 3281 1450 3356 quinti,

184 3393 248 3449 eius
272 3406 346 3447 vera
363 3390 451 3447 bulla
469 3391 618 3464 plumbea
642 3392 672 3448 in
690 3390 819 3449 cordula
835 3390 960 3463 canapis
977 3404 1064 3447 more
1079 3403 1208 3448 romane
1223 3389 1307 3447 curie
1330 3389 1451 3463 impen-

183 3495 267 3554 denti
291 3496 435 3566 bullataS,
458 3512 546 3553 sanas
566 3504 596 3554 et
618 3497 763 3570 inte-gras,
786 3512 849 3555 non
884 3497 1019 3567 viciatus,
1054 3510 1117 3553 non
1152 3496 1349 3567 cancellatas,
1388 3509 1449 3552 non

183 3604 319 3674 abrasas,
341 3619 396 3659 nec
420 3603 451 3659 in
474 3603 579 3675 aliqua
602 3605 648 3661 sui
672 3610 761 3678 parte
784 3609 951 3676 suspectas,
976 3602 1030 3660 sed
1053 3603 1140 3660 omni
1162 3616 1293 3675 prorsus
1316 3602 1397 3661 vicio
1419 3606 1449 3660 et

184 3710 357 3781 suspicione
380 3716 526 3780 carentes,
542 3711 632 3768 nobis
649 3726 704 3783 per
719 3709 926 3767 reverendum
941 3710 973 3766 in
1002 3708 1127 3767 Christo
1139 3714 1270 3782 patrem,
1288 3707 1451 3767 dominum

186 3815 395 3887 Benedictum,
419 3816 469 3873 dei
492 3823 521 3873 et
544 3817 714 3890 apostolice
744 3816 826 3873 sedis
850 3816 954 3888 gracia
989 3816 1173 3889 episcopum
1206 3814 1449 3887 zagrabiensem,

188 3922 395 3996 principalem
438 3923 469 3980 in
505 3923 581 3996 ipsis
616 3923 727 3980 litteris
761 3921 976 3996 principaliter
1008 3921 1212 3991 nominatum,
1249 3919 1299 3979 die
1334 3919 1449 3989 Martis,

184 4035 271 4086 sexta
294 4029 409 4086 mensis
431 4030 576 4100 octobris,
600 4043 707 4086 coram
729 4030 851 4086 notario
875 4028 1003 4102 publico
1027 4032 1057 4085 et
1081 4028 1211 4086 testibus
1241 4025 1449 4101 infrascriptis

186 4141 386 4209 presentatas,
410 4151 465 4192 nos
489 4152 560 4193 cum
584 4150 627 4205 ea,
660 4151 720 4209 qua
752 4135 852 4192 decuit
890 4134 1077 4206 reverencia,
1110 4133 1259 4192 noveritis
1295 4133 1448 4206 recepisse

183 4242 361 4300 huiusmodi
377 4244 435 4300 sub
453 4248 573 4300 tenore:
591 4237 682 4321 (Vide
697 4243 771 4300 Doc.
798 4255 868 4310 172.
884 4258 933 4298 an.
961 4255 1018 4315 145
1025 4254 1052 4314 3.
1076 4239 1126 4298 die
1145 4253 1192 4308 15.
1211 4232 1366 4315 Augusti).
1379 4239 1449 4296 Post

184 4348 446 4422 quarumquidem
469 4349 643 4406 litterarum
675 4348 917 4422 apostolicarum
948 4347 1212 4421 presentaciouem
1246 4360 1283 4404 ac
1314 4344 1449 4420 recepti·

184 4473 284 4529 onem,
308 4457 423 4514 suimus
448 4473 504 4529 per
538 4457 695 4531 prelatum
719 4455 881 4513 dominum
905 4454 1104 4512 Benedictum
1139 4452 1324 4525 episcopum
1347 4465 1449 4525 ragra-

184 4564 327 4621 blensem
350 4578 386 4620 ac
415 4569 570 4621 rectorem
593 4563 755 4636 hospitalis
780 4563 869 4620 beate
891 4561 1030 4619 Elisabet
1054 4559 1147 4618 vidue
1169 4559 1201 4618 in
1224 4573 1297 4616 area
1331 4559 1448 4631 capitu·

188 4670 249 4728 lari
272 4669 399 4739 fundati,
424 4669 529 4726 debita
552 4685 623 4726 cum
647 4669 795 4727 instancia
817 4669 966 4741 requisiti,
991 4674 1142 4741 quatenus
1164 4666 1205 4724 ad
1228 4666 1447 4725 execucionem

184 4776 338 4835 dictarum
361 4777 539 4834 litterarum
561 4776 804 4850 apostolicarum
827 4786 857 4834 et
878 4781 1092 4833 contentorum
1115 4775 1147 4832 in
1169 4773 1288 4832 eisdem
1301 4773 1388 4833 iuxta
1403 4773 1449 4847 ip·

185 4898 291 4941 sarum
314 4883 380 4940 vim
404 4891 433 4940 et
458 4882 592 4940 formam
616 4890 646 4939 et
670 4887 811 4940 tenorem
834 4883 1003 4956 procedere
1026 4881 1236 4954 dignaremur,
1259 4879 1324 4940 Nos
1354 4880 1448 4955 igitur
