3278 5348
187 447 248 520 428
481 444 554 502 Doc.
573 457 649 520 340.
668 458 740 519 341·
767 477 805 485 —
831 438 1134 519 An.1484-1485.

185 665 313 730 catores,
338 660 438 717 incole
468 655 601 718 civitatis
633 660 745 717 montis
768 658 930 717 Grecensis
953 674 991 715 er
1015 659 1142 731 antiqua
1165 659 1323 717 libertatis
1346 673 1452 717 eorum

186 766 384 841 prerogativa
394 767 478 824 iuxta
489 772 665 825 contentum
676 763 1069 840 privilegiorumdivorum
1079 766 1285 838 regumregni
1296 766 1453 839 Hungarie

185 888 221 930 ac
243 873 339 930 eciam
375 873 513 932 mcderni
546 866 664 930 domini
694 874 792 931 nostri
820 872 912 945 regis,
943 887 1060 930 necnon
1084 871 1326 945 magnificorum
1352 871 1449 929 domi·

183 994 296 1037 norum
320 979 480 1037 Michaelis
501 980 601 1052 Orzag
624 978 662 1037 de
685 978 788 1050 thh‚
805 978 878 1037 dicti
895 980 980 1051 regni
998 978 1155 1050 Hungarie
1172 978 1313 1051 palatini,
1332 992 1446 1036 necnon

183 1085 305 1142 comitis
335 1085 483 1160 Stephani
512 1086 550 1144 de
582 1087 703 1156 Bathor,
727 1086 836 1144 iudicis
859 1086 943 1143 curie
966 1086 1064 1158 ipsius
1087 1084 1205 1142 domini
1229 1086 1330 1143 nostri
1356 1086 1443 1159 regis,

184 1191 358 1249 litterarum
389 1191 684 1250 adiudicatoriarum
717 1207 774 1265 pro
802 1198 889 1265 parte
921 1190 1103 1249 eorumdem
1127 1191 1345 1249 communitati
1370 1192 1447 1250 dicte

185 1297 317 1355 civitatis
348 1298 462 1355 montis
491 1296 653 1355 Grecensis
683 1302 905 1367 emanatarum,
929 1298 969 1354 ab
992 1299 1077 1355 omni
1100 1297 1259 1354 solucione
1282 1298 1447 1355 tributaria

185 1403 319 1460 ubilibet
342 1419 398 1476 per
421 1404 575 1461 ambitum
599 1420 653 1462 sue
677 1405 846 1462 maiestatis
869 1404 1006 1477 exempti
1037 1404 1097 1461 sint
1120 1409 1149 1460 et
1173 1405 1361 1477 supportati,
1384 1405 1448 1479 ipse

185 1523 309 1581 quoque
340 1508 483 1566 dominus
513 1514 617 1567 noster
649 1526 703 1568 rex
734 1525 805 1568 suas
829 1526 885 1584 per
907 1510 1026 1568 litteras
1049 1508 1228 1567 firmissime
1252 1511 1343 1568 nobis
1367 1526 1449 1568 man·

184 1613 279 1684 davit,
303 1621 335 1671 ut
359 1615 475 1672 tributa
498 1615 562 1683 illa,
579 1617 610 1674 in
627 1617 741 1689 quibus
757 1613 906 1674 libertatis
923 1615 1104 1673 eorumdem
1121 1614 1238 1673 civium
1255 1617 1444 1675 contrarium

184 1720 280 1790 fieret,
305 1728 339 1777 ut
361 1737 417 1794 per
445 1721 572 1779 eosdem
603 1724 686 1781 cives
716 1724 818 1795 regios
841 1722 991 1780 tributum
1017 1727 1261 1795 extorqueretur,
1286 1724 1373 1781 illico
1394 1738 1448 1797 pro

184 1841 239 1884 sua
263 1828 422 1885 maiestate
452 1842 605 1902 occupare
637 1829 829 1887 deberemus.
862 1829 1016 1886 Volumus
1047 1827 1180 1901 denique
1203 1828 1236 1886 id
1267 1829 1299 1887 in
1323 1828 1399 1888 foris
1420 1837 1448 1887 et

184 1933 253 1990 aliis
277 1934 354 1990 locis
377 1933 599 1992 nundinalibus
631 1935 756 2009 publice
780 1941 810 1992 et
835 1934 994 1992 manifeste
1025 1935 1221 2007 proclamari.
1253 1935 1447 1994 Presentibus

185 2039 339 2112 perlectis
363 2040 521 2099 exhibenti
544 2043 700 2099 restitutis.
724 2042 840 2098 Datum
864 2040 1013 2113 Zagrabie
1037 2039 1114 2098 feria
1138 2048 1224 2098 sexta
1247 2047 1320 2099 ante
1336 2040 1445 2099 festum

185 2145 267 2204 beati
284 2146 406 2204 Nicolai
422 2146 569 2220 episcopi.
586 2149 676 2205 Anno
693 2147 809 2206 domini
829 2147 995 2204 millesimo
1017 2147 1324 2220 quadringentesimo
1347 2157 1448 2206 octua-

184 2253 302 2324 gesimo
327 2247 472 2331 (querito.

290 2390 423 2453 Originale
442 2391 469 2439 in
489 2392 585 2443 charta.
606 2393 637 2440 In
657 2392 771 2456 margine
789 2391 904 2440 inferiori
917 2391 1070 2454 impressum
1083 2397 1122 2439 est
1139 2390 1263 2454 sigillum.
1283 2392 1316 2440 Irt
1335 2392 1445 2441 archivio

184 2478 229 2530 lib.
250 2495 293 2542 reg
321 2481 391 2530 civit.
411 2480 511 2542 zagrab.

785 2709 878 2774 340.

291 2850 370 2898 Anno
392 2852 466 2915 1485,
489 2851 528 2900 16.
549 2853 710 2916 septembris.
731 2851 876 2914 Zagrabiae.

185 2959 333 3019 Statutum
362 2963 484 3034 capituli
511 2961 545 3019 de
575 2963 674 3019 solidis
703 2960 740 3018 ab
771 2978 939 3035 unoquoque
962 2960 1097 3017 canonico
1119 2962 1275 3035 quotannis
1298 2969 1445 3035 compano·

700 3071 757 3126 tori
778 3068 925 3124 solvendis.

202 3181 207 3192 ’
288 3213 379 3269 Anno
402 3212 520 3270 domini
548 3213 639 3287 1485.
663 3212 739 3270 feria
762 3215 847 3271 sexta
871 3217 942 3286 post
965 3210 1077 3270 festum
1102 3212 1314 3270 Exaltacionis
1346 3218 1444 3271 sancte

183 3321 290 3391 crucis,
326 3319 505 3377 conclusum
529 3326 575 3378 est
610 3320 830 3394 capitulariter,
864 3318 947 3392 quod
980 3319 1120 3393 pulsator
1151 3319 1217 3376 sive
1248 3326 1445 3394 campanator

183 3427 276 3484 huius
301 3426 383 3483 alme
407 3426 535 3484 ecclesie
559 3442 576 3483 a
600 3427 742 3499 quolibet
765 3426 891 3483 absente
908 3426 1021 3483 habeat
1037 3425 1163 3497 triginta
1179 3426 1317 3498 quinque
1332 3424 1445 3483 solidos

181 3532 262 3590 inira
285 3547 399 3590 annum
422 3549 460 3589 ex
484 3538 571 3605 parte
584 3533 733 3590 offertorii
751 3538 780 3589 et
796 3546 875 3604 aque
892 3531 1051 3589 benedicte
1067 3530 1177 3588 diebus
1195 3530 1442 3601 dominicalibus,

182 3645 212 3698 et
243 3645 361 3709 cetera;
395 3640 420 3695 si
455 3646 558 3695 autem
582 3639 767 3711 contingerit
800 3636 937 3710 aliquem
961 3638 1062 3695 facere
1085 3638 1238 3695 minorem
1263 3638 1445 3708 absenciam‚

182 3746 282 3818 posita
307 3762 374 3815 una,
398 3744 567 3801 secundum
591 3746 746 3802 racionem
769 3744 873 3802 minus
896 3744 995 3802 eidem
1020 3745 1130 3801 solvat.

288 3882 364 3930 Liber
383 3881 475 3928 rubeus
495 3897 551 3930 ven.
573 3882 656 3945 Capit.
676 3882 776 3944 zagrab.
797 3883 828 3928 In
847 3881 943 3929 archiv.
964 3880 1024 3930 incl.
1045 3880 1129 3928 Acad.
1150 3880 1238 3928 Scient
1268 3881 1338 3933 Slav.
1359 3880 1443 3930 merid.

773 4093 855 4158 341.

288 4215 368 4261 Anno
391 4215 463 4275 1486,
485 4216 508 4264 8.
530 4214 626 4278 aprilis.
648 4217 744 4267 Budae.

181 4322 326 4391 Mafftias,
350 4325 526 4397 Hungum'oe
549 4333 598 4385 etc.
621 4345 683 4396 rex,
708 4328 832 4399 capitulo
849 4327 1001 4399 praecipit
1024 4333 1057 4381 ut
1077 4324 1252 4398 Gregorricm
1275 4325 1311 4382 dc
1335 4324 1447 4383 Stubica

370 4432 400 4488 in
423 4432 496 4489 solis
511 4432 626 4505 fodinis
641 4433 855 4507 perquirendis,
879 4431 1102 4506 aperiendoque,
1125 4427 1256 4508 aaez'J'tcvet.

884 4571 1038 4620 Commissio
1058 4570 1161 4634 propria
1180 4569 1280 4619 domini
1299 4570 1375 4633 regis.

287 4683 418 4740 llathias
453 4684 501 4740 dei
537 4686 640 4756 gracia
670 4702 724 4742 rex
756 4685 922 4757 Hungarie,
959 4684 1106 4741 Bohemie
1135 4687 1191 4740 etc.
1229 4681 1447 4750 Honorabiles,

181 4787 290 4847 fideles
314 4791 403 4847 nobis
426 4789 538 4847 dilecti.
563 4790 828 4848 Commiseramus
851 4807 951 4865 nuper
974 4790 1074 4848 nobili
1106 4787 1260 4862 Gregorio
1283 4787 1323 4846 de
1346 4787 1448 4846 Zthw·

144 4895 149 4904 “
181 4894 285 4967 bycza,
310 4903 343 4953 ut
366 4896 486 4975 ipsein
509 4896 599 4953 bonis
621 4901 652 4953 et
677 4897 839 4955 territoriis
863 4896 1078 4969 quorumlibet
1105 4893 1337 4968 regnicolarum
1362 4891 1448 4967 regni
