3278 5348
725 405 918 476 Argumenta.
1309 407 1463 466 CCXXIX

1382 628 1464 679 Pagina

304 717 367 764 quae
394 701 474 751 Sudid
501 701 564 751 civis
590 717 654 751 uxor
678 701 736 758 suit,
762 702 889 764 Gregorio
914 702 1023 758 cuidam,
1043 701 1087 764 qni
1107 718 1134 750 se
1159 704 1213 766 ejus
1240 711 1360 767 nepotem

304 793 405 847 fatetur,
425 791 627 840 administranda
647 791 731 839 tradat
737 811 1353 831 ···································
1416 803 1465 854 ²07

227 877 279 936 150.
305 881 383 928 Anno
406 887 481 943 1450,
502 890 544 928 20.
564 878 685 942 Augusti.
706 879 853 943 Zagrabiae.
875 877 987 934 Ultimus,
1013 893 1099 926 comes
1118 878 1207 926 Ciieae
1224 886 1250 926 et
1268 879 1358 935 banus,

303 969 329 1016 in
356 982 442 1024 causa,
470 982 537 1030 quae
564 968 631 1016 inter
659 968 828 1030 Henningum
854 974 880 1014 et
906 967 1114 1014 communitatem
1133 967 1245 1015 civitatis
1265 965 1358 1017 montis

305 1056 442 1105 Grecensis
460 1057 553 1119 agitur,
572 1056 641 1105 diem
660 1057 827 1105 constitutam
846 1061 968 1120 prorogat
987 1079 1349 1094 ·····················

206 1141 275 1199 ¹51.
305 1144 378 1193 Circa
406 1160 448 1195 an.
479 1156 553 1208 1450,
579 1155 620 1193 21.
652 1144 813 1210 septembris.
848 1143 938 1194 Ciliae,
967 1142 1072 1191 Uiricus
1105 1157 1190 1191 comes
1220 1141 1307 1191 Ciieae
1334 1148 1359 1190 et

305 1232 394 1289 banus,
414 1233 547 1282 comitatui
567 1233 682 1282 crisiensi
702 1233 836 1298 praecipit,
856 1239 882 1280 ut
903 1247 1013 1287 causum,
1039 1247 1105 1293 quae
1132 1231 1198 1279 inter
1217 1230 1357 1294 capitulum

303 1321 476 1384 zagrabiense,
496 1321 758 1384 communitatemque
777 1321 889 1370 civitatis
908 1321 1003 1368 montis
1022 1319 1160 1368 Grecensis
1180 1321 1212 1367 de
1231 1320 1359 1368 sedecima

304 1410 355 1458 vini
381 1417 408 1457 et
432 1411 535 1473 frugum
561 1411 588 1458 in
608 1410 738 1459 territorio
756 1408 868 1459 civitatis
886 1408 981 1457 montis
1001 1408 1138 1457 Grecensis
1157 1409 1358 1457 excrescentium

302 1498 395 1560 agitur,
415 1497 448 1545 ad
468 1496 545 1546 finem
564 1498 676 1546 adducat
682 1523 760 1537 ·····
772 1535 778 1546 .
790 1521 1353 1536 ································

182 1578 273 1641 ¹52.
306 1587 385 1634 Anno
407 1598 482 1652 1450,
502 1585 527 1642 6,
546 1586 669 1638 octobris.
690 1585 840 1649 Zagrabiae.
860 1584 1038 1634 communitas
1057 1585 1167 1633 civitatis
1187 1584 1281 1633 montis
1295 1585 1358 1632 Gre-

305 1676 396 1732 censis‚
426 1675 588 1724 Fridcricnm
615 1675 711 1723 bunum
739 1681 820 1737 rogat,
848 1680 877 1722 ut
905 1674 1022 1737 Heningi
1050 1673 1082 1720 de
1112 1689 1177 1721 nova
1201 1673 1243 1721 via
1261 1671 1359 1720 munita

309 1764 479 1812 accusationis
499 1763 638 1829 exemplar,
658 1763 708 1813 sibi
727 1764 818 1812 edatur
830 1786 1354 1803 ······························
1415 1772 1429 1808 2

184 1846 275 1914 ¹53.
308 1853 388 1900 Anno
411 1865 485 1917 1450,
520 1865 560 1914 24,
586 1853 706 1903 octobris.
735 1852 882 1915 Zugrabiue.
910 1852 1057 1900 Fridericus
1082 1852 1163 1899 banus
1189 1849 1303 1914 capitulo
1322 1865 1360 1897 za·

305 1941 434 2003 grabiensi
454 1942 565 1997 mandat,
585 1949 614 1989 ut
633 1941 792 2004 Heningum,
812 1941 857 2003 qui
876 1941 997 1989 adversus
1022 1941 1230 1988 communitatem
1249 1939 1360 1986 civitatis

305 2030 399 2078 montis
429 2030 567 2078 Grecensis
596 2029 668 2078 litem
697 2045 775 2093 agens
803 2029 845 2078 die
864 2030 1003 2078 constituta
1020 2029 1048 2077 in
1065 2029 1192 2093 judicium
1212 2040 1263 2076 non
1281 2027 1359 2084 venit,

307 2118 425 2167 mulctam
446 2119 576 2175 minitans,
594 2119 621 2168 in
638 2120 681 2182 ius
700 2120 762 2168 citet
772 2143 1351 2158 ·································

195 2207 214 2246 ¹
229 2220 279 2273 54.
311 2209 391 2256 Anno
422 2219 496 2272 1450,
526 2207 567 2258 26.
597 2207 716 2258 octobris.
743 2209 890 2270 Zagrabiae.
920 2209 1068 2256 Fridericus
1096 2208 1178 2255 banus
1207 2206 1303 2261 statuit,
1332 2212 1358 2252 ut

309 2296 446 2360 Heuingus
466 2297 505 2345 sui
523 2296 588 2360 juris
608 2296 698 2345 tributi
717 2313 733 2345 a
751 2297 851 2345 civibus
870 2297 965 2347 montis
984 2297 1123 2346 Greceusis
1143 2295 1263 2358 exigendi
1284 2294 1356 2341 testi·

307 2385 400 2441 monia,
420 2385 442 2433 si
461 2384 564 2440 habeut,
583 2385 616 2434 a'd
633 2385 746 2449 judicem
765 2383 856 2434 afferat
863 2406 1352 2423 ····························

192 2474 275 2539 155.
306 2473 387 2522 Auno
417 2473 492 2538 1456,
522 2486 562 2536 30.
590 2474 710 2523 octobris.
739 2474 887 2536 Zagrabiae.
917 2472 1009 2522 Coram
1038 2472 1152 2536 capitulo
1171 2471 1271 2534 zagrab.
1291 2485 1360 2518 com·

305 2562 416 2610 munitas
435 2562 547 2610 civitatis
566 2563 661 2611 montis
681 2562 818 2611 Grecensis
836 2563 945 2610 occurrit
973 2562 1124 2625 Heningum
1149 2557 1296 2624 abjudicata
1315 2559 1359 2607 tri·

306 2649 369 2697 buta
387 2665 401 2697 a
421 2666 448 2697 se
466 2650 522 2714 ipsa
539 2650 654 2713 flagitare
671 2672 1356 2690 ·······································

202 2738 278 2803 156.
309 2739 389 2786 Anno
412 2750 486 2803 1450,
507 2751 540 2799 29
567 2740 724 2791 novembris.
745 2740 893 2804 Zagrabiae.
920 2738 1067 2804 Capitulum
1088 2737 1188 2802 zagrab.
1211 2737 1360 2799 Heningum

302 2828 342 2874 de
362 2828 443 2877 Sused
462 2828 489 2876 in
508 2829 568 2877 bani
585 2830 701 2893 judicum
714 2837 843 2888 ,vocaturn
869 2845 925 2877 esse
951 2813 1083 2878 Friderico
1102 2828 1170 2876 bano
1190 2827 1303 2875 nuntiat·
1316 2851 1320 2861 ·
1333 2850 1356 2862 ··

213 2939 280 2999 ¹57·
302 2934 382 2982 Anno
405 2945 480 2998 1451,
503 2947 541 2994 19.
562 2936 622 2984 maii
649 2935 797 2998 Zagrabiae.
817 2935 909 2984 Coram
928 2936 1062 2984 Friderico
1081 2935 1148 2982 bano
1162 2940 1187 2981 et
1201 2933 1272 2995 regni
1287 2930 1359 2979 nobi·

311 3021 379 3070 libus
410 3025 580 3073 communitas
617 3024 728 3073 civitatis
758 3025 853 3073 montis
890 3025 1029 3072 Grecensis
1059 3023 1268 3071 intercessionem
1299 3020 1360 3069 facit

315 3112 440 3174 Heningo
459 3113 491 3160 de
510 3112 601 3170 Snsed,
620 3113 666 3176 qni
683 3114 735 3177 jam
754 3113 795 3162 bis
813 3114 1006 3169 condemnatus,
1023 3128 1037 3160 a
1056 3112 1156 3161 civibus
1174 3111 1298 3159 tributum
1317 3124 1363 3173 pro

309 3211 392 3248 merce
412 3200 510 3264 flagitat
529 3222 1357 3241 ···············································

218 3289 280 3353 158.
309 3288 389 3338 Anno
420 3299 495 3354 1451,
524 3290 563 3339 28.
594 3290 664 3343 maii.
693 3291 843 3353 Zagrabiue.
877 3293 1006 3340 Martinus
1034 3291 1125 3354 Cipsar
1154 3289 1362 3338 communitatem

308 3377 419 3427 civitatis
437 3379 532 3428 montis
552 3379 689 3429 Grecensis
704 3395 750 3444 pro
763 3380 840 3429 domo
853 3387 878 3428 et
891 3381 967 3443 agris,
982 3395 1046 3443 quos
1060 3385 1195 3442 empserat,
1210 3378 1251 3435 96.
1266 3389 1362 3424 marcas

309 3466 472 3515 denariorum
491 3467 542 3516 sibi
560 3467 669 3517 solvisse
688 3484 772 3517 coram
791 3468 905 3532 capitulo
924 3468 1083 3531 zagrubiensi
1103 3483 1164 3531 prae
1185 3483 1212 3514 se
1231 3467 1279 3513 sert

226 3579 282 3634 159.
313 3573 393 3621 Anno
415 3582 489 3637 1451,
512 3585 550 3636 17.
580 3574 703 3636 Augusti.
733 3574 880 3638 Zugrnbiae.
911 3551 1100 3623 communitate
1128 3573 1240 3621 civitatis
1268 3569 1362 3618 montis

312 3660 450 3710 Grecensis
481 3669 609 3725 precante,
642 3662 779 3711 comitatus
810 3663 983 3725 zagrabiensis
1015 3663 1184 3725 inquisitione
1214 3659 1361 3713 constituta,

312 3750 463 3812 Heuingum
482 3751 533 3798 iam
552 3751 758 3809 condemnatum,
777 3767 793 3799 a
811 3751 995 3800 mercatoribus
1011 3750 1220 3814 zagrabiensibus
1239 3747 1362 3795 tributum

314 3851 451 3900 exposcere
469 3838 565 3902 reperit
577 3864 708 3877 ········
723 3868 726 3873 >
738 3859 1353 3878 ···································

229 3942 284 3993 160.
312 3943 392 3991 Anno
421 3955 496 4008 1451,
522 3956 562 4008 25.
587 3944 710 3995 octobris.
736 3946 883 4009 Zagrabiae.
904 3946 996 3994 Coram
1015 3947 1114 3994 notario
1134 3944 1239 4008 publico
1258 3940 1361 3990 Helena

314 4032 448 4093 quaedam,
468 4032 575 4095 Georgii
594 4041 619 4080 et
636 4033 761 4098 Stephani
781 4035 969 4097 canonicorum,
982 4036 1086 4091 coctrir,
1106 4034 1220 4096 quinque
1239 4044 1363 4078 annorum

311 4120 363 4183 jam
391 4136 442 4169 non
471 4128 603 4186 acceptum
635 4130 756 4184 questum
787 4138 869 4180 suum,
901 4123 1144 4187 praebendariorum
1176 4120 1287 4182 collegio
1317 4132 1363 4182 pro

311 4209 410 4257 animm
429 4224 490 4258 suae
509 4218 696 4275 parentumque
716 4226 819 4260 suorum
839 4211 922 4260 salute
941 4213 1008 4259 dono
1028 4212 1071 4259 dat
1102 4232 1356 4248 ···············

231 4315 286 4365 161.
314 4319 389 4365 Anno
411 4329 486 4381 1452,
507 4329 530 4369 2.
548 4317 678 4369 februarii.
699 4318 846 4382 Zagrabiae.
867 4319 958 4368 Coram
980 4319 1094 4373 Urbano,
1115 4316 1203 4365 villico
1223 4315 1273 4363 vici
1293 4314 1363 4362 Lati·

315 4420 413 4463 norum,
438 4404 536 4454 Ursula
560 4407 664 4455 domina
691 4414 716 4455 et
745 4407 836 4463 Givan,
863 4409 931 4456 cives
957 4407 1067 4455 civitatis
1095 4405 1189 4454 montis
1218 4403 1363 4459 (trecensis,

314 4493 436 4543 Andreae
454 4495 577 4544 canonico
596 4502 688 4544 terram
708 4511 778 4544 suam
798 4495 921 4549 arabilem
941 4496 1055 4557 quinque
1076 4494 1130 4544 1101.
1145 4493 1199 4541 auri
1214 4493 1357 4540 vendunt·
1416 4491 1419 4495 ’

232 4600 286 4653 162.
315 4602 395 4651 Anno
418 4612 492 4666 1452,
515 4612 556 4663 29.
584 4601 654 4652 maii.
674 4601 821 4665 Zagrabiae.
847 4603 1017 4664 Legationum
1042 4601 1290 4649 testamentariarum
1309 4613 1324 4644 a
1343 4613 1362 4647 s.

313 4690 395 4739 Marci
413 4688 575 4756 parochianis
594 4690 750 4738 monasterio
775 4689 984 4739 cisterciensium
1003 4689 1104 4751 zagmb.
1125 4688 1257 4748 factunm,
1279 4686 1364 4750 portio

311 4778 434 4828 canoniea
452 4777 572 4843 parochis
591 4793 611 4831 s.
632 4777 716 4827 Marci
734 4779 762 4827 in
781 4779 884 4827 civitate
903 4777 1094 4826 communitatis
1114 4777 1207 4824 montis
1227 4774 1365 4824 (itacensis

314 4881 331 4914 a
348 4866 491 4916 Beuedicto
507 4867 631 4932 episcopo
650 4865 779 4915 addicitur
797 4890 1034 4906 ··············
1048 4900 1051 4904 Α
1065 4888 1213 4903 ·········
1221 4853 1224 4856 ⁴
1227 4887 1358 4901 ········
1421 4871 1470 4908 220
