3278 5348
185 438 242 511 198

607 437 771 512 Boon-12.
800 469 833 477 -
864 437 919 493 An.
945 446 1033 512 1447.

185 650 370 707 auctoritate
393 654 499 708 nostra
528 649 693 721 ordinaria,
728 664 790 722 qua
825 649 994 722 fungimur,
1024 652 1123 709 eciam
1157 653 1184 710 si
1214 667 1340 710 necesse
1360 651 1438 720 foret,

181 755 284 813 denuo
306 762 337 812 et
359 771 438 813 nove
469 761 573 813 nostre
595 755 801 813 concessionis
824 756 915 814 titulo
938 756 977 814 de
1000 758 1104 829 gracia
1127 758 1259 830 speciali
1282 757 1392 814 damus
1413 764 1440 814 et

180 861 378 920 concedimus
413 863 660 920 irrevocabiliter
683 861 721 920 de
745 862 874 934 singulis
896 876 1004 920 eorum
1027 863 1117 920 bonis
1139 864 1206 921 sive
1228 863 1267 921 de
1291 863 1442 922 beneficiis

181 967 362 1025 eorumdem
386 970 452 1025 sive
474 969 544 1026 aliis
566 968 787 1041 qualicumque
818 967 912 1025 modo
939 969 1099 1041 acquisitis
1121 974 1151 1027 et
1183 970 1310 1040 habitis,
1339 971 1441 1043 eisque

181 1083 211 1133 et
235 1091 344 1133 eorum
367 1077 496 1133 cuilibet
518 1092 535 1132 a
560 1075 618 1133 deo
640 1075 763 1133 collatis
786 1075 958 1132 mobilibus
982 1076 1127 1134 videlicet
1157 1084 1189 1134 et
1228 1077 1444 1135 immobilibus

182 1182 212 1237 in
239 1182 302 1238 vita
327 1182 442 1254 pariter
476 1187 506 1238 et
529 1183 560 1238 in
585 1186 685 1237 morte
710 1187 773 1238 tam
797 1196 815 1237 a
838 1179 906 1256 jure
929 1197 1025 1254 quam
1048 1183 1089 1239 ab
1111 1183 1237 1240 homine
1260 1197 1443 1252 concessam,

183 1287 313 1344 testandi
337 1295 366 1344 et
389 1292 607 1345 testamentum
631 1303 683 1344 seu
708 1287 851 1345 ultimam
876 1289 1067 1345 voluntatem
1092 1287 1224 1346 faciendi
1248 1295 1279 1346 et
1298 1288 1447 1347 condendi

181 1391 269 1468 juxta
292 1393 432 1466 ipsorum
455 1393 581 1451 libitum
605 1393 773 1450 voluntatis
798 1393 970 1467 plenariam
993 1402 1024 1451 et
1046 1394 1260 1452 omnimodam
1288 1395 1447 1469 potestatis

183 1499 378 1568 facultatem;
394 1500 532 1571 singulas
556 1500 674 1556 litteras
698 1505 874 1557 nostrorum
900 1501 1153 1574 predecessorum
1178 1501 1393 1575 predictorum
1416 1508 1447 1559 et

183 1606 292 1679 quevis
314 1605 376 1663 alia
410 1606 551 1678 ipsorum
585 1606 776 1662 munimenta
811 1605 915 1677 quoad
949 1620 1057 1665 omnes
1079 1615 1110 1665 et
1144 1608 1283 1680 singulas
1304 1609 1445 1682 ipsorum

183 1712 347 1773 clausulas.
370 1712 576 1768 continencias
599 1717 629 1767 et
659 1716 780 1768 tenores
803 1712 834 1768 in
856 1712 916 1770 hiis
932 1719 962 1770 et
977 1728 1071 1786 super
1094 1714 1153 1771 hiis
1177 1714 1447 1788 qualitercumque

184 1817 273 1875 factis
296 1834 442 1891 expresse
465 1825 494 1873 et
519 1835 556 1873 ex
580 1822 663 1874 certa
686 1824 790 1874 nostra
813 1818 943 1875 sciencia
977 1821 1158 1877 innovantes
1192 1821 1223 1877 in
1258 1827 1445 1895 perpetuum

184 1925 335 1982 valituras
370 1923 599 1980 confirmamus.
623 1924 744 1980 llarum
777 1928 953 1980 nostrarum
978 1925 1086 1996 vigore
1120 1931 1150 1982 et
1185 1926 1364 1984 testimonio
1400 1927 1446 1984 lit·

184 2037 331 2101 terarum,
371 2029 467 2101 sigilli
490 2031 587 2086 nostri
621 2030 810 2102 appensione
833 2030 1060 2088 roboratarum.
1094 2031 1211 2088 Datum
1246 2032 1398 2105 Zagrabie
1417 2033 1447 2090 in

183 2136 305 2209 palacio
328 2144 433 2192 nostro
456 2135 635 2208 episcopali,
660 2135 750 2191 solite
773 2140 877 2192 nostre
901 2136 1113 2207 habitacionis,
1129 2137 1160 2194 in
1185 2136 1265 2195 festo
1288 2138 1447 2197 circumci-

185 2241 281 2299 sionis
304 2241 443 2298 Domini.
467 2242 557 2297 Anno
579 2238 717 2297 eiusdem
742 2241 912 2298 millesimo
946 2241 1253 2315 quadringentesimo
1276 2244 1447 2317 quadrage·

183 2348 263 2406 simo
286 2354 383 2405 sexto.

289 2501 423 2564 Originale
440 2502 467 2550 in
486 2502 640 2553 membrana.
661 2500 781 2565 Sigillum
801 2501 885 2564 periit,
904 2515 968 2549 zona
987 2502 1084 2550 sericea
1102 2501 1214 2552 caerulei
1232 2503 1328 2553 coloris
1346 2503 1445 2570 pendet.

180 2594 213 2640 In
231 2591 300 2642 arch.
319 2607 376 2640 ven.
394 2591 480 2654 Capit.
500 2591 601 2653 zagrab.
620 2591 674 2638 Act
701 2605 756 2654 cap.
775 2595 827 2637 aut.
847 2589 907 2638 fasc.
929 2601 952 2639 2.
972 2605 1009 2641 nr.
1030 2601 1054 2650 3.
1080 2589 1190 2640 Farlatti
1205 2590 1272 2644 Illir.
1292 2608 1357 2644 sacr.
1375 2594 1447 2644 Tou.

181 2682 427 2745 imma

771 2856 854 2920 142.

286 3017 366 3064 Anno
389 3028 462 3078 1447,
483 3028 523 3066 20.
543 3016 611 3065 rnnii.
633 3016 779 3079 Zagrobiae.

187 3146 350 3219 Capitulum
387 3145 573 3216 zqrrrabiense
604 3146 715 3201 litteras
745 3145 897 3215 Demetrii,
929 3147 1053 3218 episcopi
1080 3147 1219 3215 tt'm'enst's,
1253 3147 1289 3204 de
1319 3166 1375 3205 sua
1409 3147 1449 3204 ad

180 3252 371 3324 cpz'scopatmn
413 3251 625 3323 zagrcrbiensem
665 3251 856 3308 translatione
890 3251 990 3309 curtae
1026 3270 1165 3309 romanae
1198 3251 1323 3325 missas,
1347 3256 1447 3331 falsas

752 3357 887 3413 declarat.

287 3500 465 3557 Beatissime
491 3508 578 3572 pater
594 3506 623 3556 et
640 3500 879 3558 clementissime
895 3501 1028 3558 domine.
1053 3502 1124 3559 Post
1140 3503 1294 3561 humilem
1310 3509 1448 3563 nostram

181 3605 521 3663 recommendacionem
545 3607 629 3663 omni
653 3607 837 3664 sinceritatis
860 3614 890 3663 et
918 3606 1095 3665 devocionis
1128 3609 1239 3666 affectu
1273 3610 1313 3667 ad
1345 3612 1449 3669 oscula

181 3712 350 3768 sanctitatis
375 3717 476 3768 vestre
500 3712 615 3784 pedum
641 3714 812 3782 beatorum,
836 3714 897 3786 ipsi
912 3715 1066 3772 sanctitati
1082 3720 1184 3772 vestre
1200 3716 1363 3776 humiliter
1378 3734 1449 3792 sup·

181 3819 336 3892 plicamus
359 3819 553 3891 presencium
579 3836 634 3893 per
658 3825 804 3877 tenorem.
830 3821 874 3876 Ex
899 3821 1072 3881 multorum
1094 3822 1250 3880 relacione
1273 3822 1448 3896 didicimus,

182 3923 340 3997 quomodo
375 3925 562 3981 reverendus
598 3927 628 3982 in
663 3926 786 3982 Christo
821 3932 909 3999 pater
933 3927 1077 3985 dominus
1097 3929 1275 3987 Demetrius
1299 3929 1450 4006 Chwpur,

181 4030 319 4087 tiniensis
343 4030 469 4086 ecclesie
493 4032 664 4104 episeopus,
688 4048 786 4105 nuper
812 4049 868 4105 per
890 4040 990 4090 certos
1014 4048 1086 4091 suos
1115 4035 1244 4093 nuncios
1277 4041 1307 4093 et
1339 4053 1452 4111 procu·

181 4144 298 4194 ratores
322 4137 352 4192 in
377 4152 505 4193 romana
529 4139 614 4194 curia
637 4139 667 4195 in
692 4140 849 4212 presencia
873 4139 1073 4198 beatitudinis
1095 4146 1198 4199 vestre
1221 4158 1279 4200 nec
1302 4158 1366 4202 non
1389 4145 1451 4202 col·

180 4244 263 4316 legio
287 4242 492 4300 cardinalium
517 4244 655 4301 eiusdem
679 4246 848 4303 sanctitatis
871 4253 973 4304 vestre
997 4248 1027 4304 in
1050 4262 1087 4304 eo
1111 4248 1264 4321 gloriatus
1289 4250 1451 4322 extitisset,

182 4348 266 4421 quod
290 4364 345 4405 nos
370 4349 470 4406 eidem
495 4351 613 4408 litteras
637 4358 757 4408 nostras
773 4368 866 4425 super
882 4368 1031 4411 consensu
1047 4360 1078 4411 et
1095 4369 1220 4412 assensu
1238 4356 1454 4415 translacionis

182 4455 297 4512 desua
321 4456 449 4511 ecclesia
474 4457 593 4512 tiniensi
617 4456 654 4512 ad
680 4458 842 4514 ecclesiam
866 4460 1096 4531 zagrabiensem
1113 4459 1249 4518 fiendam
1265 4467 1375 4520 nostro
1392 4462 1450 4520 sub

180 4561 286 4633 sigillo
310 4560 508 4619 dedissemus.
531 4560 616 4620 Scire
640 4562 782 4636 dignetur
805 4564 964 4623 beatitudo
988 4574 1090 4624 vestra
1113 4567 1260 4641 gloriosa,
1284 4567 1370 4641 quod
1396 4583 1452 4627 nos

181 4669 240 4724 sub
264 4674 369 4726 nostro
393 4670 498 4741 sigillo
521 4671 632 4728 maiori
656 4672 722 4728 sive
746 4671 867 4739 minori,
892 4671 946 4728 sed
970 4688 1072 4745 neque
1095 4674 1212 4748 scripto
1238 4673 1293 4731 vel
1315 4672 1452 4733 factoad

181 4774 361 4832 huiusmodi
385 4776 622 4833 translacionem
646 4776 781 4834 fiendam
804 4777 894 4835 nullo
917 4783 1059 4852 ternpore
1092 4784 1236 4838 nostrum
1267 4794 1452 4839 consensum

182 4882 223 4938 ad
258 4883 370 4938 scitum
401 4889 542 4940 nostrum
578 4884 762 4956 prebuimus
797 4885 914 4957 pariter
950 4892 980 4942 et
1003 4901 1171 4944 assensum.
1205 4885 1244 4944 Et
1266 4886 1295 4945 si
1316 4885 1447 4946 forsitan
