3278 5348
621 422 695 484 Doc.
717 433 786 502 247.
814 455 855 469 -
877 423 933 482 An.
957 419 1047 502 1465.
1318 466 1332 495 0
1394 443 1454 505 305

190 529 643 539 -ο-ι-ψ----.-
652 530 790 537 ——..-.—
803 530 887 536 .-.-.-
902 532 933 536 -
960 530 1049 536 .--.-
1139 532 1360 540 .--.-.....-.--
1384 535 1441 540 -ι

783 635 870 703 247.

295 792 377 842 Amic
398 792 474 859 1465,
494 804 536 843 21.
555 793 681 857 Augusti.
700 793 851 858 Zagrubiae.

194 921 300 980 &ram
321 921 447 994 capitulo
469 919 653 995 ragrabicnsi
672 921 860 979 communitos
881 922 956 979 civit.
973 923 1076 979 montis
1097 921 1248 980 Grecensis
1263 922 1297 980 de
1305 921 1458 999 Johannis

508 1027 629 1085 Marati
647 1027 863 1084 tncest'maton's
884 1024 1000 1106 injuria
1022 1036 1146 1085 recusat.

296 1170 360 1228 Nos
393 1170 568 1245 capitulum
603 1172 733 1230 ecclesie
762 1173 980 1245 zagrabiensis.
1015 1174 1165 1230 Memoris
1200 1174 1458 1233 commendamus

187 1293 246 1351 per
277 1285 443 1351 presentes,
476 1277 561 1351 quod
593 1278 775 1348 Anthonius‚
806 1278 892 1336 filius
923 1278 1052 1351 Thome,
1081 1279 1249 1338 modernus
1280 1295 1316 1337 ac
1340 1280 1454 1339 Valen-

186 1382 279 1453 tinus,
310 1384 420 1456 senior,
453 1382 571 1459 judices
601 1385 735 1442 civitatis
760 1385 873 1442 montis
896 1384 1059 1443 Grecensis
1083 1386 1114 1442 in
1134 1386 1275 1458 ipsorum
1299 1401 1335 1444 ae
1358 1387 1457 1444 tocius

187 1491 421 1549 communitatis
453 1491 570 1549 civium
601 1500 631 1549 et
653 1492 900 1550 inhabitatorum
922 1491 1061 1550 eiusdem
1087 1492 1219 1550 civitatis
1243 1493 1356 1551 montis
1380 1492 1457 1551 Gre-

187 1597 288 1655 censis
317 1597 496 1655 nominibus
524 1603 554 1655 et
584 1598 616 1656 in
648 1599 788 1671 personis
819 1598 859 1655 ad
889 1603 1028 1656 nostram
1060 1598 1266 1672 personaliter
1298 1600 1456 1658 venientes

187 1703 391 1777 presenciam,
420 1703 511 1760 nobis
542 1719 599 1778 per
622 1702 753 1760 modum
784 1704 1018 1777 protestacicnis
1049 1703 1224 1776 significare
1252 1713 1398 1763 curarunt
1422 1706 1454 1763 in

186 1809 271 1867 hunc
306 1808 459 1868 modum:
494 1809 655 1882 quomodo
687 1809 804 1868 nobilis
840 1811 887 1868 vir
920 1810 1076 1892 Johannes
1111 1811 1263 1882 Marathy,
1288 1810 1452 1869 familiaris

186 1913 347 1987 magnifici
370 1915 518 1997 Johannis
541 1915 657 1988 Thwzy
681 1915 719 1973 de
742 1915 834 1987 Laak,
858 1914 1026 1991 janitorum
1048 1917 1202 1990 regalium
1226 1919 1375 1990 magistri,
1399 1932 1456 1992 per

190 2020 325 2079 eundem
354 2021 526 2104 Johannem
556 2021 674 2094 Thwzy
696 2021 782 2079 iuxta
812 2022 1035 2081 litteratorium
1058 2021 1241 2082 mandatum
1264 2024 1348 2096 regie
1371 2039 1452 2082 sere·

188 2127 305 2198 nitatis,
338 2128 392 2200 qui
422 2128 523 2201 ipsam
555 2127 713 2186 civitatem
743 2127 782 2185 ad
815 2143 925 2186 manus
947 2129 1048 2200 regias
1071 2135 1260 2202 occupasset,
1284 2131 1316 2187 in
1340 2129 1450 2187 eadem

187 2232 316 2291 civitate
344 2232 383 2290 ad
413 2232 598 2305 exigendam
629 2234 818 2291 tricesimam
849 2234 1041 2305 constitutus
1072 2236 1208 2293 nescitur
1239 2236 1326 2294 cuius
1357 2235 1455 2294 fretus

187 2339 329 2410 consilio,
344 2339 376 2397 in
391 2338 471 2396 festo
489 2340 571 2397 beati
592 2339 676 2412 regis
698 2338 855 2413 Stephani,
879 2341 1022 2414 proxime
1046 2342 1203 2415 preterito,
1221 2343 1253 2400 in
1276 2342 1344 2401 foro
1367 2341 1453 2400 vide-

187 2445 264 2503 licet
292 2446 418 2503 annuali
447 2445 480 2503 in
509 2460 580 2503 area
610 2453 716 2503 nostra
747 2432 913 2519 capitulari
943 2449 1027 2504 etin
1059 2448 1127 2521 ipsa
1149 2449 1273 2507 civitate
1296 2449 1450 2507 celebrari

186 2552 291 2623 solito,
314 2558 413 2611 certos
429 2552 569 2610 homines
585 2553 739 2610 nobilium
760 2559 790 2610 et
806 2558 1091 2611 commetaneorum
1107 2561 1137 2612 et
1163 2555 1455 2613 circumvicinorum

186 2657 328 2717 eiusdem
351 2659 484 2716 civitatis
507 2674 543 2716 ac
565 2660 658 2716 castri
681 2659 895 2730 Medwewara,
920 2659 959 2717 de
982 2661 1097 2733 quibus
1119 2661 1207 2718 nulla
1231 2661 1387 2719 tricesima
1412 2659 1450 2718 de

184 2761 257 2840 jure
286 2765 451 2839 provenire
480 2764 646 2834 debuisset,
676 2765 829 2839 quosdam
858 2767 1058 2835 vestimentis,
1082 2767 1160 2823 alios
1192 2781 1266 2824 vero
1300 2766 1453 2824 falcastris

185 2877 219 2930 et
250 2886 357 2929 eorum
391 2872 493 2930 bobus
516 2878 546 2929 et
569 2872 758 2930 animalibus
781 2887 817 2929 ac
840 2872 910 2929 aliis
934 2872 1027 2929 rebus
1051 2873 1204 2945 privasset
1227 2878 1258 2930 et
1280 2874 1453 2947 spoliasset,

184 2978 274 3037 cuius
304 2978 398 3051 spolii
428 2979 588 3037 occasione
618 2979 685 3052 ipse
713 2977 809 3054 judex
839 2983 869 3036 et
900 2978 954 3035 alii
984 2978 1067 3036 cives
1100 2977 1179 3036 dicte
1206 2979 1339 3036 civitatis
1363 2983 1451 3037 extra

185 3100 314 3143 murum
337 3084 418 3143 dicte
449 3085 582 3143 civitatis
612 3091 642 3142 et
672 3086 738 3143 eius
767 3085 958 3143 territorium
980 3085 1083 3142 nullas
1114 3085 1206 3142 liberi
1231 3086 1362 3143 transire
1384 3086 1452 3144 ausi

184 3189 323 3249 fuissent.
347 3190 501 3262 Ceterum,
524 3206 597 3248 cum
620 3191 686 3264 ipse
700 3170 795 3266 judex
817 3206 951 3248 unacum
974 3191 1065 3248 certis
1089 3192 1269 3264 pocioribus
1294 3206 1330 3248 ac
1356 3191 1454 3250 senic-

183 3297 274 3355 ribus
302 3294 459 3372 judicibus
489 3312 524 3355 ac
553 3295 662 3373 juratis
693 3304 723 3354 et
746 3298 868 3355 civibus
891 3296 971 3354 dicte
994 3298 1127 3354 civitatis
1151 3298 1265 3355 montis
1290 3296 1454 3356 Grecensis

183 3418 320 3462 unacum
350 3404 523 3462 venerabili
546 3404 614 3462 viro
644 3405 794 3477 magistro
818 3404 953 3476 Georgia
977 3404 1194 3461 archidiacono
1216 3403 1254 3461 de
1278 3403 1382 3475 Bexin,
1405 3419 1454 3461 so·

184 3509 297 3583 cioque
320 3516 351 3568 et
370 3511 574 3569 concanonico
597 3517 712 3583 nostro,
735 3527 868 3568 unacum
893 3511 1004 3568 litteris
1028 3512 1112 3583 regie
1135 3512 1308 3569 serenitatis
1332 3517 1450 3584 specta·

184 3616 244 3674 bili
275 3622 305 3674 et
328 3616 494 3689 magnifico
521 3614 649 3674 dominc
671 3617 737 3699 Jan,
761 3616 889 3689 Zagorie
912 3617 1017 3673 comiti
1042 3623 1201 3690 perpetuo,
1227 3633 1344 3675 necnon
1361 3619 1448 3690 regni

183 3721 350 3781 Sclauonie
380 3724 462 3780 bano
492 3729 547 3781 etc.
580 3723 788 3796 loquentibus,
812 3723 971 3796 ipsiusque
1002 3722 1120 3780 domini
1150 3723 1216 3805 Jan,
1241 3722 1370 3796 Zagorie
1402 3739 1452 3781 co·

184 3829 279 3900 mitis,
303 3829 447 3887 similiter
474 3829 585 3887 litteris
609 3829 641 3886 in
663 3844 700 3886 eo
724 3828 870 3886 videlicet
894 3829 1083 3898 sonantibus,
1108 3833 1143 3885 ut
1166 3829 1340 3899 castellum,
1365 3828 1449 3901 quod

183 3950 243 4009 per
265 3933 397 3992 condam
420 3936 566 3993 comitem
589 3934 669 3993 Cilie
699 3937 729 3992 in
751 3950 812 3992 una
844 3941 931 4009 parte
962 3936 1058 4007 ipsius
1090 3934 1223 3991 civitatis
1246 3933 1347 3991 fuerat
1379 3949 1453 3992 con·

182 4047 337 4101 structum
353 4040 435 4099 dirui
450 4056 506 4116 per
522 4042 606 4115 ipsos
629 4042 712 4100 cives
736 4041 871 4109 deberet,
894 4040 933 4098 ad
951 4039 1106 4113 prefatum
1121 4039 1293 4121 Johannem
1311 4016 1453 4111 Marathy

183 4148 383 4206 accessissent
405 4153 436 4207 et
458 4150 562 4224 ipsum
585 4148 672 4206 iuxta
701 4149 872 4205 iniunctum
902 4147 1123 4205 litteratorium
1147 4145 1329 4202 mandalum
1354 4145 1453 4218 ipsius

183 4253 270 4328 regie
299 4255 471 4313 serenitatis
493 4259 523 4313 et
552 4256 651 4312 eciam
675 4254 926 4312 commissionem
952 4252 1065 4326 prefati
1089 4251 1208 4309 domini
1230 4251 1307 4334 Jaan
1330 4251 1453 4309 comitis

184 4366 216 4419 et
239 4361 312 4419 bani
341 4361 523 4435 petivissent
545 4367 575 4419 et
598 4361 784 4433 requisitum
808 4360 996 4429 habuissent,
1020 4364 1054 4416 ut
1077 4359 1182 4431 ipsum
1205 4357 1371 4415 castellum
1395 4357 1453 4415 eis-

183 4466 256 4525 dem
279 4467 403 4526 diruere
424 4467 607 4527 admisisset.
638 4466 829 4540 Quiquidem
859 4466 1015 4549 Johannes
1039 4466 1181 4537 Marathy
1204 4464 1322 4522 ibidem
1344 4478 1451 4521 coram

183 4572 294 4631 ecdem
309 4576 460 4647 magistro
475 4573 621 4647 Georgio,
637 4574 721 4630 socio
742 4579 772 4630 et
787 4573 992 4630 concanonico
1008 4577 1123 4641 nostru,
1149 4572 1181 4629 iu
1204 4576 1297 4646 ponte
1313 4569 1451 4628 eiusdem

182 4679 304 4738 castelli
326 4681 358 4739 in
381 4680 507 4738 eosdem
529 4677 656 4756 judices,
679 4677 797 4755 juratos
820 4679 903 4737 cives
927 4677 1007 4736 dicte
1031 4679 1165 4736 civitatis
1188 4692 1321 4735 unacum
1347 4675 1448 4733 homi·

181 4786 275 4846 nibus
303 4792 334 4845 et
356 4785 566 4845 familiaribus
597 4785 670 4856 suis,
694 4786 865 4857 evaginatis
888 4785 1010 4858 gladiis,
1043 4798 1136 4842 manu
1157 4789 1277 4842 armata
1301 4782 1450 4852 irruisset,

183 4893 293 4969 ibique
316 4899 416 4953 certos
438 4909 477 4953 ex
500 4893 576 4969 ipsis
600 4893 767 4951 verberum
791 4892 893 4968 plagis
916 4892 1077 4959 affecisset,
1103 4896 1134 4949 et
1156 4890 1215 4949 nisi
1238 4888 1376 4966 presidio
1400 4887 1450 4946 de·

1352 5009 1392 5056 20
