3278 5348
655 404 821 479 Doc.172,
847 435 882 445 -
910 413 997 479 1455.
1389 415 1447 475 235

183 623 275 702 nobis
300 622 358 681 iuit
381 622 542 681 humiliter
565 620 785 695 supplicatum,
810 627 844 679 ut
866 620 989 679 statutis
1013 625 1043 678 et
1063 618 1313 677 ordinacionibus
1346 617 1451 675 huius·

184 728 279 800 modi,
304 745 362 803 pro
386 729 515 786 illorum
532 727 733 785 subsistencia
749 726 889 800 firmiori,
905 729 1003 786 robur
1019 727 1189 806 apostolice
1205 723 1451 784 confirmacionis

156 817 159 822 ¹
184 827 374 913 (tribuatur),
398 850 434 892 ac
458 834 820 908 episcopozagrabiensi
843 850 901 907 pro
924 841 1064 907 tempore
1096 833 1246 902 existenti,
1271 831 1355 905 quod
1379 845 1451 888 cum

184 941 248 1000 eius
272 941 393 999 familia
416 941 539 1014 inipso
563 940 712 1014 hospitali
735 955 788 998 seu
820 940 852 998 in
881 940 1026 998 domibus
1060 939 1280 1012 hospitacionis
1311 935 1449 994 eiusdem

183 1050 300 1106 morari
323 1054 376 1106 aut
398 1063 519 1106 moram
544 1047 676 1119 trahere,
700 1062 818 1105 necnon
842 1047 987 1120 capitulo,
1012 1045 1148 1120 pretatis,
1175 1060 1228 1102 nec
1251 1044 1388 1116 aliquem
1412 1059 1450 1098 ex

182 1156 337 1212 canonicis
361 1155 411 1211 vel
436 1153 661 1227 capitularibus
685 1153 766 1211 dicte
790 1152 918 1210 ecclesie
953 1169 1006 1210 seu
1039 1154 1070 1210 in
1099 1151 1247 1223 dignitate
1276 1138 1450 1206 constitutis

176 1260 222 1319 >ad
246 1263 350 1335 ipsum
383 1261 546 1335 hospitale,
578 1259 653 1317 dum
684 1264 803 1318 rectore
834 1261 975 1328 caruerit,
1006 1265 1099 1332 prout
1121 1261 1355 1325 consveverunt,
1381 1269 1450 1328 pre·

181 1373 302 1425 sentare
325 1373 379 1425 aut
401 1366 440 1425 ad
465 1368 530 1424 eius
555 1368 692 1440 regimen
716 1366 866 1439 deputare
897 1372 1086 1439 presumant,
1123 1363 1279 1430 inhibere;
1303 1359 1449 1434 quodque

182 1472 349 1531 elemosine
383 1474 444 1548 ipsi
479 1473 628 1547 hospitali
663 1472 825 1545 erogande,
861 1473 987 1545 eiusque
1019 1471 1136 1529 fructus
1171 1471 1202 1527 in
1225 1467 1449 1526 sustentacione

182 1595 357 1653 pauperum
393 1584 621 1650 convertantur,
657 1584 790 1636 statuere
824 1584 854 1635 et
889 1577 1041 1649 ordinare,
1074 1578 1207 1650 ‚aliisque
1238 1576 1269 1632 in
1293 1571 1451 1648 premissis

183 1692 335 1768 oportune
359 1684 525 1760 providere
549 1683 587 1741 de
609 1685 799 1770 benignitate
823 1686 994 1758 apostolica
1017 1685 1225 1757 dignaremur.
1260 1681 1323 1738 Nos
1347 1680 1450 1750 itaque

183 1790 222 1849 de
244 1792 407 1866 premissis
423 1797 538 1849 certam
556 1791 780 1862 noticiamnon
796 1791 954 1862 habentes,
970 1790 1149 1849 huiusmodi
1165 1784 1451 1863 supplicacionibus

182 1898 330 1970 inclinati,
354 1898 535 1956 discrecioni
559 1903 622 1955 tue
634 1913 690 1970 per
720 1897 891 1970 apostolica
920 1897 1035 1970 scripta
1068 1895 1260 1966 mandamus,
1292 1898 1451 1967 quatenus,

181 2006 208 2063 si
233 2013 263 2062 et
285 1999 451 2077 postquam
476 2005 532 2061 tibi
554 2003 592 2061 de
615 2004 736 2061 statutis
759 2008 789 2061 et
812 2003 1064 2061 ordinacionibus
1087 2000 1274 2072 huiusmodi,
1307 2008 1337 2058 et
1367 1999 1450 2074 quod

184 2111 239 2168 illa
261 2125 321 2183 pro
346 2110 578 2167 manutenencie
602 2115 631 2166 et
655 2109 738 2167 felici
760 2109 911 2182 regimine
934 2110 1008 2167 dicti
1032 2110 1195 2182 hospitalis
1218 2108 1357 2165 salubria
1388 2107 1451 2165 exi-

183 2222 272 2289 stant,
298 2216 436 2288 legitime
460 2216 638 2287 constiterit,
663 2220 776 2273 statuta
807 2221 836 2273 et
867 2216 1079 2275 ordinaciones
1110 2213 1288 2273 huiusmodi
1320 2214 1474 2293 auctori·¹

183 2329 243 2381 tate
266 2329 371 2380 nostra
395 2322 552 2396 approbes
574 2327 604 2379 et
627 2321 800 2391 confirmes,
817 2323 1027 2396 suppleasque
1050 2337 1158 2379 omnes
1181 2320 1327 2392 deiectus,
1352 2321 1378 2378 si
1395 2321 1449 2394 qui

184 2428 288 2513 forsan
312 2430 532 2487 intervenerint
556 2429 587 2485 in
617 2427 753 2497 eisdem;
777 2436 806 2485 et
831 2429 1048 2487 nichilominus
1072 2430 1098 2486 si
1121 2428 1397 2486 confirmacionem
1421 2432 1451 2484 et
1524 2415 1528 2423 ’

182 2536 448 2610 approbacionem
473 2534 636 2608 predictas,
653 2551 709 2608 per
725 2541 755 2591 te
771 2534 879 2606 vigore
896 2535 1099 2609 presencium,
1116 2535 1278 2607 contigerit
1296 2534 1451 2607 episcopis

181 2637 432 2716 zagrabiensibu's
457 2658 514 2715 pro
538 2647 678 2715 tempore
702 2641 914 2711 existentibus
939 2640 1023 2713 quod
1048 2642 1078 2698 in
1110 2642 1179 2715 ipso
1212 2641 1360 2714 hospitali
1395 2656 1448 2698 seu

184 2750 248 2808 eius
266 2749 513 2807 habitacionibus
537 2765 607 2806 cum
624 2764 732 2807 eorum
749 2747 870 2805 familia
887 2747 924 2804 de
941 2753 1041 2805 cetero
1057 2749 1245 2806 commorari
1260 2753 1313 2806 aut
1328 2762 1451 2805 moram
1509 2760 1511 2764 “

185 2856 301 2926 iacere;
325 2870 444 2914 necnon
466 2857 603 2929 capitulo
626 2855 763 2931 prefatis,
787 2856 816 2913 si
838 2854 967 2911 illorum
991 2853 1029 2910 ad
1053 2854 1112 2911 hoc
1135 2869 1299 2926 expressus
1322 2853 1447 2912 accedat

183 2978 333 3034 assensus,
357 2978 412 3019 nec
435 2953 574 3034 aliquem
599 2978 637 3019 ex
661 2962 814 3046 canonicis
836 2976 889 3018 seu
914 2960 1138 3034 capitularibus
1162 2962 1268 3018 autin
1300 2959 1448 3033 dignitate

184 3070 356 3128 constitutis
380 3068 420 3125 ad
443 3069 598 3142 hospitale
621 3070 734 3143 ipsum,
759 3069 834 3125 dum
858 3068 938 3126 illud
969 3073 1088 3125 rectore
1119 3083 1223 3125 carere
1258 3068 1449 3140 contingerit,

183 3179 360 3249 presentare
384 3181 437 3232 aut
461 3176 490 3232 in
508 3175 565 3232 illo
581 3176 739 3232 instituere
755 3180 785 3232 et
801 3174 840 3231 ad
858 3175 922 3232 eius
939 3176 1077 3246 regimen
1093 3173 1242 3248 deputare
1261 3178 1449 3248 presumant,

183 3281 289 3338 eadem
314 3283 496 3339 auctoritate
520 3282 659 3339 inhibeas
683 3288 712 3339 et
736 3286 851 3339 statuas
875 3295 910 3337 ac
934 3270 1065 3351 ordines,
1099 3280 1183 3353 quod
1207 3281 1374 3339 elemosine
1398 3286 1451 3337 aut

183 3386 300 3444 fructus
316 3386 455 3460 predicti,
470 3397 502 3445 ut
518 3387 681 3461 prefertur,
694 3389 725 3445 in
739 3389 995 3445 sustentacionem
1014 3377 1187 3461 pauperum
1205 3395 1235 3446 et
1250 3387 1448 3445 intirmorum

182 3508 217 3551 ac
243 3493 321 3550 alias
343 3495 375 3550 in
400 3495 565 3552 utilitatem
591 3494 665 3553 dicti
688 3495 853 3568 hospitalis
876 3496 962 3552 iuxta
994 3495 1243 3552 constitutionem
1275 3493 1373 3552 felicis
1404 3508 1450 3550 re-

182 3599 372 3658 cordacionis
396 3601 565 3658 Clementis
590 3616 670 3675 pape
695 3602 732 3659 V.
758 3601 984 3675 predecessoris
1008 3602 1113 3672 nostri,
1146 3603 1177 3658 in
1201 3601 1331 3659 concilio
1355 3602 1448 3658 wien·

184 3708 269 3764 nensi
293 3723 387 3780 super
408 3708 467 3764 hoc
491 3707 616 3778 editam,
641 3713 868 3777 convertantur,
889 3708 1054 3781 ipsumque
1086 3709 1242 3782 hospitale
1274 3710 1359 3768 iuxta
1390 3713 1449 3764 sta-

184 3820 249 3871 tuta
273 3821 302 3871 et
326 3813 538 3872 ordinaciones
563 3815 635 3872 dicti
652 3816 791 3889 episcopi
808 3815 964 3887 perpetuis
982 3814 1093 3872 futuris
1111 3816 1306 3888 temporibus
1323 3823 1449 3887 regatur

183 3927 213 3978 et
238 3921 435 3992 gubernetur,
460 3937 520 3978 non
544 3908 687 3979 obstante
711 3920 930 3979 consvctudine
954 3921 1092 3993 predicta
1117 3937 1151 3977 ac
1175 3921 1449 3979 constitucionibus

156 4013 212 4084 ‘et
236 4026 486 4085 ordinacionibus
510 4027 697 4100 apostolicis,
721 4043 839 4085 necnon
862 4029 983 4084 statutis
1007 4037 1036 4084 et
1060 4028 1334 4085 consvetudinibus
1351 4028 1449 4096 dictis,

184 4131 369 4208 juramento,
393 4133 630 4191 confirmacione
654 4135 824 4207 apostolica
848 4135 897 4190 vei
923 4135 1033 4206 quavis
1050 4134 1196 4192 firmitate
1210 4135 1270 4190 alia
1287 4133 1450 4197 roboratis,

144 4310 151 4321 .
188 4240 358 4314 ceterisque
382 4242 543 4298 contrariis
567 4242 824 4313 quibuscumque,
848 4238 914 4316 jure
944 4246 1045 4296 tamen
1078 4241 1208 4313 capituli
1240 4239 1451 4312 predictorum

185 4353 216 4405 et
239 4348 405 4405 cuiuslibet
421 4347 547 4405 alterius
563 4348 640 4405 alias
658 4349 687 4405 in
704 4349 849 4404 omnibus
864 4364 988 4421 semper
1004 4349 1101 4406 salve.
1119 4349 1234 4405 Datum
1252 4349 1349 4405 Rome
1365 4346 1448 4420 apud

184 4460 321 4512 sanctam
346 4455 475 4512 Mariam
502 4456 659 4512 maiorem.
678 4457 767 4512 Anno
784 4454 1004 4512 incarnacionis
1022 4454 1174 4511 dominice
1192 4454 1359 4511 millesimo
1376 4468 1450 4525 qua·

184 4559 425 4633 dringentesimo
449 4561 705 4633 quinquagesimo
729 4562 833 4630 tercie,
865 4559 936 4617 Idus
962 4562 1099 4632 Augusti.
1133 4560 1329 4617 pontificatus
1352 4559 1449 4616 nostri

184 4681 263 4724 anno
287 4668 430 4740 septimo.

287 4806 310 4852 E
330 4813 490 4869 transumpto
508 4804 614 4869 capituli
634 4805 791 4854 chasmensis
810 4804 884 4853 valde
903 4804 987 4853 lacero
1007 4805 1038 4851 de
1057 4821 1124 4853 anno
1147 4816 1219 4871 1453·
1249 4808 1280 4854 In
1304 4804 1372 4855 arch.
1392 4819 1448 4853 ven.

186 4893 262 4957 capit.
281 4893 383 4956 zagrab.
403 4893 466 4945 Act.
486 4910 541 4959 cap.
561 4901 613 4946 ant.
634 4896 694 4946 fasc.
716 4906 757 4959 75,
778 4910 814 4945 nr.
836 4906 876 4959 35.
