3278 5348
612 415 685 474 Doc.
709 427 780 490 292.
806 447 845 457 -
870 414 928 472 An.
953 423 1040 491 1473.
1396 391 1453 489 Ι3όι

185 633 353 694 Grecensis
377 631 416 690 de
438 632 524 690 iuxta
547 630 743 705 Zagrabiam,
766 639 873 690 contra
897 632 1099 705 magnificum
1122 630 1295 714 Johannem
1317 628 1405 688 Thur
1421 629 1459 688 de

188 739 257 799 Lak
291 741 378 798 iuxta
409 739 635 798 continenciam
658 738 833 798 litterarum
858 747 1034 797 nostrarum
1057 737 1343 813 prorogatoriarum
1365 753 1460 811 super

191 845 275 905 iacto
307 844 573 917 contradiccionis,
596 845 771 903 statutionis
802 846 1047 918 possessionum:
1078 844 1215 917 Dedych,
1241 844 1458 921 Chernomerz,

189 952 310 1026 Bythek
334 958 364 1010 et
388 951 508 1009 Nowalr
539 951 666 1023 vocatis,
688 957 718 1009 et
750 952 876 1025 insuper
898 951 1059 1009 cuiusdam
1084 949 1155 1008 vadi
1178 949 1325 1022 Kyralew
1348 950 1459 1020 vocati,

189 1061 222 1119 in
245 1060 342 1118 fluvio
366 1059 456 1117 Zawe
480 1059 588 1130 habiti,
611 1060 643 1116 in
666 1059 863 1132 presentibus
886 1058 1003 1116 octavis
1029 1056 1099 1115 festi
1130 1057 1213 1115 beati
1242 1056 1352 1141 Jacobi
1382 1070 1459 1130 apo-

187 1166 262 1226 stoli
286 1166 318 1224 in
349 1164 423 1223 sede
457 1165 649 1237 zagrabiensi
679 1179 807 1222 movere
837 1164 995 1222 habebant
1025 1178 1131 1220 coram
1154 1163 1252 1234 nobiS,
1275 1161 1459 1220 racionabili

189 1271 228 1331 de
251 1286 344 1329 causa
367 1270 406 1328 ad
431 1278 558 1327 octavas
582 1269 652 1328 testi
684 1270 766 1328 beati
796 1270 955 1328 Michaelis
986 1269 1163 1342 archangeli
1193 1285 1274 1326 nunc
1304 1275 1458 1341 venturas,

188 1383 271 1436 statu
302 1378 333 1434 in
365 1375 476 1434 eodem
508 1375 654 1434 duximus
683 1375 922 1450 prorogandam.
952 1375 1111 1432 Presentes
1138 1381 1243 1432 autem
1273 1373 1385 1446 sigillis
1408 1387 1458 1430 co-

190 1484 303 1541 mitum
327 1488 506 1540 nostrorum
538 1482 786 1554 zagrabiensium
818 1481 947 1540 fecimus
971 1481 1151 1553 consignari.
1175 1480 1291 1537 Datum
1308 1479 1458 1552 Zagrabie

190 1589 345 1663 vigesimo
380 1594 491 1661 quarto
521 1587 571 1646 die
603 1593 782 1647 octavarum
815 1586 884 1645 testi
907 1587 990 1644 beati
1012 1585 1122 1666 Jacobi
1145 1585 1281 1659 apostoli
1305 1584 1456 1658 predicta·

192 1711 273 1753 rum.
298 1695 388 1751 Anno
411 1691 530 1751 domini
553 1693 723 1751 millesimo
754 1690 1059 1766 quadringentesimo
1089 1691 1321 1764 septuagesimo
1351 1692 1455 1750 tercio.

299 1806 340 1870 (A
360 1805 458 1869 tergo.)
483 1800 543 1859 Pro
566 1800 806 1875 circumspectis,
830 1799 938 1871 iudice,
961 1797 1069 1856 iuratis
1092 1813 1127 1855 ac
1150 1799 1219 1855 aliis
1243 1798 1363 1855 civibus
1382 1797 1458 1856 civi·

188 1909 261 1967 tatis
285 1910 400 1967 montis
423 1907 585 1967 Grecensis
608 1915 715 1966 contra
736 1905 937 1979 magnificum
959 1906 1132 1989 Johannem
1156 1905 1241 1961 Thur
1265 1903 1303 1961 de
1330 1903 1395 1961 Lair
1417 1902 1457 1961 ad

187 2020 316 2072 octavas
338 2013 409 2073 festi
440 2013 523 2072 beati
554 2014 713 2071 Michaelis
743 2013 929 2085 archangeli,
952 2029 1033 2071 nunc
1057 2016 1209 2081 venturas,
1234 2011 1457 2084 prorogatorie.

295 2167 429 2232 Originale
457 2169 485 2217 in
508 2167 604 2221 charta.
632 2169 721 2218 Trium
750 2168 894 2232 sigillorum
922 2167 1032 2231 vestigia
1051 2166 1141 2217 solum.
1171 2167 1203 2213 In
1221 2165 1317 2214 archiv.
1336 2163 1383 2216 lib.
1402 2180 1456 2229 reg.

186 2257 258 2306 civit.
277 2257 379 2320 zagrab

784 2434 869 2501 292.

295 2594 375 2643 Anno
398 2606 471 2658 1473,
492 2596 533 2646 28.
552 2594 703 2646 decembris.
720 2595 868 2657 Zagrabiae.

187 2723 326 2782 Mature
348 2724 424 2796 regis
447 2723 624 2797 Hungart‘uc
646 2731 693 2783 etc.
726 2724 859 2798 epistolae
882 2726 1031 2798 exenrplar
1052 2743 1070 2780 (ι
1093 2725 1218 2797 capitulo
1241 2723 1360 2796 augrub.
1384 2740 1454 2780 com-

465 2830 601 2888 munitati
621 2830 749 2889 civitatis
771 2831 873 2888 montis
902 2830 1052 2889 Grecensis
1074 2832 1174 2888 editur.

295 2975 358 3033 Nos
392 2976 567 3050 capitulum
600 2977 728 3035 ecclesie
762 2977 977 3049 zagrabiensis.
1012 2977 1228 3052 significamus
1260 2977 1453 3051 presencium

187 3088 305 3152 tenore,
330 3083 445 3155 quibus
468 3083 594 3156 expedit
610 3084 778 3142 universis:
802 3083 885 3158 quod
910 3085 1096 3143 venerabilis
1119 3086 1169 3142 vir
1191 3084 1335 3142 dominus
1358 3083 1454 3141 Geor·

185 3189 256 3263 gius
279 3188 513 3247 archidiaconus
537 3189 575 3247 de
598 3190 712 3263 Bexyn,
728 3192 827 3249 socius
851 3197 881 3248 et
897 3193 1119 3251 concanonicus
1142 3197 1254 3260 noster,
1276 3190 1454 3248 nominibus

186 3299 217 3353 et
240 3295 271 3352 in
296 3295 435 3368 personis
459 3295 646 3369 prudentum
670 3303 699 3354 et
723 3297 1017 3371 circumspectorum
1043 3296 1162 3373 judicis,
1177 3296 1360 3372 juratorum,
1375 3302 1453 3354 cete·

186 3415 357 3473 rorumque
388 3402 504 3459 civium
534 3408 628 3474 atque
658 3403 890 3461 communitatis
922 3405 1054 3463 civitatis
1086 3405 1199 3462 montis
1230 3403 1392 3461 Grecensis
1415 3402 1453 3461 de

186 3508 273 3565 iuxta
297 3505 492 3579 Zagrabiam,
515 3509 612 3567 nostri
635 3525 788 3582 exurgens
810 3526 827 3567 e
851 3510 963 3581 medio,
987 3512 1126 3570 exhibuit
1149 3518 1242 3584 atque
1265 3512 1454 3584 presentavit

185 3613 277 3670 nobis
307 3620 405 3670 certas
429 3614 548 3672 litteras
580 3616 766 3674 serenissimi
798 3617 947 3691 principis
979 3617 1097 3676 domini
1129 3619 1251 3687 ltathie
1276 3616 1326 3675 dei
1349 3618 1453 3689 gracia

185 3719 354 3791 Huugarie,
378 3719 525 3778 Bohemie
547 3725 601 3778 etc.
625 3722 714 3793 regis,
739 3721 860 3780 domini
875 3725 971 3780 nostri
988 3724 1146 3794 naturalis,
1171 3723 1396 3794 gloriosissimi,
1421 3723 1451 3781 in

185 3823 317 3883 modum
341 3824 497 3898 privilegii
520 3825 552 3883 in
575 3841 763 3899 pargameno
787 3828 953 3900 coniectas,
970 3830 1075 3902 sigillo
1099 3828 1238 3886 eiusdem
1255 3828 1373 3885 domini
1396 3843 1450 3885 no·

186 3932 244 3990 stri
267 3932 349 4004 regis
372 3932 404 3989 in
421 3931 573 4005 pendenti,
598 3933 643 3991 uti
666 3933 768 4007 prima
792 3934 869 3992 facie
886 3936 1068 4009 apparebat,
1092 3935 1122 3992 iu
1145 3933 1298 4007 superiori
1313 3934 1452 4006 margine

185 4038 227 4095 ab
259 4038 339 4095 intra
362 4039 442 4096 hanc
465 4037 614 4096 babentes
645 4039 851 4112 signaturam:
876 4040 913 4097 de
936 4041 1153 4098 commissione
1185 4039 1311 4113 propria
1334 4038 1453 4097 domini

185 4143 277 4217 regis
308 4145 424 4201 tenoris
452 4159 528 4202 vero
558 4143 756 4221 infrascripti,
788 4150 896 4220 petens
927 4162 983 4204 nos
1015 4146 1119 4204 debita
1144 4163 1215 4203 cum
1238 4145 1394 4217 instancia,
1419 4152 1452 4203 ut

187 4254 329 4308 tenorem
352 4250 533 4308 earumdem
557 4251 588 4309 in
613 4259 800 4311 transsumto
824 4253 999 4311 litterarum
1022 4260 1207 4323 nostrarum,
1231 4251 1378 4325 pendenti
1392 4252 1452 4309 sub

183 4356 290 4429 sigilio
313 4367 419 4415 nostro
442 4356 578 4431 prefatis,
602 4356 705 4433 judici,
729 4357 898 4435 juratisque
933 4361 1053 4418 civibus
1078 4367 1107 4417 et
1131 4359 1347 4418 communitati
1370 4358 1452 4417 dicte

185 4462 319 4520 civitatis
342 4462 416 4521 dare
439 4463 638 4536 dignaremur
658 4461 735 4540 juris
757 4466 898 4539 ipsorum
915 4466 953 4523 ad
978 4466 1154 4524 uberiorem
1179 4466 1341 4524 cautelam.
1366 4464 1448 4539 Qua·

183 4583 256 4627 rum
281 4574 368 4627 tenor
391 4571 461 4627 talis
492 4576 553 4628 est:
585 4563 669 4649 (vide
700 4571 774 4629 Doc.
801 4585 870 4640 271.
894 4571 932 4630 de
967 4587 1047 4629 anno
1085 4587 1178 4647 1472·
1205 4587 1244 4630 ao
1268 4564 1362 4649 maii).
1387 4570 1450 4629 Nos

185 4674 281 4747 igitur
315 4676 520 4748 peticionibus
549 4676 660 4750 prefati
687 4677 805 4736 domini
833 4678 1041 4736 archidiaconi
1069 4685 1245 4747 annuentes,
1278 4678 1444 4752 premissas

184 4780 305 4840 litteras
328 4781 367 4840 de
389 4784 488 4841 verbo
510 4782 550 4841 ad
583 4784 717 4841 verbum
740 4784 805 4841 sine
836 4783 1044 4843 diminucione
1075 4791 1104 4843 et
1127 4790 1294 4859 augmento
1317 4783 1448 4857 aliquali

183 4887 347 4945 transcribi
369 4893 400 4947 et
423 4889 632 4961 transsummi,
650 4889 907 4964 presentibusque
922 4892 1035 4950 nostris
1052 4890 1163 4949 litteris
1185 4891 1279 4951 inseri
1295 4889 1448 4961 iacientes,
