3278 5348
616 414 690 473 Dec.
708 427 783 490 302.
809 416 848 457 ’-
873 413 930 473 An.
953 407 1043 490 1476.
1391 429 1428 490 37
1434 430 1450 484 5

182 623 266 691 'ad'eo
289 631 369 691 foret
382 646 385 650 ·
399 647 528 707 pauper,
561 628 645 706 quod
670 633 734 687 tam
766 628 872 687 statim
902 643 964 687 non
988 632 1092 702 posset
1115 628 1271 703 deponere
1296 630 1454 711 impensas

186 737 333 814 prefatas,
357 738 388 796 in
424 752 487 811 quo
509 752 583 796 casu
613 734 787 810 capitulum
809 734 877 792 visa
900 739 930 792 et
961 735 1039 792 bene
1060 749 1096 790 ac
1119 734 1342 792 conscienciose
1364 735 1454 794 intel·

185 844 268 903 lecta
290 848 474 919 paupertate
497 859 560 915 sua,
584 841 720 916 poterint
742 841 770 898 ei
787 838 861 898 dare
877 855 970 898 unam
987 841 1039 898 vel
1055 840 1132 898 duas
1152 839 1329 913 dilaciones,
1345 843 1455 900 ambas

185 950 227 1009 ad
248 951 339 1009 unius
363 949 413 1008 vel
437 949 476 1008 ad
507 949 682 1008 maximum
714 947 850 1005 duorum
879 962 1032 1005 annorum
1064 948 1206 1022 spacium
1228 947 1385 1019 solvendi;
1409 949 1454 1007 in·

185 1058 280 1116 terim
302 1063 414 1130 tamen,
430 1058 511 1115 bona
534 1055 679 1115 caucione
694 1054 867 1132 prehabita,
883 1054 1110 1127 possessionem
1134 1054 1300 1113 domorum
1324 1060 1354 1114 et
1370 1056 1454 1115 curie

186 1155 366 1222 huiusmodi
390 1163 505 1237 poterit
535 1166 705 1236 acceptare,
729 1160 863 1234 quodsi
887 1161 954 1233 ipse
977 1176 1038 1218 non
1061 1161 1168 1218 habita
1192 1161 1400 1220 satisfactione
1423 1168 1454 1221 et

186 1268 342 1329 refusione
364 1280 572 1343 expensarum
595 1268 627 1325 in
649 1265 760 1325 domos
783 1270 813 1324 et
826 1266 944 1325 curiam
970 1266 1149 1325 huiusmodi
1172 1272 1278 1325 contra
1301 1268 1453 1343 premissa

186 1381 241 1434 aut
264 1374 392 1448 aliquod
408 1375 634 1449 premissorum
651 1378 768 1431 temere
784 1371 904 1446 ingredi
928 1377 957 1430 et
980 1389 1031 1431 eas
1053 1380 1216 1447 acceptare
1231 1373 1454 1447 quoquomodo

188 1483 401 1556 presumserit,
424 1487 536 1540 'extunc
559 1481 642 1538 ultra
659 1480 990 1537 excommunicacionis
1015 1495 1127 1554 penam
1151 1479 1333 1553 predictam,
1358 1496 1453 1554 quam

187 1604 260 1646 eum
284 1587 432 1646 volumus
447 1589 604 1647 incurrere
620 1587 689 1660 ipso
706 1585 796 1657 facto,
810 1600 827 1642 a
842 1583 911 1661 jure
934 1591 964 1644 et
980 1587 1178 1660 proprietate,
1203 1585 1287 1660 quod
1311 1590 1341 1645 et
1358 1602 1453 1661 quam

185 1694 227 1752 ad
250 1694 374 1753 easdem
399 1711 437 1753 ex
459 1698 565 1752 nostra
588 1693 639 1751 vel
670 1706 883 1750 successorum
914 1699 1092 1751 nostrorum
1116 1692 1280 1751 donatione
1304 1698 1358 1751 aut
1381 1692 1453 1751 sede

185 1805 317 1859 vacante
340 1801 452 1875 quovis
476 1798 570 1858 modo
600 1798 752 1872 acquisito
775 1797 867 1855 titulo
890 1813 923 1855 se
945 1799 1061 1856 habere
1084 1797 1283 1873 pretenderit,
1307 1798 1397 1857 cadat
1420 1804 1449 1857 et

186 1907 381 1979 destituatur,
405 1921 442 1965 ac
464 1905 581 1965 eisdem
605 1905 689 1962 curia
706 1906 744 1961 <et
766 1902 913 1961 domibus
935 1904 974 1961 sit
997 1888 1139 1977 privatus
1162 1919 1199 1962 eo
1230 1904 1323 1976 fact0,
1355 1911 1386 1963 et
1407 1906 1454 1964 ni'·

187 2014 376 2073 chilominus
406 2012 553 2071 omnibus
591 2010 795 2086 proventibus
824 2015 854 2067 et
889 2010 1107 2069 emolumentis
1142 2027 1158 2069 e
1190 2011 1294 2070 medio
1324 2012 1453 2087 capituli

187 2119 290 2177 eidem
320 2119 585 2194 provenientibus,
615 2132 733 2176 necnon
754 2116 852 2175 eciam
884 2118 1043 2175 consorcio
1078 2117 1244 2192 capitulari
1278 2134 1314 2176 ac
1344 2117 1453 2193 predio

187 2225 361 2284 canonicali
390 2240 446 2299 per
468 2223 554 2283 idem
577 2223 750 2297 capitulum
772 2223 899 2281 realiter
922 2222 960 2281 ed
984 2222 1022 2282 de
1046 2223 1128 2283 facto
1159 2224 1300 2299 privetur
1324 2223 1453 2296 tamdiu,

184 2331 286 2409 donec
309 2331 348 2390 de
371 2331 519 2406 impensis
542 2328 721 2388 huiusmodi
744 2328 935 2402 satisfecerit,
958 2336 988 2388 et
1024 2346 1083 2405 pro
1115 2337 1179 2389 tam
1208 2331 1374 2390 temerario
1401 2344 1454 2389 ex·

186 2455 284 2509 cessu,
307 2453 414 2496 rursus
437 2452 554 2495 novum
570 2434 618 2513 jus
631 2452 725 2510 super
748 2435 894 2494 domibus
918 2440 948 2494 et
963 2416 1049 2496 curia
1072 2437 1220 2511 predictis
1244 2453 1261 2495 a
1284 2419 1375 2496 nobis
1399 2437 1450 2496 vel

185 2545 418 2603 successoribus
440 2544 561 2616 nostris,
584 2557 703 2603 necnon
725 2557 744 2600 a
774 2542 911 2615 capitulo
942 2544 1079 2615 graciam
1103 2545 1367 2603 reconciliacionis
1389 2560 1452 2602 me·

186 2653 284 2710 ruerit
308 2652 456 2709 obtinere.
472 2650 616 2707 Preterea
632 2648 697 2722 ille,
714 2649 769 2722 qui
784 2648 828 2706 sic
851 2647 963 2707 refusis
986 2650 1129 2723 expensis
1153 2649 1262 2708 domos
1276 2628 1308 2708 et
1333 2651 1452 2708 curiam
1510 2622 1515 2633 ’

188 2758 370 2818 huiusmodi
393 2757 546 2827 habuerit,
570 2755 596 2812 si
627 2754 720 2813 labor
740 2754 797 2812 ille
821 2755 851 2812 in
875 2753 992 2812 eisdem
1023 2744 1108 2813 curia
1131 2759 1161 2813 et
1184 2755 1331 2814 domibus
1354 2755 1453 2814 factus

187 2864 220 2925 in
243 2865 354 2923 eodem
376 2868 466 2936 statu,
498 2863 668 2935 vigoreque
691 2865 744 2918 aut
766 2860 879 2919 robore
903 2862 1045 2934 extiterit,
1070 2877 1132 2936 quo
1157 2862 1241 2921 idem
1264 2863 1453 2934 assumserit,

186 2977 285 3030 totam
308 2972 484 3045 impensam
515 2985 573 3043 per
595 2983 666 3026 eum
690 2967 835 3040 refusam,
859 2968 1043 3041 sinautem,
1067 2986 1104 3027 ex
1129 2985 1191 3043 quo
1215 2985 1286 3029 cum
1309 2971 1452 3044 tempore

186 3074 293 3138 omnia
316 3065 477 3136 senescunt
500 3083 531 3134 et
553 3076 789 3147 inveterascunt,
805 3079 917 3132 extunc
937 3075 1041 3133 solum
1065 3092 1136 3135 eam
1170 3082 1292 3150 partem
1325 3078 1454 3152 pecunie

186 3200 244 3260 per
267 3199 338 3242 eum
372 3182 484 3253 refuse,
516 3197 611 3255 quam
643 3186 753 3239 eotunc
783 3181 866 3239 curia
898 3186 927 3238 et
959 3181 1071 3241 domus
1101 3184 1167 3242 eius
1190 3184 1341 3242 valebunt
1364 3185 1451 3242 iuxta

186 3290 425 3349 extimacionem
450 3293 583 3362 quatuor
616 3287 816 3345 dominorum
840 3287 1004 3360 dictorum,
1027 3289 1132 3362 legare
1156 3295 1185 3348 et
1209 3290 1373 3364 disponere
1395 3305 1450 3348 va·

184 3397 248 3455 leat
279 3401 371 3469 atque
402 3394 500 3468 possit
533 3393 566 3452 in
599 3394 664 3451 vita
699 3393 817 3467 pariter
851 3399 881 3452 et
904 3394 936 3451 in
971 3401 1078 3454 morte.
1107 3396 1153 3453 Ne
1177 3405 1281 3454 autem
1305 3411 1452 3471 processu

185 3507 366 3576 temporum
389 3515 515 3574 presens
543 3503 648 3556 nostra
678 3499 818 3572 graciosa
852 3505 882 3557 et
914 3500 1049 3558 salubris
1080 3502 1241 3560 ordinacio
1276 3518 1332 3574 per
1356 3503 1452 3574 negli-

184 3609 326 3683 genciam
349 3612 401 3664 aut
431 3605 694 3663 incurabilitatem
725 3605 855 3678 capituli
878 3606 1019 3679 predicti,
1043 3613 1136 3680 prout
1160 3609 1191 3665 in
1214 3608 1370 3666 similibus
1391 3607 1453 3665 fac·

185 3721 252 3773 tum
278 3712 344 3771 fore
367 3712 486 3786 experti
504 3726 620 3783 sumus,
644 3710 801 3769 aboliatur
823 3717 853 3769 et
876 3713 1035 3771 inexecuta
1059 3713 1260 3786 relinquatur,
1278 3714 1452 3786 quinimmo

185 3820 318 3879 firmiter
341 3826 370 3877 et
393 3819 572 3876 inconcusse
595 3832 719 3891 semper
741 3832 777 3874 ac
800 3818 831 3875 in
852 3825 1040 3893 perpetuum
1064 3821 1273 3890 observentur,
1298 3821 1447 3878 volumus

185 3933 216 3985 et
239 3927 298 3983 sub
322 3926 418 3984 simili
440 3925 772 3983 excommunicacionis
789 3940 867 3998 pena
890 3927 1027 3999 capitulo
1051 3943 1104 3984 seu
1128 3926 1281 3984 canonicis
1304 3925 1453 4001 predictis

185 4040 216 4092 et
240 4047 348 4090 eorum
364 4031 493 4089 cuilibet
509 4031 540 4088 in
556 4030 694 4088 solidum
710 4031 844 4089 firmiter
860 4033 1064 4106 precipientes
1082 4031 1275 4103 mandamus,
1300 4037 1451 4106 quatenus

185 4139 271 4199 omni
295 4137 367 4196 odio
391 4138 442 4194 vel
459 4134 566 4194 favore
583 4137 764 4211 postpositis
788 4138 1025 4195 extimacionem
1042 4139 1252 4211 impensarum
1271 4141 1451 4199 huiusmodi

185 4245 261 4303 dum
286 4252 315 4303 et
339 4242 463 4317 quando
488 4243 530 4301 eis
555 4259 690 4317 pennos
724 4248 777 4300 aut
808 4259 1000 4301 successores
1031 4251 1153 4303 nostros
1180 4245 1316 4305 iacienda
1340 4247 1452 4306 admit·

184 4359 275 4422 tetur,
312 4351 427 4408 tociens
462 4350 608 4422 quociens
642 4348 784 4406 facienda
818 4351 995 4421 occurrerit,
1021 4350 1156 4409 fideliter
1193 4351 1294 4410 facere
1328 4352 1397 4411 fieri
1421 4358 1452 4412 et

184 4457 310 4517 tandem
343 4472 493 4531 expensas
517 4457 601 4530 ipsas
625 4464 809 4529 extorquere
832 4471 868 4514 ac
891 4457 930 4513 ad
954 4472 1065 4515 manus
1088 4458 1282 4532 prefatorum
1306 4460 1451 4518 commis·

184 4565 340 4624 sariorum
364 4579 417 4622 seu
449 4569 689 4636 procuratorum
720 4563 885 4635 assignare,
909 4564 1032 4637 ipsique
1056 4566 1262 4623 commissarii
1286 4571 1316 4624 et
1339 4581 1451 4640 procu·

182 4678 303 4730 ratores
325 4669 451 4729 easdem
475 4686 626 4743 expensas
649 4669 688 4727 ad
713 4668 866 4743 prefatam
893 4672 1059 4729 utilitatem
1083 4672 1213 4730 ecclesie
1236 4678 1341 4729 nostre
1365 4673 1449 4731 iuxta

185 4778 361 4851 legancium
385 4792 438 4835 seu
463 4777 698 4851 disponencium
724 4774 954 4835 ordinacionem
979 4793 1133 4851 exponere
1158 4783 1317 4835 teneantur
1342 4782 1371 4836 et
1391 4778 1450 4838 sint

184 4884 316 4958 obligati
333 4884 456 4942 racione
480 4883 563 4941 bona
583 4882 674 4941 nobis
696 4888 751 4941 aut
770 4885 1001 4943 successoribus
1025 4886 1138 4944 nostris
1173 4890 1226 4942 aut
1248 4884 1388 4958 capitulo
1412 4884 1450 4943 de
