3278 5348
188 423 246 482 166
599 425 672 484 Dec.
696 438 763 481 122.
786 458 829 467 -
852 426 908 482 An.
933 421 1025 502 1438.

182 639 333 709 italicum,
357 639 520 708 Briccium,
555 640 725 713 Georgium
761 646 913 699 sartorem
943 645 973 699 et
1003 640 1167 700 Nicolaum
1202 643 1282 702 alias
1315 641 1444 720 judices;

182 747 255 803 item
280 747 453 804 Fabianum
478 746 657 811 litteratum.
681 748 808 821 Fryche,
829 747 1009 821 Georgium,
1033 748 1136 806 filium
1159 749 1317 810 Francisci
1336 758 1368 810 et
1383 752 1447 810 Bla-

181 853 272 923 sium,
295 852 398 911 filium
423 853 615 926 Wythezych
631 859 662 912 et
684 855 762 912 alios
785 851 901 928 juratos
920 856 1003 913 cives
1019 860 1049 913 et
1069 860 1168 914 totam
1191 859 1447 917 communitatem

182 959 315 1017 civitatis
338 960 452 1017 montis
482 958 644 1018 Grecensis
668 959 706 1017 de
729 961 816 1018 iuxta
839 960 1035 1034 Zagrabiam,
1061 961 1216 1035 quasdam
1239 963 1362 1022 litteras
1384 981 1448 1023 res·

182 1070 246 1123 tras
269 1066 480 1139 inquisitorias
503 1072 533 1123 et
556 1067 747 1124 evocatorias
770 1066 898 1124 domino
921 1066 1123 1141 sigismundo
1146 1068 1271 1143 pridem
1305 1072 1374 1145 regi
1407 1070 1446 1129 ad

182 1187 273 1229 suum
297 1173 417 1244 regium
440 1172 661 1230 litteratorium
683 1172 866 1230 mandatum
889 1175 1065 1247 rescriptas,
1088 1182 1259 1234 asserentes
1290 1178 1448 1235 accionem

181 1283 212 1335 et
235 1279 485 1352 proposicionem
508 1279 582 1336 dicti
607 1279 736 1353 capituli
758 1279 869 1337 litteris
893 1280 1042 1337 contineri
1064 1280 1096 1337 in
1119 1279 1245 1353 eisdem,
1275 1281 1377 1341 eidem
1401 1299 1450 1341 co·

183 1386 253 1444 miti
276 1386 411 1443 Mathius
435 1392 639 1458 presentasset
663 1385 871 1444 declarando:
903 1385 987 1458 quod
1018 1386 1147 1459 Blasius,
1177 1385 1263 1445 filius
1293 1387 1451 1448 Benedicti

183 1493 222 1550 de
245 1491 462 1564 Therzthenylr
482 1494 593 1565 regius,
618 1509 653 1549 ac
680 1492 830 1550 discretus
853 1493 902 1549 vir
925 1491 1078 1564 Georgius
1100 1492 1255 1566 presbiter
1278 1494 1368 1553 chori
1398 1511 1447 1554 ec·

183 1599 275 1656 clesie
298 1604 401 1655 vestre
424 1599 563 1672 predicte
587 1597 811 1672 prebendarius
834 1603 945 1668 vester,
975 1599 1117 1656 homines
1140 1599 1172 1655 in
1194 1597 1314 1657 eisdem
1339 1600 1452 1660 litteris

182 1705 364 1763 nominatim
382 1706 557 1778 conscripti,
573 1704 612 1762 ad
635 1705 819 1777 regiumque
835 1704 1055 1762 litteratorium
1068 1703 1251 1763 mandatum
1265 1708 1450 1779 transmissi,

182 1811 258 1869 feria
281 1816 392 1884 quarta
415 1812 559 1885 proxima
582 1817 653 1885 post
676 1811 865 1868 dominicam
899 1810 1187 1885 Ramispalmarum
1212 1812 1245 1870 in
1269 1812 1355 1872 dicto
1370 1829 1449 1873 anno

185 1919 376 1991 preteritam,
401 1919 431 1974 in
455 1919 603 1975 comitatu
626 1917 818 1990 zagrabiensi
849 1916 945 1975 simul
979 1916 1190 1991 procedentes,
1225 1918 1266 1976 ab
1303 1920 1450 1978 omnibus

183 2024 297 2096 quibus
321 2022 473 2081 decuisset
494 2031 524 2081 et
540 2025 678 2082 licuisset
694 2024 799 2097 palam
812 2030 842 2081 et
858 2024 978 2081 occulte
991 2023 1156 2096 diligenter
1178 2023 1217 2082 de
1238 2024 1449 2101 infrascriptis

182 2128 366 2201 inquirendo
391 2131 485 2187 talem
517 2131 678 2189 scivissent
701 2132 883 2188 veritatem:
909 2129 1066 2203 quomodo
1101 2130 1241 2203 prefatus
1273 2133 1449 2191 Anthonius

181 2234 306 2292 italicus
328 2234 431 2310 judex,
456 2237 600 2302 Briccius.
625 2236 786 2309 Georgius
800 2242 911 2307 sartor,
941 2237 1026 2318 Jaxe,
1061 2235 1145 2294 filius
1176 2237 1359 2311 Bolethych,
1395 2241 1451 2297 hii·

183 2341 281 2412 chael,
303 2341 388 2399 filius
412 2342 593 2414 Sebastiani,
607 2344 757 2401 Martinus
779 2357 906 2416 parvus,
921 2342 1084 2423 Johannes,
1107 2341 1210 2418 jurati,
1234 2344 1352 2417 aliique
1367 2346 1451 2404 cives

182 2455 212 2505 et
235 2450 373 2523 hospites
396 2451 530 2509 civitatis
553 2451 668 2508 montis
701 2449 864 2508 Grecensis
888 2449 919 2506 in
942 2463 1022 2506 anno
1045 2449 1132 2506 cuius
1155 2454 1227 2508 tunc
1251 2456 1363 2524 quarta
1380 2468 1451 2526 pre·

181 2555 301 2612 terisset
323 2556 496 2614 revollucio
527 2558 609 2614 circa
642 2556 756 2614 festum
791 2556 1014 2626 Penthecostes,
1046 2560 1119 2613 tunc
1142 2557 1337 2631 preteritum,
1373 2575 1449 2616 curn

183 2663 424 2736 quampluribus
447 2664 605 2735 equitibus
627 2670 656 2720 et
680 2663 837 2737 peditibus
860 2677 954 2719 manu
974 2669 1093 2719 armata
1116 2662 1155 2719 ad
1176 2661 1337 2735 quoddam
1355 2663 1450 2724 fenile

182 2768 279 2841 ipsius
302 2770 430 2841 capituli
454 2785 553 2843 prope
576 2771 710 2827 insulam
734 2768 837 2826 Rodes
862 2768 1005 2826 habitum
1029 2769 1189 2841 irruentes,
1212 2768 1366 2828 fossatum
1400 2772 1449 2846 ip-

181 2875 245 2932 sius
269 2875 370 2932 senilis
393 2892 465 2932 cum
489 2877 635 2934 maximis
659 2876 823 2934 laboribus
846 2881 876 2932 et
899 2875 1041 2948 expensis
1064 2876 1096 2932 in
1120 2876 1249 2949 antiquo
1266 2877 1332 2935 eius
1355 2894 1449 2936 cursu

182 2988 364 3039 renovatum
389 2983 510 3055 replere
533 2990 563 3040 et
586 3000 656 3040 cum
680 2982 844 3055 superficie
867 2988 949 3039 terre
971 2980 1076 3039 taliter
1108 2981 1258 3055 adequari
1294 2981 1450 3058 fecissent,

180 3094 215 3145 ut
234 3104 289 3145 nec
313 3088 462 3146 fossatum
486 3091 529 3146 ibi
553 3089 646 3147 tuisse
669 3089 873 3163 apparuisset.
897 3089 934 3145 Et
957 3086 1082 3145 tandem
1107 3101 1220 3161 pecora
1243 3095 1274 3147 et
1306 3090 1444 3163 pecudes

182 3197 279 3268 ipsius
303 3197 437 3253 civitatis
469 3198 499 3254 in
525 3198 627 3270 ipsum
653 3197 745 3254 fenile
777 3197 900 3270 impelli
923 3201 953 3253 et
987 3196 1046 3252 sub
1081 3200 1275 3253 armatorum
1309 3198 1450 3256 custodia

183 3302 326 3374 pluribus
350 3303 460 3360 diebus
483 3310 512 3361 et
535 3306 677 3362 noctibus
701 3304 786 3376 pasci
817 3303 967 3373 iecissent,
1002 3318 1059 3375 per
1093 3301 1177 3375 quod
1213 3303 1318 3375 ipsum
1355 3303 1449 3362 fenile

183 3408 404 3467 destruxissent
428 3416 457 3467 et
481 3411 727 3468 annichilassent.
759 3410 805 3466 De
844 3424 905 3481 quo
943 3423 1004 3466 non
1042 3409 1177 3466 contenti
1208 3407 1324 3482 prefati
1346 3407 1449 3485 jurati,

181 3531 298 3572 necnon
323 3517 467 3575 Nicolaus
489 3515 583 3592 judex
606 3524 635 3574 et
658 3518 764 3574 Petrus
788 3517 963 3588 ilungarus,
986 3516 1131 3573 similiter
1152 3512 1256 3589 judex,
1279 3532 1351 3573 cum
1375 3518 1445 3576 aliis

182 3622 280 3694 ipsius
304 3624 437 3681 civitatis
459 3625 579 3681 civibus
596 3625 627 3681 in
644 3639 723 3681 anno
741 3631 812 3681 tunc
828 3624 971 3696 proxime
990 3628 1143 3680 transacto
1159 3621 1309 3695 preterito
1325 3623 1356 3681 in
1385 3639 1448 3681 ma·

181 3726 280 3803 jurem
297 3729 409 3802 prelati
432 3731 559 3802 capituli
584 3732 817 3804 obpressionem
841 3745 969 3802 gregem
992 3729 1090 3801 ipsius
1114 3728 1248 3786 civitatis
1269 3744 1327 3801 per
1351 3735 1447 3787 totam

182 3841 310 3892 estatem
334 3837 364 3893 in
388 3837 457 3909 ipso
481 3837 568 3895 senili
591 3839 735 3895 similiter
757 3837 816 3894 sub
850 3835 990 3893 custodia
1014 3835 1324 3908 quamplurimorum
1347 3851 1447 3894 arma·

182 3949 286 4001 torum
315 3945 399 4016 pasci
424 3943 564 4002 iecissent
588 3952 617 4002 et
640 3944 797 4007 custodiri.
816 3944 1022 4017 disponentes
1047 3948 1081 3998 ut
1104 3942 1130 3999 si
1153 3941 1222 4014 quis
1245 3941 1343 4000 homo
1365 3943 1448 4018 capi·

180 4050 240 4106 tuli
256 4050 287 4106 in
303 4051 371 4123 ipso
393 4049 479 4108 senili
494 4052 681 4125 reperiretur
697 4051 815 4109 ibidem
831 4049 1063 4120 interficeretur,
1087 4063 1223 4122 quorum
1238 4055 1323 4107 metu
1342 4051 1447 4108 nullus

182 4157 276 4214 homo
299 4158 427 4230 capituli
452 4157 490 4215 ad
526 4160 627 4231 ipsum
663 4157 755 4215 fenile
791 4174 847 4230 pro
884 4158 948 4214 eius
983 4155 1207 4213 reformacione
1242 4161 1273 4212 et
1307 4156 1448 4214 custodia

182 4264 227 4320 ire
261 4263 432 4334 debuisset;
456 4280 517 4336 quo
552 4267 595 4322 sic
629 4266 691 4322 iam
725 4272 770 4321 tot
805 4265 924 4321 vicibus
959 4262 1113 4320 destructo
1145 4267 1174 4318 et
1197 4261 1366 4320 anichilato
1391 4279 1448 4337 per

181 4371 360 4428 huiusmodi
383 4372 523 4444 ipsorum
548 4376 631 4429 metu
666 4377 694 4427 et
717 4368 865 4428 tirranide
889 4370 1007 4428 dictum
1032 4369 1124 4426 fenile
1147 4369 1188 4425 ab
1211 4369 1281 4442 ipso
1306 4370 1448 4444 capitulo

183 4477 312 4534 alienari
337 4483 365 4533 et
387 4478 447 4534 sibi
478 4478 553 4550 ipsis
578 4477 791 4550 potencialiter
814 4476 1019 4549 appropriare
1052 4476 1273 4532 conarerentur
1307 4475 1448 4548 potencia

182 4582 338 4640 mediante
362 4584 393 4640 in
416 4584 514 4656 ipsius
538 4584 668 4657 capituli
691 4582 897 4656 preiudicium
922 4589 951 4639 et
975 4582 1149 4655 dampnum
1172 4579 1266 4638 valde
1289 4595 1448 4655 magnum.

183 4687 272 4747 Unde
296 4688 377 4746 facta
394 4690 572 4748 huiusmodi
590 4691 790 4762 inquisicione
807 4690 915 4746 eadem
940 4689 989 4746 die
1012 4687 1224 4762 inquisicionis
1239 4695 1449 4747 memoratum

182 4793 383 4868 Stephanum,
408 4795 510 4853 filium
524 4796 691 4866 Michaelis,
708 4804 780 4854 tune
792 4794 936 4870 judicem,
954 4796 1102 4866 Blasiurn,
1125 4793 1229 4852 filium
1244 4791 1449 4867 Wythezyeh,

181 4901 374 4973 Michaelern,
399 4902 501 4959 filium
539 4903 720 4974 sebastiani,
758 4903 949 4960 Anthonium
984 4902 1138 4973 italicum,
1172 4899 1329 4958 Briccium
1351 4900 1450 4961 Dom-
