3278 5348
190 453 256 516 4¹0
617 433 693 492 Doc.
711 441 786 509 325.
809 464 851 476 -
876 431 932 491 An.
954 427 1045 510 1481.

192 652 330 711 dominio
362 649 541 709 earumdem
575 649 696 723 penitus
726 647 921 706 excludendo
952 650 1095 725 potencia
1119 643 1282 710 mediante
1304 651 1337 710 in
1359 653 1454 726 preiu·

193 759 307 818 dicium
332 766 360 815 et
378 757 550 832 dampnum
567 756 707 829 ipsorum
723 761 866 813 actorum
889 755 982 813 valde
1007 770 1164 828 magnum.
1182 749 1307 816 Dehinc
1322 752 1455 817 volentes

192 865 287 924 iidem
322 863 440 922 domini
474 862 604 921 Michael
638 861 771 921 decanus
805 866 836 918 et
870 861 1023 934 Georgius
1060 862 1224 936 plebanus,
1245 856 1456 938 prebendarii,

192 978 346 1046 pretactas
369 977 466 1026 terras
489 968 624 1026 arabiles
647 973 677 1026 et
708 966 814 1025 senilia
845 962 905 1024 sibi
928 973 958 1025 et
981 966 1071 1026 dictis
1094 967 1165 1026 aliis
1189 962 1409 1042 prebendariis
1429 979 1457 1029 et
1486 983 1488 986 ·

191 1078 253 1135 aris
269 1091 378 1134 eorum
394 1075 432 1133 de
447 1072 514 1151 jure
532 1081 561 1132 et
578 1073 762 1147 abantiquo
778 1073 934 1147 pertinere
950 1072 1064 1131 debere
1086 1072 1293 1148 declarantes,
1310 1077 1456 1151 quasdam

192 1189 324 1256 quatuor
348 1182 476 1252 litteras,
499 1195 592 1238 unam
609 1180 686 1238 olim
704 1178 823 1238 domini
845 1178 1027 1249 Eberhardi,
1043 1178 1212 1238 secundam
1231 1196 1311 1240 vero
1327 1182 1454 1241 condam

192 1287 311 1346 domini
334 1286 458 1345 Andree
480 1293 510 1345 et
533 1287 660 1344 terciam
679 1285 812 1345 condam
830 1284 948 1343 domini
971 1284 1120 1369 Johanuis
1142 1286 1367 1361 episcoporum
1386 1288 1461 1347 dicte

191 1393 320 1451 ecclesie
342 1393 558 1465 zagrabiensis,
584 1392 830 1467 privilegialiter,
847 1397 991 1465 quartam
1008 1406 1083 1451 vero
1106 1398 1136 1450 et
1158 1392 1311 1452 ultimam
1326 1400 1460 1453 nostram

190 1497 430 1557 affirmatoriam
460 1504 602 1572 patenter
632 1506 806 1570 emanatas,
837 1498 928 1557 uobis
957 1498 1104 1556 exhibere
1135 1504 1294 1557 curarunt.
1323 1499 1460 1574 Quarum

192 1606 304 1679 prima,
340 1614 423 1679 puta,
456 1604 530 1662 dicti
561 1604 679 1663 domini
711 1603 884 1662 Eberhardi
914 1603 1054 1677 episcopi
1084 1601 1461 1677 zagrabiensis,'secuudo

192 1711 241 1768 die
262 1711 332 1769 testi
355 1711 601 1785 Epiphaniarum
625 1710 752 1780 domini,
775 1725 855 1768 anno
887 1709 1026 1769 eiusdem
1055 1710 1226 1768 millesimo
1251 1712 1457 1784 quadringen-

192 1817 303 1875 tesimo
327 1817 431 1891 primo
464 1823 605 1875 emanata
636 1816 833 1887 declarabat,
857 1815 941 1890 qucd
974 1815 1098 1874 discreti
1122 1821 1153 1875 et
1175 1816 1301 1876 honesti
1323 1819 1387 1878 viri
1407 1818 1457 1876 do·

191 1924 269 1982 mini
292 1922 491 1997 prebendarii
514 1922 642 1981 ecclesie
663 1922 870 1996 zagrabiensis
902 1922 1041 1981 eiusdem
1064 1922 1244 1982 accedentes
1278 1924 1311 1982 in
1339 1941 1459 1999 presen-

191 2028 271 2087 ciam
293 2028 436 2101 detegere
459 2029 658 2101 curavissent,
693 2028 852 2104 quomodo
882 2029 1020 2088 universi
1050 2028 1287 2102 predecessores
1320 2031 1456 2091 eiusdem

191 2133 310 2193 domini
333 2135 506 2193 Eberhardi
530 2136 677 2210 episcopi,
694 2135 830 2193 decimas
853 2150 962 2193 eorum
985 2135 1025 2193 de
1040 2135 1170 2209 singulis
1194 2136 1295 2195 vineis
1318 2138 1455 2213 ipsorum

191 2256 227 2299 ac
258 2239 348 2299 terris
376 2241 513 2314 propriis
543 2240 582 2298 ad
620 2241 761 2314 ipsorum
791 2240 966 2314 prebendas
997 2241 1038 2299 ab
1061 2242 1190 2315 antiquo
1212 2242 1405 2316 pertinentes
1426 2244 1456 2303 iu

191 2354 413 2422 posterumque
436 2347 474 2404 ad
499 2346 623 2405 easdem
655 2348 808 2421 pertinere
832 2346 998 2418 debendas,
1024 2348 1252 2421 provenientes,
1278 2364 1408 2423 prorsus
1429 2357 1457 2407 et

191 2469 249 2528 per
271 2455 376 2511 omnia
400 2469 458 2527 pro
482 2452 672 2528 quibusdam
689 2453 780 2511 certis
800 2454 903 2512 missis
927 2453 1131 2526 celebrandis,
1154 2453 1267 2513 litteris
1291 2456 1323 2514 in
1339 2455 1453 2515 eisdem

191 2558 384 2632 specificatis,
417 2559 575 2617 duxissent
606 2558 814 2631 remittendas,
845 2559 1012 2634 ipsumque
1042 2558 1205 2619 dominum
1237 2561 1453 2620 Eberhardum

191 2666 373 2738 episcopum
396 2665 568 2724 subiectiva
584 2681 676 2739 prece
696 2671 865 2739 rogassent,
889 2673 922 2724 ut
945 2665 1029 2724 idem
1046 2671 1114 2724 rata
1136 2673 1166 2725 et
1188 2675 1319 2741 accepta
1341 2668 1453 2727 habere

190 2786 226 2828 ac
261 2771 377 2829 eisdem
412 2771 598 2830 confirmare
632 2771 821 2845 dignaretur.
856 2773 926 2848 Ipse
962 2773 1056 2845 igitur
1087 2772 1232 2831 dominus
1255 2773 1452 2833 Eberhardus

191 2878 354 2950 episcopus
384 2877 493 2935 nolens
517 2877 684 2950 intringere
705 2879 876 2937 sanctiones
905 2893 1034 2937 suorum
1057 2878 1324 2954 predecessorum,
1349 2886 1447 2955 postu·

189 2982 342 3041 lacionem
376 2983 559 3041 eorumdem
587 2982 702 3059 justam
734 3000 911 3058 agnoscens,
944 2984 1101 3061 predictas
1124 2987 1287 3044 universas
1324 2986 1457 3047 decimas

189 3088 321 3161 singulis
344 3090 430 3148 annis
462 3088 500 3147 de
523 3090 621 3148 vineis
645 3096 674 3149 et
706 3091 796 3150 terris
827 3090 1038 3165 sepefatorum
1062 3091 1263 3152 dominorum
1287 3093 1456 3168 prebenda·

188 3194 307 3253 riorum
332 3196 495 3269 provenire
525 3195 691 3269 debendas,
716 3198 874 3271 perpetuis
897 3196 1009 3255 futuris
1032 3198 1227 3272 temporibus
1251 3197 1391 3258 duxisset
1412 3214 1455 3257 re·

188 3301 353 3360 mittendas
375 3308 405 3359 et
435 3302 627 3376 relaxandas,
660 3312 689 3362 et
712 3310 850 3377 pretacta
882 3304 1136 3378 predecessorum
1159 3319 1288 3364 suorum
1312 3314 1381 3365 acta
1395 3307 1454 3364 suis

187 3407 300 3467 litteris
323 3409 530 3469 mediantibus
553 3410 774 3470 confirmasset
791 3410 930 3470 Secunda
946 3428 1022 3470 vero
1039 3410 1230 3483 earumdem,
1249 3418 1329 3487 puta
1343 3412 1452 3487 prefati

187 3515 320 3574 condam
343 3515 461 3573 domini
491 3515 614 3575 Andree
637 3518 776 3591 episcopi
799 3518 1007 3590 zagrabiensis
1029 3518 1148 3576 habens
1168 3517 1200 3576 in
1223 3533 1256 3577 se
1279 3525 1454 3593 transump-

188 3622 251 3679 tive
286 3628 423 3680 tenorem
455 3622 637 3680 earumdem
666 3625 842 3682 litterarum
872 3624 947 3683 dicti
978 3624 1097 3683 domini
1119 3624 1293 3684 Eberhardi
1318 3624 1453 3699 episcopi

186 3729 402 3800 zagrabiensis,
425 3730 557 3788 sabbato
580 3729 725 3804 proximo
741 3737 811 3804 post
828 3729 941 3788 festum
958 3732 1153 3790 Visitacionis
1174 3731 1305 3803 virginis
1320 3731 1453 3805 gloriose

187 3849 267 3892 anno
291 3836 408 3895 domini
422 3836 590 3895 millesimo
607 3835 912 3909 quadringentesimo
934 3852 1016 3895 nono
1036 3836 1184 3906 coniecta,
1206 3836 1360 3896 edocebat
1377 3839 1452 3896 inter

186 3941 257 4010 alia,
282 3942 365 4013 quod
389 3942 474 4000 idem
499 3942 643 4000 dominus
667 3942 807 4001 Andreas
831 3943 995 4018 episcopus
1019 3945 1152 4018 acceptis
1168 3944 1452 4019 supplicacionibus

188 4045 405 4103 universorum
430 4048 710 4120 prebendariorum
733 4048 814 4108 dicte
837 4050 965 4108 ecclesie
981 4051 1189 4123 zagrabiensis
1211 4049 1273 4109 sibi
1296 4051 1451 4125 porrectis,

185 4151 344 4209 attendens
378 4168 417 4209 ex
450 4153 629 4212 huiusmodi
663 4154 807 4214 decimali
842 4156 1036 4215 relaxacione
1071 4157 1191 4216 cultum
1226 4155 1369 4215 divinum
1392 4170 1450 4214 non

184 4255 343 4313 modicum
377 4259 560 4329 excrevisse,
593 4260 729 4334 prefatas
760 4263 880 4321 litteras
904 4263 942 4321 de
974 4264 1072 4320 verbo
1103 4261 1142 4320 ad
1167 4262 1302 4321 verbum
1325 4263 1451 4321 insertas

184 4362 285 4433 quoad
311 4376 418 4421 omnes
440 4381 510 4422 suas
542 4366 705 4439 clausulas,
729 4377 861 4443 punctos
892 4376 921 4428 et
945 4370 1092 4428 articulos
1115 4374 1305 4444 acceptasset
1328 4374 1360 4429 et
1381 4369 1450 4428 rati·

182 4464 321 4539 dicasset,
346 4476 375 4527 et
398 4471 600 4530 nihilomiuus
624 4476 665 4532 ob
691 4475 788 4534 divini
812 4476 914 4534 cultus
938 4483 1140 4549 augmentum
1163 4481 1193 4534 et
1209 4474 1368 4535 dictorum
1383 4490 1449 4550 pre·

183 4571 403 4634 bendariorum
431 4578 679 4639 comodosiorem
709 4583 966 4642 sustentacionem
992 4582 1178 4656 innovando,
1199 4588 1354 4658 perpetuo
1376 4581 1452 4641 vali·

183 4684 268 4737 turas
300 4682 519 4743 confirmasset.
562 4685 671 4746 Tereia
706 4688 839 4763 denique
874 4705 982 4747 earum
1016 4690 1134 4748 scilicet
1165 4688 1300 4749 condam
1335 4687 1452 4748 domini

180 4782 330 4865 Johanuis
354 4790 493 4865 episcopi
516 4791 620 4851 littera
642 4794 859 4869 privilegialis,
882 4795 1034 4870 Zagrabie
1056 4797 1089 4855 in
1111 4793 1191 4854 festo
1214 4796 1300 4856 beati
1322 4796 1450 4867 untho

182 4890 277 4950 lomei
307 4898 449 4969 apostoli,
482 4913 563 4957 anno
598 4898 717 4959 domiui
750 4903 923 4962 millesimo
959 4903 1268 4978 quadringentesimo
1297 4904 1450 4979 vigesimo
