3278 5348
594 420 666 479 Dec.
684 433 759 496 342.
786 452 825 462 -
849 419 906 480 An.
931 414 1020 495 1487.
1381 439 1444 500 429

182 637 280 694 nostri
303 634 466 694 Sclauonie
497 637 632 693 mineras
664 634 779 693 salium
809 635 991 711 perquirere
1022 638 1052 691 et
1075 650 1134 709 pro
1158 637 1319 695 maiestate
1339 642 1444 697 nostra

182 756 336 817 occupare
366 741 485 800 debeat.
517 741 589 799 Ideo
621 740 766 801 fidelitati
795 745 898 798 vestre
921 740 1033 798 harum
1056 741 1135 801 serie
1155 741 1348 817 mandamus,
1372 759 1449 818 qua·

182 854 271 906 tenus
294 849 399 906 statim
422 848 496 906 visis
512 847 715 922 presentibus,
741 862 836 905 unum
859 861 897 905 ex
913 847 1091 912 hominibus
1106 849 1217 907 vestris
1233 865 1327 924 penes
1342 852 1447 927 ipsum

183 953 372 1027 Gregorium
385 953 424 1012 de
436 954 622 1026 Zthwbycza
635 952 797 1026 deputetis,
811 954 864 1026 qui
881 953 912 1013 in
927 953 1111 1026 inquirendo
1128 956 1306 1018 huiusmodi
1323 958 1448 1017 mineris

182 1060 297 1118 salium
331 1061 432 1118 eidem
467 1060 554 1118 omni
585 1059 702 1117 auxilio
733 1065 764 1116 et
794 1060 970 1121 assistencia
1002 1059 1110 1119 adesse
1133 1060 1260 1133 debeat;
1283 1064 1449 1137 providea-

182 1167 293 1240 tisque,
317 1173 350 1225 ut
373 1167 553 1239 iobagiones
576 1166 681 1236 vestri,
705 1167 758 1240 qui
782 1182 876 1240 super
898 1167 956 1223 hac
978 1183 1020 1237 re,
1045 1182 1101 1240 per
1124 1169 1209 1241 ipsos
1231 1169 1373 1238 homines
1393 1185 1448 1232 nu·

182 1279 264 1331 stros
286 1274 490 1347 inquirentur,
514 1273 648 1330 mineras
672 1272 851 1331 huiusmodi
874 1271 1010 1330 fideliter
1032 1272 1174 1345 referant,
1197 1280 1314 1334 etcum
1330 1275 1447 1336 eisdem

181 1380 363 1439 bominibus
386 1379 499 1437 nostris
523 1378 702 1453 procedant.
733 1378 826 1436 Secus
850 1379 953 1451 igitur,
983 1380 1008 1438 si
1031 1381 1262 1441 ammissionem
1294 1383 1449 1442 bonorum

183 1492 359 1544 vestrorum
383 1487 500 1545 evitare
524 1485 644 1558 cupitis,
667 1500 729 1542 non
753 1484 872 1544 faciatis
902 1485 1018 1543 Datum
1042 1486 1129 1547 Bude
1148 1488 1280 1547 sabbato
1302 1490 1449 1563 proximo

182 1601 255 1668 post
279 1593 448 1651 Ambrosii.
472 1593 561 1651 Anno
585 1591 837 1650 MCCCCLXXX
860 1601 954 1651 sexto.

289 1705 321 1762 (Α
340 1705 429 1767 tergo).
449 1700 635 1758 Honorabili
658 1699 797 1773 capitulo
820 1700 947 1759 ecclesie
963 1701 1178 1773 zagrabiensis,
1195 1700 1342 1764 fidelibus
1357 1703 1451 1775 nobis

181 1805 312 1865 dilectis.
1173 1820 1176 1825 ⁴

289 1943 422 2006 Originale
440 1944 468 1992 in
487 1942 582 1994 charta.
613 1943 639 1990 A
666 1950 738 2004 tergo
773 1944 909 2006 vestigium
938 1945 1055 2031 impres'si
1085 1924 1172 2008 sigilli.
1203 1944 1240 1994 In‘
1255 1945 1370 1996 archivio
1389 1962 1446 1998 ven.

184 2031 270 2096 Capit.
292 2031 353 2082 eccl.
373 2032 473 2095 zagrab.
1364 2038 1367 2045 '

775 2242 861 2310 342.

288 2387 369 2436 Anno
392 2388 466 2450 1487,
487 2387 527 2438 26.
544 2387 660 2452 januarii
685 2385 834 2449 Zagrabiae.

189 2509 383 2570 Communitas
417 2514 544 2572 civitatis
580 2513 682 2570 montis
723 2511 873 2569 Grecensis
902 2512 1053 2586 fratribus
1085 2513 1223 2571 Eremt'tis
1253 2516 1382 2579 concedit.
1414 2526 1449 2577 ut

182 2619 287 2675 turrim
319 2619 349 2676 in
381 2620 497 2676 civitate
527 2621 617 2677 sitam
641 2626 805 2676 restaurent
825 2619 855 2675 in
878 2637 967 2692 eaque
993 2638 1081 2675 unum
1113 2620 1286 2693 inquilinum
1307 2623 1446 2682 collocent.

290 2763 353 2821 Nos
376 2765 582 2821 communitas
606 2765 721 2821 civium
746 2764 879 2821 civitatis
902 2764 1015 2822 montis
1039 2763 1200 2824 Grecensis
1223 2763 1261 2822 de
1283 2762 1369 2840 juxta
1393 2768 1448 2826 Za·

183 2869 334 2943 grabiam.
358 2868 406 2926 Ad
431 2871 648 2927 universorum
672 2870 865 2943 presencium
897 2875 927 2927 et
957 2868 1135 2928 futurorum
1166 2871 1312 2937 noticiam
1335 2873 1447 2932 harum

182 2977 261 3035 serie
283 2977 430 3033 volumus
454 2977 626 3049 pervenire,
647 2975 730 3049 quod
754 2990 810 3033 nos
832 2983 955 3034 matura
978 2976 1215 3047 deliberacione,
1238 2976 1448 3054 deligentique

183 3083 313 3141 consilio
333 3098 368 3140 ac
392 3084 529 3141 unanimi
552 3085 712 3140 voluntate
735 3083 814 3140 inter
836 3098 893 3140 nos
913 3083 1093 3157 probabitis,
1118 3082 1350 3144 considerantes·
1371 3100 1442 3160 quo·

183 3189 279 3246 modo
304 3190 396 3246 turris
421 3194 541 3246 murata
565 3188 698 3247 fratrum
723 3190 954 3247 Heremitarum
985 3205 1039 3247 seu
1070 3189 1198 3247 claustri
1230 3190 1319 3249 beate
1351 3192 1448 3252 Marie

185 3295 315 3367 virginis
337 3294 368 3352 in
392 3295 607 3369 promontorio
631 3296 823 3368 zagrabiensi
846 3295 967 3353 fundati
990 3311 1062 3353 cum
1084 3296 1149 3353 suis
1172 3294 1276 3354 lundis
1299 3304 1329 3355 et
1353 3301 1448 3372 perti-

183 3400 299 3459 nenciis
323 3401 353 3458 in
378 3401 501 3459 civitate
523 3407 628 3459 nostra
652 3417 687 3458 ac
711 3401 790 3460 inter
813 3417 868 3459 nos
891 3417 909 3458 a
932 3407 1020 3475 parte
1043 3400 1188 3459 videlicet
1203 3402 1398 3462 meridionali
1415 3411 1446 3462 et

184 3509 262 3565 inter
286 3506 398 3565 fundos
420 3522 456 3565 ac
479 3509 583 3566 civilia
607 3507 737 3566 condam
756 3509 869 3566 Mathie
893 3508 1054 3566 Thechech
1070 3524 1108 3566 ex
1125 3523 1193 3579 una,
1211 3510 1351 3582 partibus
1368 3524 1446 3569 vero

184 3629 221 3671 ex
245 3614 343 3671 altera
366 3614 443 3671 olim
465 3614 587 3672 discreti
612 3613 728 3671 domini
753 3613 857 3672 Alexii
872 3615 1046 3688 presbiteri,
1062 3615 1237 3672 concivium
1260 3620 1447 3690 nostrorum,

187 3720 293 3778 habita
317 3727 347 3777 et
371 3721 511 3789 existens,
536 3720 635 3778 dictos
659 3721 769 3778 fratres
800 3722 975 3780 lleremitas
997 3725 1027 3779 et
1050 3722 1222 3779 claustrum
1245 3736 1354 3779 eorum
1377 3738 1448 3797 pre·

186 3825 313 3896 dictum,
338 3834 431 3900 prout
462 3843 499 3884 ex
531 3827 622 3885 certis
653 3827 764 3885 litteris
786 3829 899 3885 nostris
922 3843 1027 3886 coram
1049 3829 1139 3886 nobis
1162 3828 1352 3902 specietenus
1376 3843 1449 3902 pro·

183 3931 284 3990 ductis
317 3938 347 3989 et
378 3933 524 3990 exhibitis
557 3932 691 3991 vidimus
722 3933 806 3992 clare
836 3935 993 4006 contineri,
1025 3934 1171 4007 empticio
1202 3939 1233 3992 et
1263 3934 1358 4009 pleno
1379 3933 1448 4011 jure

184 4053 381 4111 concernens,
416 4039 456 4096 ab
480 4040 558 4097 olim
592 4045 622 4098 et
657 4041 696 4097 ab
731 4041 858 4113 antiquo
895 4041 1038 4115 pluribus
1062 4041 1222 4102 retroactis
1243 4042 1448 4114 temporibus,

185 4144 283 4202 immo
318 4145 415 4202 eciam
452 4147 635 4219 priusquam
669 4146 751 4204 dicto
782 4147 918 4204 claustro
948 4151 1028 4205 esset
1058 4145 1192 4218 vendita,
1220 4146 1449 4227 habitatoribus

186 4248 294 4309 luisset
318 4249 462 4309 destituta
483 4258 576 4325 atque
602 4253 722 4325 penitus
747 4252 874 4323 deserta,
899 4270 937 4311 ex
959 4254 1046 4311 cuius
1069 4253 1162 4310 turris
1186 4252 1373 4324 desercione,
1396 4253 1448 4312 de⁴

186 4357 348 4416 stitucione
380 4364 410 4415 et
440 4350 562 4417 deiectu
592 4359 652 4416 hiis
682 4360 846 4433 presertim
879 4360 1041 4433 impacatis
1064 4367 1093 4418 et
1117 4375 1135 4418 a
1158 4359 1267 4418 Turcis
1290 4360 1448 4419 timorosis

182 4463 378 4537 temporibus
401 4468 505 4522 nostre
528 4464 654 4535 civitati,
671 4465 948 4539 communitatique
970 4481 1031 4523 non
1056 4481 1171 4540 parvus
1194 4467 1295 4538 timor,
1311 4464 1448 4526 formido

184 4575 277 4642 atque
312 4583 413 4642 pavor
443 4568 529 4640 foret,
561 4570 742 4643 cautelaque
773 4587 895 4629 summe
925 4573 1095 4630 necessaria
1126 4571 1165 4629 ad
1189 4573 1249 4630 boc
1271 4572 1448 4631 adhibenda

183 4676 329 4746 restabat
353 4676 395 4733 ob
418 4676 585 4750 peticiones
609 4677 706 4734 eciam
732 4676 886 4736 dictorum
916 4676 1049 4735 fratrum
1073 4678 1305 4735 Heremitarum
1329 4677 1369 4736 ad
1391 4693 1448 4737 nos

185 4780 317 4855 proinde
340 4780 444 4852 lactas,
468 4797 586 4840 necnon
609 4783 650 4840 ob
674 4784 883 4842 reverenciam
907 4790 937 4842 et
960 4800 1048 4858 spem
1078 4798 1114 4842 ac
1137 4784 1347 4855 devocionem,
1371 4800 1449 4858 quas

182 4885 223 4946 ad
238 4888 460 4962 venerabilem,
475 4889 796 4965 gloriosissimamque
810 4891 991 4965 genitricem
1008 4893 1155 4951 creatoris
1171 4897 1200 4950 et
1217 4890 1335 4951 domini
1350 4891 1448 4951 nostri
