3278 5348
190 434 228 475 ro
605 416 676 471 Dae.
701 428 747 469 ro,
772 446 814 454 —
838 413 893 470 An.
919 409 1010 489 1406.

185 633 347 704 sequentis.
371 630 589 704 supplicantes
612 629 721 687 exinde
745 630 873 685 culmini
889 635 995 686 nostro
1011 629 1197 693 nominibus,
1214 629 1330 700 quibus
1348 642 1445 701 supra,

185 737 345 795 humiliter
379 742 409 794 et
444 736 567 810 devote,
600 743 634 793 ut
668 738 772 810 ipsum
808 736 1009 808 privilegium
1045 741 1147 792 ratum
1184 734 1329 792 habendo
1359 742 1447 806 atque

185 849 307 916 gratum
331 858 390 916 pro
411 844 487 915 ipsis
512 844 633 900 civibus
657 843 769 899 nostris
794 842 831 898 de
856 847 960 899 monte
983 840 1131 899 Grecensi
1154 841 1249 898 simul
1266 856 1338 897 cum
1355 840 1446 898 liber·

184 950 309 1020 tatibus,
333 949 500 1006 donacione
524 957 605 1006 terre
628 948 746 1022 pretate
769 957 798 1005 et
821 948 890 1004 aliis
912 949 942 1006 in
966 963 1002 1004 eo
1026 947 1184 1017 contentis,
1208 947 1313 1021 ipsum
1337 946 1448 1003 nostris

187 1056 298 1112 litteris
329 1056 421 1112 inseri
445 1055 586 1112 faciendo
610 1056 806 1125 verbotenus,
827 1056 974 1112 innovare
1005 1060 1035 1111 et
1066 1058 1217 1127 perpetuo
1248 1052 1449 1125 dignaremur

184 1162 353 1219 valiturum
378 1161 569 1218 confirmare.
594 1161 689 1217 Cuius
713 1167 799 1218 tenor
824 1162 894 1218 talis
918 1166 963 1217 est
987 1168 1016 1218 et
1041 1177 1096 1234 per
1119 1160 1223 1216 omnia
1253 1160 1396 1231 sequitur
1419 1160 1450 1216 in

184 1269 239 1324 hec
264 1268 376 1324 verba:
402 1261 568 1344 (videvol.
594 1268 614 1324 l.
638 1268 711 1324 Doc.
741 1267 808 1324 128.
845 1267 882 1323 de
913 1283 991 1324 anno
1031 1282 1121 1340 1324.
1158 1265 1187 1325 8.
1224 1260 1349 1342 martii).
1385 1266 1448 1323 Nos

185 1374 278 1445 igitur
302 1378 518 1430 annotatorum
536 1374 614 1431 Petri
633 1373 741 1430 iudicis
765 1389 882 1431 necnon
899 1373 1006 1430 Choon
1023 1380 1053 1430 et
1068 1373 1216 1454 Johannis
1232 1372 1350 1428 civium
1366 1371 1447 1430 dicte

186 1480 318 1536 civitatis
341 1486 443 1536 nostre
467 1479 505 1535 de
530 1487 632 1536 monte
657 1480 802 1536 Grecensi
819 1479 1103 1552 supplicacionibus
1119 1477 1262 1535 antelatis
1279 1493 1335 1550 per
1352 1479 1445 1552 ipsos,

183 1586 361 1642 nominibus
385 1585 498 1656 quibus
522 1601 624 1658 supra,
649 1592 751 1642 nostre
775 1587 911 1643 subiecte
935 1587 1048 1642 oblatis
1072 1585 1233 1654 maiestati,
1256 1584 1342 1655 regia
1366 1584 1449 1642 beni·

182 1691 297 1763 gnitate
321 1689 473 1747 exauditis
497 1697 526 1747 et
551 1691 719 1747 clementer
742 1691 886 1750 admissis
903 1693 1112 1766 prescriptum
1129 1692 1332 1766 privilegium
1349 1691 1446 1764 ipsius

182 1797 314 1854 condam
345 1796 463 1853 domini
494 1796 603 1854 Karoli
633 1798 715 1869 regis
747 1813 808 1856 non
843 1801 999 1869 abrasum,
1022 1813 1082 1855 non
1106 1798 1313 1855 cancellatum
1338 1797 1447 1854 necin

182 1905 287 1976 aliqua
311 1904 358 1961 sui
380 1911 469 1976 parte
493 1912 671 1976 suspectum
698 1904 751 1961 sed
776 1921 903 1978 prorsus
926 1904 1011 1961 omni
1042 1904 1255 1976 ambiguitatis
1287 1908 1316 1960 et
1350 1903 1447 1976 suspi-

182 2010 277 2066 cionis
301 2011 449 2083 scrupulo
474 2025 590 2077 carens
614 2026 722 2082 ymmo
747 2013 863 2069 sincere
888 2011 1027 2068 veritatis
1048 2009 1222 2082 integritate
1255 2008 1446 2082 prepollens,

182 2116 377 2187 presentibus
401 2117 589 2173 verbotenus
619 2119 738 2189 absque
769 2117 908 2189 qualibet
932 2117 1115 2184 variacione,
1146 2115 1357 2172 diminucione
1393 2130 1446 2171 seu

183 2227 349 2292 augmento
372 2222 403 2277 in
427 2223 642 2293 superioribus
666 2225 823 2293 insertum,
856 2222 959 2295 quoad
992 2239 1099 2280 omnes
1129 2237 1199 2279 suas
1232 2222 1447 2291 continencias,

182 2327 338 2384 clausulas
361 2334 390 2384 et
413 2328 560 2385 articulos
577 2336 782 2402 acceptamus,
800 2330 1013 2402 approbamus
1029 2334 1060 2386 et
1074 2328 1265 2387 ratificamus
1281 2343 1317 2384 ac
1343 2328 1448 2400 ipsum

182 2449 240 2507 pro
264 2434 467 2492 fidelitatibus
491 2441 520 2491 et
543 2436 638 2507 gratis
662 2437 886 2508 obsequiorum
902 2435 1022 2492 meritis
1038 2435 1179 2507 ipsorum
1196 2434 1313 2491 civium
1331 2440 1362 2492 et
1378 2434 1450 2490 hos·

182 2541 283 2613 pitum
307 2556 365 2612 pro
388 2540 583 2613 utilitateque
597 2548 626 2598 et
637 2541 803 2599 commodo
814 2557 849 2599 ac
872 2542 1124 2613 augmentacione
1141 2539 1294 2597 antedicte
1310 2540 1446 2598 civitatis

182 2654 285 2704 nostre
321 2647 359 2704 de
394 2654 498 2704 monte
533 2648 679 2706 Grecensi
714 2648 809 2706 simul
844 2664 915 2704 cum
950 2648 1110 2704 tenoribus
1145 2645 1386 2719 privilegiorum
1410 2661 1447 2704 ac

182 2755 298 2811 cunctis
314 2754 519 2825 libertatibus,
532 2754 773 2824 condicionibus,
790 2752 1126 2825 consuetudinibusque
1142 2768 1258 2810 necnon
1276 2751 1450 2826 prescripta

182 2867 265 2918 terra
280 2861 361 2917 circa
377 2866 515 2917 montem
531 2859 633 2918 Grech
652 2860 852 2932 eiusdemque
870 2860 967 2930 metis,
985 2859 1228 2917 limitacionibus
1244 2865 1273 2915 et
1289 2857 1449 2917 distanciis

182 2967 324 3040 superius
347 2967 377 3024 in
401 2967 517 3023 eisdem
542 2967 700 3023 tenoribus
724 2966 855 3039 limpide
886 2966 1057 3039 explicatis
1081 2965 1213 3037 aliisque
1249 2965 1382 3036 singulis
1418 2966 1450 3023 in

182 3075 257 3146 ipsis
281 3074 439 3142 contentis
464 3089 549 3130 mera
573 3074 754 3130 auctoritate
777 3073 862 3145 regia
886 3079 915 3130 et
938 3072 1100 3145 potestatis
1123 3071 1316 3145 plenitudine
1351 3087 1387 3129 ac
1411 3071 1450 3129 de

182 3188 265 3238 certa
288 3180 418 3237 sciencia
441 3186 543 3236 nostre
568 3180 743 3248 maiestatis,
769 3180 1024 3251 prelatorumque
1052 3183 1081 3236 et
1096 3179 1252 3235 baronum
1267 3184 1449 3234 nostrorum

182 3293 361 3359 prematuro
385 3287 513 3342 consilio
537 3300 594 3358 pro
618 3285 692 3356 ipsis
716 3285 845 3354 civibus,
869 3285 1055 3357 hospitibus,
1081 3298 1252 3356 eorumque
1285 3285 1449 3356 posterita-

181 3395 264 3450 tibus
288 3400 316 3449 et
340 3392 566 3449 successoribus
589 3391 790 3462 quibuslibet,
821 3391 901 3448 dicta
936 3406 1060 3463 quoque
1094 3392 1226 3461 civitate,
1261 3391 1446 3449 innovantes

182 3507 333 3573 perpetuo
358 3499 528 3554 valiturum
553 3498 726 3553 testimonio
762 3498 956 3569 presencium
991 3496 1221 3566 confirmamus,
1257 3496 1346 3552 salvo
1381 3495 1450 3571 jure

182 3606 293 3662 alieno,
318 3605 351 3660 ln
376 3605 462 3660 cuius
492 3605 536 3660 rei
569 3605 752 3660 memoriam
789 3610 1034 3676 perpetuamque
1070 3604 1251 3660 firmitatem
1286 3611 1448 3677 presentes

182 3710 297 3768 eisdem
323 3711 527 3767 concessimus
552 3710 669 3765 litteras
693 3716 812 3765 nostras
836 3710 1047 3780 privilegiales
1071 3709 1233 3782 pendentis
1257 3714 1285 3765 et
1302 3711 1451 3767 autentici

182 3819 277 3889 sigilli
302 3817 398 3873 nostri
425 3817 498 3871 novi
530 3814 686 3887 dupplicis
718 3817 887 3873 munimine
910 3817 1080 3873 roboratas.
1104 3816 1219 3872 Datum
1244 3832 1300 3888 per
1333 3831 1445 3873 manus

181 3922 342 3981 reverendi
359 3923 389 3978 in
408 3921 531 3978 Christo
549 3922 648 3994 patris
664 3921 781 3978 domini
799 3922 971 3978 Eberhardi
988 3923 1125 3994 episcopi
1143 3922 1360 3993 zagrabiensts,
1377 3924 1449 3982 aule

182 4038 283 4086 nostre
307 4030 445 4101 sumprni
469 4029 653 4095 cancellarii,
678 4027 780 4084 fidelis
803 4030 900 4084 nostri
924 4028 1036 4086 dilecti.
1067 4032 1157 4086 Anno
1190 4029 1308 4087 domini
1344 4031 1448 4088 mille·

181 4137 260 4193 simo
281 4135 584 4206 quadringentesimo
608 4143 703 4205 sexto,
728 4144 838 4207 quarto
862 4135 931 4191 idus
954 4133 1092 4209 januarii.
1116 4136 1213 4207 Regni
1229 4141 1333 4193 autem
1350 4138 1450 4195 nostri

182 4256 261 4298 anno
295 4240 416 4298 decimo
447 4251 566 4298 octavo.
601 4241 840 4298 venerabilibus
871 4243 900 4298 in
932 4241 1056 4298 Christo
1079 4243 1221 4315 patribus
1241 4246 1271 4299 et
1294 4242 1431 4302 dominis

182 4347 346 4404 Valentino
372 4347 453 4405 tituli
477 4354 579 4404 sancte
609 4347 721 4404 Sabine
753 4355 945 4405 sacrosancte
969 4364 1096 4406 romane
1120 4349 1247 4405 ecclesie
1271 4349 1448 4420 presbitero

181 4453 337 4510 cardinale
361 4461 390 4510 et
413 4455 539 4511 ecclesie
573 4455 901 4526 quinqueecclesiensls
925 4457 1141 4526 gubernatore,
1172 4454 1311 4535 Johanne
1335 4455 1447 4527 strigo-

181 4560 286 4630 niensi,
322 4561 474 4617 colocensi
511 4567 540 4617 et
573 4559 707 4634 jadrensi
742 4561 866 4618 sedibus
901 4562 1092 4631 vacantibus,
1118 4560 1242 4618 Andrea
1264 4559 1444 4633 spalatensi,

180 4667 278 4722 altero
302 4666 425 4724 Andrea
449 4667 627 4739 ragusiensi,
660 4668 914 4740 archiepiscopis,
947 4668 1027 4724 Luca
1060 4666 1253 4739 waradiensi,
1284 4664 1442 4740 Stephano

182 4773 379 4843 transiliam,
392 4773 501 4829 eodem
519 4772 644 4829 dornino
661 4774 838 4831 Eherlrardo
854 4775 1054 4846 zagrabtensi,
1067 4774 1200 4846 agriensi
1217 4772 1290 4831 sede
1308 4778 1444 4845 vacante,

180 4877 318 4960 Johanne
341 4879 496 4949 boznensi,
520 4879 746 4952 wesprimiensi
770 4880 841 4937 sede
867 4886 1002 4951 vacante,
1033 4881 1174 4964 Johanne
1204 4877 1361 4956 jauriensi,
1390 4894 1442 4936 va·
