3278 5348
731 1477 762 1543 1.

214 1671 295 1722 Anno
318 1682 393 1734 1400,
416 1669 455 1722 16,
474 1670 599 1734 Augusti.
619 1669 766 1735 Zegrabiae.

121 1832 221 1891 Coram
252 1835 426 1908 magistratu
456 1833 667 1891 communitatis
696 1833 771 1891 civit.
801 1834 906 1892 montis
935 1834 1086 1894 Grecensis
1106 1835 1241 1893 Andreae
1265 1834 1379 1910 &pan

551 1958 622 2016 civis
643 1957 759 2016 heredes
780 1958 948 2017 herciscunt

215 2136 280 2193 Nos
310 2136 409 2209 Chun,
440 2129 526 2195 filius
547 2137 708 2221 Johannis,
738 2137 841 2210 iudex,
866 2139 974 2211 Pyero,
998 2137 1188 2210 Benedictus,
1214 2137 1377 2211 Georgius,

114 2242 297 2313 Demetrius,
321 2242 471 2317 Andreas,
494 2242 657 2317 Georgius,
681 2242 856 2317 Stephanus
879 2250 909 2302 et
939 2244 1117 2317 Gregorius,
1148 2245 1250 2316 iurati,
1279 2246 1379 2303 consi·

113 2348 190 2406 liarii
219 2353 250 2405 et
281 2349 420 2408 universi
450 2350 534 2408 cives
565 2350 681 2408 montis
712 2349 907 2408 Grechensis.
938 2351 1088 2408 Memorie
1118 2349 1379 2422 commendantes,

113 2462 214 2513 tenore
238 2457 437 2528 presencium
460 2455 680 2529 significamus,
705 2456 819 2529 quibus
843 2456 969 2529 expedit
992 2457 1162 2514 universis:
1189 2456 1273 2530 quod
1305 2471 1380 2529 pro·

112 2561 199 2619 vidus
222 2561 273 2619 vir
296 2562 464 2634 Myclinus,
488 2561 620 2621 condam
643 2560 745 2632 iudex,
768 2577 902 2620 unacum
933 2561 1058 2619 domina
1089 2563 1293 2634 Margaretha,
1324 2578 1380 2620 sua

112 2672 257 2738 consorte,
279 2666 346 2726 filia
369 2667 516 2727 videlicet
538 2668 662 2727 Andree
685 2667 817 2740 Pulyani
840 2669 881 2725 ab
905 2683 973 2739 una,
1005 2674 1093 2741 parte
1120 2684 1196 2726 vero
1220 2685 1258 2726 ex
1281 2669 1379 2727 altera

113 2773 241 2846 provida
276 2772 404 2832 domina
438 2776 528 2833 Anna
562 2780 694 2846 vocata,
725 2775 835 2832 relicta
869 2774 1001 2848 predicti
1035 2774 1159 2832 Andree
1194 2775 1319 2833 Pnliani
1349 2781 1380 2832 et

121 2880 268 2938 discretus
290 2881 340 2938 vir
361 2879 507 2939 dominus
529 2881 647 2952 Petrus,
671 2879 756 2938 filius
780 2879 893 2954 prefati
915 2880 1049 2952 Andree,
1072 2881 1236 2939 canonicus
1252 2882 1380 2939 ecclesie

120 2985 332 3058 zagrabiensis,
355 2987 452 3044 nostri
475 2986 626 3057 concives,
650 2984 690 3043 ad
719 2991 857 3043 nostram
881 2986 1086 3059 personaliter
1116 2986 1273 3043 venientes
1306 3003 1379 3060 pre·

117 3085 250 3149 senciam
272 3090 404 3150 confessi
426 3093 591 3150 extiterunt
614 3091 743 3150 oraculo
767 3107 876 3150 eorum
895 3093 965 3149 vive
987 3093 1072 3149 vocis
1088 3092 1120 3149 in
1136 3093 1217 3149 hunc
1233 3091 1378 3150 modum:

112 3197 193 3269 quod
216 3198 277 3272 ipsi
301 3196 339 3257 de
364 3197 554 3271 quibusdam
571 3198 820 3273 possessionibus
836 3214 890 3256 seu
907 3198 1157 3272 possessionariis
1175 3199 1376 3271 porcionibus

112 3304 206 3362 nostri
229 3304 259 3361 in
283 3304 391 3363 medio
413 3320 450 3363 ac
473 3306 504 3363 in
528 3305 685 3364 territorio
708 3304 848 3379 predicte
871 3305 1005 3362 civitatis
1029 3305 1094 3362 sitis
1118 3309 1147 3362 et
1163 3304 1377 3375 existentibus,

111 3424 203 3484 super
226 3410 311 3482 ipsos
330 3409 519 3469 hereditario
535 3411 611 3469 iuris
630 3411 720 3469 titulo
737 3410 1061 3479 condescendentibus,
1079 3411 1175 3467 talem
1191 3409 1377 3467 divisionem

111 3516 283 3573 retulerunt
306 3516 386 3574 inter
408 3532 441 3574 se
465 3515 589 3575 fecisse:
614 3518 758 3590 quatinus
781 3517 948 3575 duodecim
971 3518 1123 3575 sessiones
1146 3517 1177 3573 in
1201 3515 1288 3585 villa,
1320 3515 1377 3573 Po·

111 3621 222 3693 bresya
245 3628 364 3695 vocata,
387 3623 484 3681 simul
507 3638 579 3681 cum
602 3624 755 3682 universis
778 3624 849 3681 aliis
873 3624 963 3681 terris
986 3624 1159 3680 arabilibus
1187 3620 1225 3678 ad
1252 3620 1377 3679 easdem

109 3727 260 3785 sessiones
283 3728 518 3800 pertinentibus,
542 3729 618 3787 item
642 3728 776 3801 quedam
800 3729 893 3785 tercie
915 3729 1026 3785 subtus
1049 3726 1207 3801 quandam
1230 3726 1377 3785 arborem

109 3835 194 3890 nucis
217 3847 317 3907 prope
340 3849 468 3893 murum
490 3835 624 3893 civitatis
647 3836 726 3893 intra
749 3840 847 3892 terras
870 3834 991 3892 Nicolai
1025 3835 1162 3905 Mahnyn
1185 3834 1268 3905 sitas,
1300 3833 1376 3891 duo-

105 3938 207 3998 decim
230 3938 329 3998 dietas
351 3940 383 3998 in
408 3956 441 3999 se
466 3942 664 4013 continentes,
689 3957 724 3999 ac
748 3940 809 3999 due
842 3947 946 4014 partes
978 3940 1138 3999 cuiusdam
1170 3939 1231 3997 orti
1262 3939 1372 3997 subtus

106 4060 233 4104 murum
256 4052 360 4104 nostre
385 4046 529 4106 civitatis
551 4048 632 4106 inter
653 4055 738 4106 ortos
772 4049 946 4106 liberorum
978 4046 1109 4105 condam
1141 4045 1314 4103 Sebastiani
1346 4052 1376 4104 et

105 4152 281 4211 liberorum
303 4152 437 4211 condam
460 4154 609 4213 Anthonii
631 4155 745 4227 Reynis
779 4155 853 4212 sitas
860 4173 867 4225 ;
902 4155 975 4212 item
999 4152 1134 4226 quedam
1165 4151 1278 4210 domus
1308 4167 1374 4209 mu·

104 4268 170 4317 rata
194 4258 290 4317 simul
312 4275 384 4318 cum
409 4257 506 4318 fundo
529 4266 560 4317 et
581 4260 651 4318 aliis
675 4258 806 4319 edificiis
828 4261 891 4319 suis
913 4261 994 4318 intra
1017 4258 1130 4317 fundos
1157 4257 1232 4316 dicti
1256 4257 1375 4316 domini

103 4364 234 4436 liyclini
256 4364 368 4423 iudicis
391 4371 421 4423 et
442 4381 498 4423 sue
520 4366 670 4425 consortis
694 4368 891 4440 Margaretha
914 4371 1097 4439 nuncupate,
1128 4380 1223 4423 unam
1255 4366 1375 4423 curiam

102 4479 132 4530 et
156 4477 302 4544 quartam
324 4476 449 4546 partem
471 4472 556 4530 curie
578 4472 619 4531 ad
640 4489 733 4532 usum
757 4480 861 4532 nostre
884 4473 1017 4530 civitatis
1041 4472 1072 4530 in
1099 4487 1132 4529 se
1156 4473 1372 4543 continentem,

102 4577 133 4635 in
156 4577 206 4636 ius
229 4582 260 4636 et
282 4578 508 4652 proprietatem
530 4578 661 4655 prefatis
684 4579 810 4638 domine
833 4582 923 4638 Anna
947 4584 1055 4638 vocate
1090 4584 1120 4636 et
1156 4579 1248 4636 Petro
1282 4591 1373 4634 cano·

103 4684 173 4742 nico
197 4682 266 4742 filio
289 4683 365 4745 dicti
387 4684 511 4744 Andree
534 4686 703 4759 cessissent,
727 4700 836 4759 ymmo
859 4685 950 4744 cessit
973 4699 1078 4743 coram
1102 4684 1194 4742 nobis
1219 4683 1286 4740 iure
1302 4696 1372 4754 per·

101 4796 198 4864 petuo
222 4796 253 4848 et
275 4790 524 4850 irrevocabiliter
545 4791 778 4867 possidendum,
803 4790 969 4851 tenendum
992 4791 1109 4866 pariter
1133 4795 1163 4847 et
1179 4785 1370 4858 habendum,

99 4912 138 4954 ac
160 4894 249 4955 iuxta
272 4896 487 4957 condicionem
509 4896 591 4957 dicte
613 4898 748 4959 civitatis
763 4899 805 4957 ab
820 4899 950 4971 antiquo
964 4896 1184 4971 abprobatum,
1200 4891 1372 4967 quomodo·

1249 5015 1263 5060 r
