3278 5348
610 445 685 505 Dm.
711 440 783 502 188.
808 474 849 487 -
873 444 929 500 An.
956 453 1043 520 1457.

788 654 872 721 188.

293 798 374 847 Anno
395 810 470 864 1457,
493 811 514 850 1.
531 798 614 864 Junii.
631 798 728 849 Budae.

186 916 345 982 ladislaus
374 925 552 998 Hunganue
585 933 633 983 etc.
663 944 726 994 rex,
755 924 981 982 communitatem
1011 924 1145 991 ciuitatis,
1175 939 1210 977 nc
1240 919 1341 992 Popoo
1371 924 1453 974 turen

540 1033 666 1107 coptmlo
689 1027 841 1099 reddatur,
864 1029 998 1104 impedire
1020 1036 1107 1090 vetat.

891 1169 1045 1220 commissio
1064 1168 1168 1233 propria
1187 1165 1284 1215 domini
1303 1165 1379 1228 regis.

293 1283 456 1342 Ladislaus
480 1284 531 1343 dei
553 1285 657 1358 gracia
680 1284 847 1356 Hungan‘e,
870 1282 1025 1352 Bohemie,
1054 1280 1223 1350 Dalmacie,
1248 1276 1375 1335 Croacie
1398 1283 1453 1332 etc.

186 1404 251 1461 rex,
268 1389 454 1464 Austrieque
469 1397 500 1449 et
522 1389 614 1449 Stirie
638 1390 718 1460 dux,
743 1405 862 1448 necnon
884 1389 1024 1446 marchio
1048 1386 1186 1444 Morauie
1210 1391 1267 1442 etc.
1292 1381 1452 1440 Fidelibus

187 1497 301 1554 nostris
322 1495 428 1573 judici,
452 1495 568 1572 juratis,
593 1497 764 1569 ceterisque
786 1496 908 1554 civibus
930 1495 1064 1552 civitatis
1096 1500 1200 1550 nostre
1231 1490 1345 1548 montis
1377 1485 1453 1546 Gre-

188 1603 286 1660 censis
309 1603 442 1661 salutem
466 1611 496 1661 et
518 1605 668 1675 graciam.
691 1603 771 1676 Quia
794 1618 850 1660 nos
874 1617 934 1659 una
957 1617 1029 1658 cum
1053 1599 1199 1674 plurimis
1222 1596 1359 1671 prelatiS,
1382 1594 1453 1650 bar-

188 1708 317 1765 ronibus
351 1714 380 1766 et
416 1710 600 1767 consiliariis
634 1711 755 1777 nostris,
790 1709 899 1767 fideles
930 1714 1052 1766 nostros
1074 1704 1257 1764 honorabile
1280 1700 1453 1774 capitulum

188 1814 317 1872 ecclesie
341 1815 549 1886 zagrabiensis
584 1830 678 1889 super
701 1813 837 1888 quadam
861 1814 939 1871 turri
962 1812 1091 1886 capituli
1115 1809 1253 1867 eiusdem
1275 1808 1307 1865 in
1329 1806 1453 1864 civitate

188 1925 293 1977 nostra
327 1922 442 1979 montis
479 1919 641 1980 Grecensis
676 1921 814 1994 predicta
849 1935 884 1977 ac
919 1921 1015 1977 vestri
1049 1920 1081 1976 in
1114 1916 1218 1974 medio
1250 1915 1366 1983 habita,
1398 1928 1453 1985 per

187 2024 320 2083 condam
348 2027 475 2107 comites
500 2027 579 2085 Cilie
601 2029 641 2084 ab
666 2028 742 2101 ipsis
765 2027 903 2100 capitulo
926 2027 1028 2083 minus
1052 2026 1129 2082 iuste
1152 2028 1183 2080 ct
1205 2021 1341 2079 indebite
1364 2033 1453 2075 occu·

187 2136 269 2204 pata,
292 2132 423 2205 plenum
456 2131 505 2208 jus
538 2134 654 2190 habere
688 2137 719 2190 et
752 2132 790 2190 ad
826 2131 961 2201 cosdem,
996 2130 1168 2204 capitulum
1202 2125 1399 2198 zagrabiense
1423 2128 1453 2181 et

187 2238 343 2295 neminem
366 2238 464 2296 alium
488 2241 642 2312 pertinere
665 2239 825 2297 evidenter
848 2242 878 2296 et
901 2238 1063 2295 manifeste
1086 2234 1305 2308 comperimus,
1329 2232 1370 2288 ob
1394 2232 1452 2287 hoc

186 2358 251 2415 nos,
274 2358 396 2402 morem
431 2344 685 2418 predecessorum
719 2350 897 2403 nostrorum
933 2359 1043 2416 regum
1075 2341 1207 2415 predicti
1238 2338 1324 2410 regni
1355 2337 1451 2394 nostri

186 2450 354 2523 Hungaric,
379 2452 431 2524 qui
455 2451 536 2509 bona
561 2458 590 2508 et
612 2459 781 2524 proventus
805 2451 1007 2508 ecclesiarum
1031 2454 1061 2506 et
1091 2448 1304 2505 ministrorum
1336 2442 1452 2499 Christi

186 2556 270 2614 soliti
306 2562 393 2614 erant
428 2560 629 2629 augmentare
663 2558 771 2630 pocius
806 2572 900 2630 quam
933 2557 1119 2623 diminuere,
1152 2551 1267 2610 imitari
1301 2550 1451 2620 volentes,

188 2664 398 2737 prescriptam
434 2663 543 2720 turrim
579 2662 705 2720 antefati
741 2663 879 2736 capituli,
903 2664 943 2719 ab
967 2661 1075 2719 codem
1099 2659 1246 2732 capitulO,
1271 2655 1364 2713 modo
1388 2668 1450 2726 quo

186 2784 290 2842 supra,
312 2771 526 2843 potencialiter
548 2772 737 2828 abstractam
761 2777 790 2829 et
813 2777 1007 2844 occupatam,
1031 2786 1068 2826 ex
1092 2772 1176 2825 certa
1199 2771 1304 2824 nostra
1321 2761 1451 2820 sciencia

185 2880 216 2932 et
238 2876 343 2933 animo
363 2876 537 2934 deliberato
561 2877 677 2934 eisdem
701 2877 854 2934 canonicis
876 2882 905 2933 et
929 2876 1066 2949 capitulo
1090 2874 1170 2931 dicte
1194 2871 1321 2929 ecclesie
1345 2881 1449 2940 ragra-

184 2981 308 3052 biensis,
332 2983 431 3041 veluti
454 2985 617 3056 proprium
641 2981 689 3058 jus
709 2985 849 3056 ipsorum
874 3000 930 3055 per
954 2983 1031 3039 alias
1056 2982 1174 3039 litteras
1196 2984 1317 3036 nostras
1340 2973 1451 3032 exinde

184 3086 338 3146 confectas
372 3090 403 3146 in
436 3096 622 3162 perpetuum
653 3091 837 3162 reliquimus
871 3095 900 3146 et
933 3089 1110 3146 remisimus
1144 3083 1371 3160 possidendam,
1408 3088 1450 3137 te-

184 3194 328 3264 nendam,
352 3195 469 3268 pariter
492 3205 521 3252 et
545 3194 729 3253 habendam.
754 3195 855 3267 Quam
880 3195 922 3251 ob
946 3210 1011 3252 rem
1036 3193 1179 3250 fidelitati
1204 3198 1305 3248 vestre
1339 3189 1450 3245 harum

183 3301 261 3358 serie
285 3300 418 3358 firmiter
441 3301 674 3371 committimus,
698 3302 742 3358 sic
765 3302 890 3358 omnino
915 3301 1029 3358 habere
1054 3299 1201 3368 volentes,
1227 3302 1378 3370 quatenus
1401 3292 1448 3350 ul·

183 3406 289 3464 teriori
323 3406 470 3464 mandato
504 3413 610 3464 nostro
645 3407 811 3481 superinde
846 3423 907 3464 non
938 3412 1109 3480 expectato
1142 3411 1313 3478 pretactam
1338 3401 1449 3458 turrim

184 3513 326 3586 ipsorum
351 3514 383 3570 in
407 3513 509 3571 medio
533 3520 635 3571 vestre
657 3514 860 3572 habitacionis
884 3530 955 3570 cum
980 3513 1177 3587 pertinenciis
1213 3509 1352 3568 eiusdem
1384 3507 1451 3563 uni-

185 3619 281 3676 versis
315 3619 355 3676 ad
390 3618 519 3676 eandem
550 3621 591 3676 ab
623 3622 752 3693 antiquo
785 3621 997 3694 spectantibus
1034 3627 1063 3676 et
1087 3620 1240 3692 pertinere
1264 3614 1450 3672 debentibus

184 3725 248 3783 sine
272 3726 357 3782 omni
382 3740 470 3782 mora
493 3732 523 3782 et
547 3725 731 3783 difficultate
755 3726 870 3784 eisdem
895 3727 1033 3799 capitulo
1057 3726 1215 3783 remittere
1239 3735 1268 3780 et
1300 3721 1449 3787 relaxare,

183 3846 356 3904 manusque
380 3839 497 3888 vestras
521 3831 559 3888 de
591 3832 699 3889 eadem
732 3833 853 3906 penitus
884 3833 1025 3903 excipere
1055 3831 1201 3888 debeatis.
1232 3828 1325 3886 Secus
1358 3825 1451 3897 igitur

183 3952 244 3996 non
281 3935 401 4008 facturi,
436 3938 574 4010 alioquin
608 3939 823 3996 commisimus
854 3945 883 3995 ct
906 3939 984 3995 serie
1009 3939 1201 4011 presencium
1225 3933 1449 3993 committimus

184 4042 270 4100 fideli
305 4048 411 4099 nostro
446 4043 612 4113 magnifico
647 4044 768 4116 Hening
803 4043 841 4100 de
873 4044 1081 4114 Zomzedwar,
1107 4044 1255 4114 magistro
1278 4055 1450 4112 agasonum

183 4155 370 4219 nostrorum,
406 4154 556 4221 quatenus
590 4150 656 4223 ipse
691 4166 747 4206 vos
782 4149 820 4206 ad
854 4150 1003 4222 premissa
1038 4148 1234 4206 observanda
1268 4147 1451 4204 auctoritate

163 4260 288 4313 nostra
312 4255 507 4326 presentibus
530 4256 592 4313 sibi
615 4256 646 4313 in
669 4258 726 4313 hac
758 4262 845 4329 parte
880 4257 1055 4330 specialiter
1090 4271 1232 4312 concessa
1267 4262 1296 4311 et
1331 4253 1450 4311 iusticia

183 4367 368 4436 exposcente
392 4377 448 4435 per
464 4362 600 4420 remedia
616 4369 793 4436 opportuna
814 4363 985 4436 compellat
1004 4370 1034 4420 et
1050 4363 1209 4434 astringat.
1231 4362 1348 4418 Datum
1366 4360 1449 4417 Bude

182 4466 260 4526 feria
293 4472 404 4540 quarta
428 4469 570 4542 proxima
592 4476 662 4543 post
686 4468 798 4526 festum
822 4469 1008 4526 ascensionis
1032 4469 1167 4525 Domini.
1197 4469 1287 4524 Anno
1310 4466 1448 4523 eiusdem

183 4573 355 4632 millesimo
378 4574 683 4647 quadringentesimo
707 4576 965 4648 quinquagesimo
985 4576 1126 4648 septimo.
1151 4575 1329 4647 Regnorum
1345 4578 1448 4630 autem

182 4686 372 4751 nostrorum,
395 4695 476 4737 anno
499 4681 658 4754 ilungarie
682 4686 736 4739 etc.
760 4681 881 4739 decimo
906 4682 1048 4755 septimo,
1073 4681 1219 4740 Bohemie
1239 4695 1314 4738 vero
1330 4682 1448 4753 quarto.

290 4834 424 4900 Originnle
443 4835 471 4884 in
489 4834 584 4886 charta
623 4837 654 4883 In
673 4836 787 4899 margine
806 4835 923 4885 inferiori
941 4836 1093 4900 impressum
1112 4843 1151 4884 est
1170 4834 1292 4899 sigillum.
1329 4836 1361 4882 In
1379 4831 1447 4882 arch.

184 4938 242 4976 ven.
262 4923 325 4990 Cap.
345 4924 447 4990 aagrab.
467 4924 529 4976 Act.
549 4940 604 4990 cap.
624 4931 675 4976 ant.
695 4925 756 4976 fasc.
780 4937 818 4976 10.
838 4940 877 4975 nr.
897 4924 920 4973 6.
