3278 5348
186 403 226 457 50
611 383 683 439 Dec.
705 395 753 458 41.
774 415 819 425 -
841 381 888 438 An
924 391 1012 457 1425.

291 601 376 672 Item,
401 615 517 669 omnes‚
541 614 653 673 porcos
677 604 844 668 servantes,
868 612 920 654 eos
943 598 1002 654 sub
1018 598 1170 654 clausuris
1186 602 1291 654 tenere
1308 594 1448 663 debeant

184 725 222 767 ne
245 708 367 765 civibus
391 706 529 779 dampna
551 704 663 762 faciant
686 705 746 778 ipsi
769 704 856 777 porci
879 719 936 777 per
959 703 1093 760 civitatis
1109 703 1228 776 plateas
1245 702 1449 758 ambulantes.

185 814 217 872 Si
241 814 310 887 quis
333 822 436 870 autem
462 813 600 885 aliquem
624 813 763 885 ipsorum
782 825 949 884 porcorum
966 811 997 867 in
1014 823 1070 866 suo
1087 809 1224 881 dampno
1240 807 1450 881 repperiendo

185 920 375 989 mactaverit,
400 919 476 975 tales
500 934 612 991 porcos
635 916 729 992 judex
754 922 783 973 et
806 913 899 990 jurati
923 929 981 988 pro
1005 931 1037 972 se
1063 916 1200 987 recipere
1234 916 1363 987 possint,
1397 913 1451 971 do·

185 1027 270 1084 mino
294 1039 369 1081 vero
393 1025 479 1097 porci
502 1025 589 1081 nulla
613 1024 731 1081 solucio
755 1021 949 1096 inpendatur.

290 1130 377 1194 Item,
401 1130 497 1187 simili
520 1129 615 1186 modo
637 1130 733 1203 porci.
760 1129 866 1200 quiin
899 1128 1004 1200 platea
1035 1145 1086 1185 seu
1121 1129 1189 1185 vico
1221 1127 1368 1185 exteriori
1400 1134 1451 1184 aut

185 1239 374 1308 ubicumque
398 1237 428 1292 in
453 1237 604 1293 suburbio
628 1236 761 1293 civitatis
784 1235 958 1304 existentes,
982 1251 1089 1291 muros
1113 1234 1209 1308 ipsius
1226 1234 1362 1292 civitatis
1380 1235 1451 1291 sule

185 1342 332 1413 foderent,
357 1342 433 1398 tales
457 1357 568 1414 porcos
591 1340 683 1416 jurati
707 1341 792 1397 illius
816 1340 887 1396 anni
911 1355 969 1412 pro
992 1338 1093 1414 judice
1117 1344 1147 1397 et
1170 1355 1228 1413 pro
1261 1339 1373 1413 seipsis
1404 1356 1449 1397 re·

185 1451 287 1522 cipere
314 1449 437 1504 valeant
459 1454 552 1520 atque
576 1448 703 1521 possint,
728 1446 973 1504 contradiccione
997 1447 1128 1520 hospitis
1150 1448 1247 1520 ipsius
1272 1447 1361 1520 porci
1391 1462 1450 1503 non

185 1556 326 1612 obstante
350 1569 395 1625 eo,
418 1553 501 1626 quod
526 1555 591 1626 ipse
616 1561 824 1624 transgressor
847 1554 954 1609 statuti
978 1554 1209 1610 communitatis
1232 1559 1279 1610 est
1299 1560 1450 1626 repertus.

290 1661 376 1729 item,
401 1661 506 1716 nullus
530 1661 656 1716 omnino
679 1659 842 1716 hominum
859 1658 1010 1715 cadavera
1027 1660 1212 1716 animalium
1228 1660 1366 1716 cuiusvis
1382 1674 1449 1716 con·

186 1767 314 1824 dicionis
339 1767 369 1823 in
393 1767 513 1839 plateas
536 1767 674 1840 proicere
698 1782 753 1821 nec
776 1764 815 1821 ad
840 1765 1011 1837 pallacium
1036 1766 1125 1837 regis.
1161 1781 1217 1822 nec
1241 1766 1340 1822 eciam
1364 1772 1451 1822 extra

186 1873 354 1947 portellam
390 1873 523 1930 civitatis
558 1878 765 1943 campestrem
800 1878 933 1944 portare,
969 1871 1141 1928 conducere
1172 1887 1225 1928 seu
1252 1872 1376 1929 trahere
1399 1878 1451 1928 aut

185 1980 324 2053 proicere
348 1985 378 2035 et
402 1978 522 2035 deterre
545 1977 657 2034 debeat
680 1977 775 2034 modo
799 1978 937 2050 aliquali,
972 1979 997 2033 si
1032 1978 1101 2049 quis
1137 1984 1241 2035 autem
1276 1985 1387 2035 contra
1420 1977 1450 2035 id

186 2084 286 2142 lacere
309 2085 543 2157 presumpserit,
567 2098 625 2157 pro
649 2098 728 2156 pena
752 2099 823 2140 cum
843 2084 1001 2155 sexaginta
1036 2082 1177 2153 denariis,
1202 2097 1260 2156 pro
1292 2089 1451 2158 perpetra·

185 2192 270 2247 cione
294 2191 357 2260 tali,
382 2207 418 2247 eo
441 2191 524 2262 quod
550 2191 775 2263 perpetraverit
796 2190 906 2261 solvat,
923 2194 1039 2246 etcum
1056 2189 1125 2246 aliis
1142 2190 1301 2260 sexaginta
1318 2189 1451 2247 denariis

185 2296 304 2353 delerat
326 2304 356 2353 et
379 2296 521 2369 deportet
545 2304 631 2352 extra
655 2301 778 2368 portam
802 2296 983 2352 carnificum
1008 2295 1048 2352 ad
1072 2296 1190 2352 vallem
1213 2297 1271 2352 sub
1288 2303 1384 2369 ponte
1401 2296 1450 2353 vel

185 2409 272 2459 extra
294 2417 408 2459 novam
433 2409 556 2476 portam
580 2403 713 2458 civitatis
737 2402 880 2459 similiter
903 2401 942 2458 ad
966 2403 1092 2460 vallem.

289 2509 366 2565 Item
390 2510 476 2565 nulla
501 2509 619 2582 pistrix,
651 2509 771 2577 salaria,
782 2501 812 2584 ¹⁶)
838 2509 999 2582 penestica,
1031 2509 1113 2566 circa
1137 2524 1225 2566 suam
1250 2509 1451 2566 venalitatem

187 2631 239 2671 seu
276 2614 501 2686 lorizaclonem,
537 2614 683 2671 videlicet
718 2616 798 2671 circa
829 2631 932 2689 panes,
964 2615 1009 2671 sal
1042 2620 1072 2670 et
1096 2615 1172 2672 alias
1197 2631 1245 2671 res
1269 2616 1397 2673 venales
1421 2615 1450 2672 in

189 2720 256 2777 loro
280 2720 388 2777 sedens
411 2738 463 2778 seu
484 2725 577 2789 stans,
592 2720 681 2777 filare
705 2736 759 2777 nec
784 2720 885 2777 fusare
910 2720 1021 2777 debeat
1037 2721 1131 2778 modo
1154 2721 1294 2794 aliquali,
1318 2736 1354 2779 eo
1379 2722 1452 2795 quia

184 2843 241 2900 per
257 2828 333 2883 tales
350 2826 563 2896 inmundiciaS,
580 2832 670 2899 stupe
687 2842 740 2882 seu
764 2827 830 2897 lini,
854 2827 996 2884 homines
1019 2827 1215 2896 inficiuntur;
1239 2828 1265 2884 si
1288 2843 1350 2901 que
1371 2829 1452 2900 ipsa·

184 2948 255 2989 rum
279 2934 430 3006 premissa
455 2938 643 3004 transgressa
667 2932 768 3002 fuerit,
793 2933 823 2989 in
847 2934 950 3006 primo
974 2933 1038 2992 LX.
1071 2933 1222 3004 denarios
1252 2934 1283 2991 in
1314 2933 1451 2991 secundo

188 3044 249 3095 tres
274 3055 384 3111 pensas
407 3037 603 3094 denariorum
629 3053 686 3109 pro
711 3054 791 3110 pena
815 3039 927 3108 solvat,
951 3039 982 3095 in
1015 3039 1110 3096 tercio
1145 3054 1221 3097 vero
1258 3055 1326 3097 rem
1360 3055 1452 3097 suam

186 3144 337 3213 venalem,
362 3160 454 3216 quarn
480 3144 594 3213 vendit,
618 3148 728 3201 eotunc
752 3144 869 3217 perdat.

289 3250 374 3320 item,
398 3249 503 3306 nullus
527 3250 653 3307 omnino
675 3250 838 3306 hominurn
862 3250 1006 3307 uidelicet
1030 3250 1285 3308 stacionariorum
1311 3257 1341 3309 et
1365 3253 1452 3311 insti·

186 3360 289 3410 torum
325 3362 354 3411 et
387 3356 523 3412 aliorum
559 3356 781 3428 quorumlibet,
817 3357 869 3428 qui
901 3357 992 3430 piper
1015 3361 1044 3413 et
1068 3357 1172 3413 oleum
1198 3373 1233 3414 ac
1256 3357 1317 3414 alia
1340 3360 1451 3416 merci·

184 3462 287 3516 monia
311 3461 348 3517 ad
374 3461 494 3534 pondus
519 3469 548 3518 et
571 3467 719 3517 stateram
744 3478 922 3518 mensurare
946 3462 1055 3532 solent,
1078 3461 1118 3518 ad
1141 3463 1236 3519 aliam
1253 3462 1374 3522 suniam
1397 3480 1451 3522 seu

183 3565 222 3622 ad
250 3566 334 3622 aliud
371 3567 492 3638 pondus
526 3582 585 3623 non
619 3567 711 3623 debet
736 3583 922 3636 mensurare,
958 3569 1017 3626 nisi
1041 3569 1080 3625 ad
1106 3568 1225 3626 suntam
1250 3586 1303 3626 seu
1328 3571 1452 3644 pondus

183 3672 444 3729 theuthonicalem
467 3689 520 3729 seu
544 3674 774 3730 theuthonicale
798 3676 856 3730 sub
889 3675 1066 3748 perdicione
1098 3676 1169 3732 talis
1200 3677 1244 3733 rei
1275 3684 1452 3736 mensurate

183 3786 212 3834 et
236 3778 294 3834 sub
320 3779 531 3850 persolucione
564 3795 617 3835 sex
653 3795 827 3836 marcarum
864 3780 1061 3838 denariorum
1098 3783 1127 3839 in
1162 3798 1343 3841 communes
1379 3800 1452 3842 usus

185 3884 475 3957 persolvendarum,
500 3885 583 3957 quod
608 3893 671 3942 tota
695 3888 900 3944 communitas
923 3890 1110 3946 unanimiter
1132 3889 1239 3946 statuit
1255 3893 1285 3945 et
1302 3888 1452 3964 predictis

184 3989 306 4046 statutis
330 3987 476 4064 adjunxit.

289 4107 422 4170 Originale
441 4110 467 4156 in
486 4110 640 4157 membrana.
660 4113 691 4159 In
711 4112 805 4162 archiv.
825 4111 872 4163 lib,
892 4129 943 4175 reg.
964 4114 1024 4161 civit
1043 4113 1143 4176 zagrab.

290 4276 314 4338 *)
341 4277 372 4324 In
389 4277 525 4340 originali:
545 4254 631 4355 sulla.

788 4378 843 4440 41.

288 4513 369 4561 Anno
392 4527 465 4579 1425,
487 4528 526 4580 25.
548 4518 640 4568 martii.
660 4519 691 4566 In
710 4518 801 4567 Thata.

288 4624 504 4698 sigismundus
529 4628 581 4685 dat
601 4630 720 4686 litteras
744 4629 783 4686 ad
814 4630 964 4712 Joannem
998 4633 1180 4706 episcopum
1211 4633 1451 4705 zagrabiensem

181 4730 259 4787 sacri
283 4730 427 4825 Romanii
451 4734 583 4806 imperii,
614 4750 704 4791 suum
736 4751 771 4792 ac
803 4737 927 4808 reginae
959 4753 1117 4795 summum
1150 4739 1383 4813 cancellarium,
1415 4754 1451 4798 ac

180 4836 348 4894 Albertum
382 4826 481 4912 Ungh‚
518 4839 657 4897 Priorem
692 4843 845 4914 Aurariae,
880 4843 1058 4902 Dalmatiae
1093 4849 1123 4902 et
1156 4845 1300 4903 Croatiae
1323 4845 1450 4916 banum,
