3256 5346
270 455 335 514 504
673 433 745 491 Doc.
762 429 840 509 380.
878 467 906 474 -
931 436 1104 509 An‚1495.

269 660 446 726 apparente.
471 650 504 707 In
528 650 615 707 cuius
639 649 683 706 rei
708 649 905 721 memoriam,
929 648 1173 720 firmitatemque
1197 655 1393 721 perpetuam,
1418 662 1540 721 presen-

269 758 354 815 tibus
378 754 518 829 sigillum
556 759 697 813 nostrum
729 753 875 811 duximus
899 753 1149 827 appendendum.
1173 754 1288 811 Datum
1313 753 1471 810 sedecimo
1494 752 1541 809 die

270 863 331 921 diei
355 862 595 921 introduccionis
619 867 650 919 et
672 861 852 918 statucionis
875 861 1094 934 predictarum.
1112 862 1202 918 Anno
1227 859 1347 917 domini
1365 859 1533 917 millesimo

272 969 578 1043 quadringentesimo
607 968 808 1040 nonagesimo
842 967 959 1040 quinto,
984 967 1171 1040 supradicto.
1195 960 1311 1043 (Salvis
1336 958 1471 1042 juribus)
1488 979 1539 1022 no·

270 1075 342 1132 stris
365 1080 395 1131 et
429 1074 499 1131 aliis
530 1074 734 1147 proventibus
756 1073 847 1130 nobis
871 1079 901 1130 et
931 1074 1061 1130 ecclesie
1084 1079 1188 1130 nostre
1220 1071 1332 1129 exinde
1356 1073 1539 1145 provenien·

272 1180 363 1238 tibus.
386 1180 501 1237 Datum
526 1190 559 1237 ut
582 1194 684 1252 supra.

378 1313 512 1378 originale
540 1315 567 1363 in
594 1313 750 1372 membrana,
777 1314 853 1363 valde
872 1330 985 1366 exesum.
1006 1316 1076 1363 Zona
1100 1314 1198 1362 sericea
1216 1312 1294 1361 rubra
1314 1319 1341 1360 et
1360 1310 1477 1361 violacea
1493 1326 1535 1374 ap

272 1404 369 1470 pendet
387 1403 485 1467 absque
504 1402 600 1466 sigillo.
620 1404 652 1451 In
670 1403 739 1451 arch.
759 1401 804 1455 lib.
824 1419 877 1466 reg.
896 1404 966 1455 civit.
985 1403 1086 1467 zagrab.

878 1615 971 1680 380.

379 1739 460 1787 Anno
482 1750 557 1804 1495,
577 1738 601 1791 6.
621 1737 784 1804 septembris.
806 1739 955 1802 Zagrabiae.

262 1865 418 1940 johannes
447 1865 597 1935 Corvinus,
622 1864 780 1924 Slaoom'ae
801 1873 850 1925 etc.
882 1865 952 1935 dux,
975 1873 1120 1939 perrnrssu
1143 1865 1306 1923 libertatum
1338 1867 1538 1924 mercatoribus

268 1971 386 2044 tagrab.
410 1971 555 2045 datarum,
586 1973 730 2046 praecipit
760 1972 889 2029 omnibus
924 1972 1072 2044 nobilibus,
1095 1974 1147 2046 qui
1179 1973 1290 2029 tributa
1321 1981 1425 2042 terrent,
1456 1991 1492 2029 nc
1519 1991 1537 2033 a

495 2080 699 2136 mercatoribus
720 2079 838 2152 sagrab.
857 2087 914 2150 pro
936 2096 1025 2136 merce
1048 2079 1185 2136 tributum
1208 2087 1319 2152 cogant.

373 2223 529 2306 Johannes
553 2224 715 2295 Coruinus,
739 2224 888 2298 Oppauie,
914 2225 1169 2298 Lippthouieque
1184 2224 1257 2296 dur,
1280 2238 1399 2282 necnon
1432 2236 1536 2294 regno

267 2345 339 2388 mm
354 2331 523 2401 Dalmacie,
540 2330 666 2389 Croacie
688 2337 719 2389 et
742 2329 904 2389 Solanonie
926 2332 1025 2389 banus
1047 2338 1104 2389 etc.
1128 2332 1265 2404 Egregiis
1287 2331 1423 2412 Johanni
1445 2327 1536 2400 Gyw·

272 2438 325 2510 lay
359 2443 388 2494 et
412 2437 569 2494 Bemardo
602 2437 640 2494 de
663 2438 812 2495 Thwrocz
838 2437 994 2496 visebanis
1017 2438 1130 2495 nostris
1154 2438 1251 2511 ipsius
1279 2437 1368 2509 regni
1392 2434 1535 2494 Slauonie

273 2558 309 2600 ac
332 2544 485 2601 universis
516 2549 545 2599 et
576 2544 707 2615 singulis
742 2544 902 2601 nobilibus
925 2555 956 2600 et
978 2544 1106 2601 alterius
1130 2543 1266 2601 cuiusvis
1290 2550 1389 2601 status
1413 2549 1442 2598 et
1466 2555 1520 2598 con

269 2648 398 2706 dicionis
414 2648 647 2723 possessionatis
664 2649 843 2706 hominibus
859 2649 964 2706 ubivis
980 2665 1037 2723 per
1060 2664 1155 2721 regna
1180 2649 1348 2722 Hungarie,
1365 2649 1533 2715 Dalmacie,

266 2753 393 2811 Croaoie
428 2760 458 2811 et
481 2752 626 2812 Slauonie
649 2755 766 2812 tributa
783 2754 978 2826 habentibus,
991 2756 1166 2813 tenentibus
1188 2761 1220 2813 et
1243 2755 1441 2828 exigentibus
1464 2768 1532 2827 pre·

269 2864 368 2917 sentes
400 2860 521 2931 visuris,
555 2862 688 2918 salutem
723 2865 753 2918 et
787 2868 926 2918 nostram
959 2862 1215 2920 benivolenciam.
1253 2861 1419 2930 Noveritis,
1451 2857 1533 2933 quod

267 2967 440 3024 constitutis
453 2967 543 3024 nobis
566 2967 598 3024 in
621 2956 746 3025 civit'ate
769 2974 874 3024 nostra
898 2968 1011 3025 montis
1029 2967 1200 3040 Grecensis,
1224 2967 1393 3041 prudentes
1417 2974 1447 3025 et
1480 2967 1535 3023 cir·

266 3073 436 3145 cumspecti
459 3071 562 3143 iudex,
584 3071 684 3147 jurati,
707 3074 862 3146 ceterique
885 3074 968 3130 cives
990 3080 1020 3130 et
1036 3074 1137 3132 incole
1160 3074 1258 3146 ipsius
1281 3075 1417 3132 civitatis
1451 3087 1534 3130 mon·

268 3179 306 3236 tis
330 3178 475 3236 Grecensi
498 3179 704 3236 exhibuerunt
728 3185 756 3236 et
779 3185 1033 3252 presentaverunt
1056 3187 1161 3237 nostra
1193 3181 1224 3238 in
1256 3181 1416 3254 presencia
1446 3193 1535 3254 quas-

271 3284 343 3341 dam
368 3285 456 3342 binas
480 3284 607 3355 litteras,
624 3301 719 3343 unam
742 3285 887 3343 videlicet
911 3287 1098 3343 serenissimi
1123 3286 1272 3359 principis
1294 3294 1325 3344 et
1341 3285 1460 3344 domini
1482 3298 1533 3342 no

268 3392 332 3461 stri,
356 3390 474 3449 domini
509 3390 677 3448 Wladislai
713 3390 762 3448 dei
797 3391 902 3463 gracia
938 3392 1104 3464 Hungarie‚
1143 3392 1352 3465 Bohemieque
1375 3397 1431 3450 etc.
1454 3391 1534 3465 regis

266 3513 360 3571 super
383 3511 491 3554 eorum
515 3497 713 3554 libertatibus
736 3504 766 3554 et
795 3498 1000 3570 prerogativis
1024 3497 1272 3569 confirmacione,
1295 3513 1415 3556 necnon
1439 3498 1531 3555 aliam

264 3602 529 3673 adiudicatoriam,
547 3609 686 3675 tempore
709 3601 808 3661 felicis
831 3603 1056 3662 recordacionis
1080 3603 1211 3662 condam
1233 3605 1424 3664 serenissimi
1447 3604 1530 3678 prin·

266 3709 343 3782 cipis
378 3708 496 3766 domini
529 3710 643 3767 Mathie
679 3709 835 3767 dictorum
866 3726 1034 3783 regnorum
1069 3711 1159 3783 regis,
1195 3711 1404 3784 progenitoris
1439 3710 1533 3768 nostri

267 3816 427 3886 carissimi,
449 3815 481 3873 in
504 3814 585 3872 facto
620 3817 830 3888 exempcionis
854 3817 1043 3874 tributorum
1066 3817 1220 3875 confectas
1244 3824 1275 3875 et
1298 3823 1467 3887 emanatas,
1498 3831 1533 3873 ex

270 3921 384 3993 quibus
408 3921 491 3978 clare
513 3921 613 3977 edocti
637 3937 752 3991 sumus,
776 3923 860 3994 ipsos
883 3924 966 3980 cives
989 3932 1019 3981 et
1042 3923 1159 3981 incolas
1183 3924 1264 3981 dicte
1288 3924 1425 3982 civitatis
1449 3937 1533 3981 mon·

269 4027 308 4083 tis
331 4026 494 4084 Grecensis
517 4028 643 4100 antiqua
666 4042 774 4085 eorum
791 4028 934 4086 libertate
957 4031 1141 4103 requirente,
1165 4046 1222 4103 per
1245 4031 1364 4103 regiam
1389 4032 1530 4089 maiesta-

268 4137 340 4203 tem,
360 4140 393 4189 ut
423 4133 588 4206 prefertur,
613 4133 802 4203 confirmata,
838 4136 878 4192 ab
902 4137 987 4192 omni
1005 4136 1162 4193 solucione
1184 4137 1376 4195 tributorum
1399 4137 1533 4195 ubilibet

269 4238 349 4295 intra
392 4239 546 4296 ambitum
585 4239 794 4312 predictorum
836 4257 1005 4313 regnorum
1041 4257 1126 4300 sacre
1162 4257 1275 4301 corone
1324 4245 1534 4302 subiectorum

266 4352 427 4418 exemptos
461 4344 527 4402 fore
562 4352 591 4401 et
626 4352 834 4419 supportatus,
868 4346 1118 4422 judicialiterque
1155 4348 1249 4407 fuisse
1285 4351 1533 4424 pronunciatum,

269 4450 448 4508 huiusmodi
481 4450 633 4508 libertatis
664 4454 863 4526 prerogativa
888 4453 1001 4511 debere
1025 4454 1149 4512 eosdem
1174 4456 1257 4513 cives
1280 4464 1310 4514 et
1332 4458 1451 4515 incolas
1475 4456 1534 4516 frui

269 4561 299 4612 et
319 4557 412 4629 potiri
453 4556 533 4613 Cum
564 4564 668 4614 autem
698 4575 753 4615 nos
778 4560 904 4619 eosdem
937 4562 1020 4619 cives
1043 4567 1073 4619 et
1096 4561 1213 4620 incolas
1237 4565 1269 4621 in
1293 4565 1362 4638 ipsa
1387 4565 1534 4623 libertate

268 4661 355 4719 iuxta
386 4663 637 4721 commissionem
676 4667 761 4739 regie
784 4669 953 4726 maiestatis
976 4668 1111 4725 velimus
1147 4684 1212 4726 esse
1237 4674 1321 4728 tutos
1343 4676 1375 4728 et
1399 4687 1533 4742 securos,

266 4767 363 4839 igitur
386 4769 476 4825 vobis
500 4775 529 4826 et
561 4775 701 4828 vestrum
737 4774 866 4831 cuilibet
902 4776 1014 4831 harum
1043 4775 1121 4831 serie
1144 4774 1276 4833 firmiter
1308 4779 1534 4838 committimus

267 4880 419 4946 quatenus
453 4873 567 4931 amodo
606 4875 751 4952 deinceps
779 4879 916 4953 prefatos
946 4878 1090 4954 judicem,
1113 4877 1242 4956 juratos,
1284 4883 1379 4956 cives,
1419 4886 1535 4945 incolas
