3278 5348
633 383 706 455 Doc.
725 409 778 472 52.
802 430 845 440 -
868 397 924 455 An.
949 392 1040 475 1428.

815 606 873 673 52.

308 750 389 798 Anno
412 749 486 810 1428,
507 761 547 813 25.
568 749 698 798 februarii.
719 727 866 813 Zagrabiaess

212 875 402 933 Communitas
425 877 551 934 civitatis
572 878 691 949 zagrab,
716 878 829 934 vincam
851 894 934 933 suam
956 876 1095 935 desertam
1119 885 1147 934 ct
1174 878 1341 951 infaustam
1373 880 1469 937 Fran-

365 984 444 1051 cisco,
466 982 565 1039 Mikec
577 983 656 1057 filio,
678 983 811 1054 molitori,
834 1001 917 1040 censu
940 985 1146 1042 atttriversario
1161 986 1312 1062 petrnittit.

306 1125 372 1183 Nos
395 1127 601 1184 communitas
632 1127 765 1184 civitatis
798 1127 911 1184 montis
942 1125 1113 1184 Grecensis.
1136 1127 1285 1184 Memorie
1308 1142 1465 1186 commen·

203 1231 308 1291 dantes
332 1239 437 1290 tenore
461 1233 655 1306 presencium
679 1232 890 1305 significamus
914 1232 1028 1305 quibus
1050 1232 1176 1306 expedit
1198 1233 1360 1305 universis,
1383 1234 1468 1308 quod

204 1341 271 1413 quia
304 1339 440 1412 quedam
470 1339 560 1396 vinea
584 1338 705 1397 deserta
728 1345 758 1396 et
780 1338 928 1397 intoresta
950 1339 981 1395 in
1005 1339 1161 1396 territorio
1186 1343 1292 1396 nostro
1315 1339 1468 1398 condicio·

203 1444 272 1515 nali,
296 1444 378 1501 inter
400 1444 524 1501 vineam
555 1444 700 1502 similiter
729 1444 885 1502 desertam
914 1448 945 1501 et
975 1443 1222 1501 condicionalem
1254 1444 1379 1518 providi
1406 1445 1467 1503 viri

203 1547 281 1609 Petri
310 1550 460 1622 llungari‚
484 1549 608 1624 pridem
630 1551 732 1622 iurati,
756 1550 892 1608 concivis
915 1549 1022 1621 nostri,
1043 1548 1102 1606 filii
1126 1549 1224 1622 Pauli,
1248 1565 1266 1607 a
1289 1552 1467 1624 septemtri-

202 1657 281 1713 onali
314 1661 403 1728 parte
433 1657 526 1713 sitam
555 1660 587 1715 et
613 1656 787 1729 virgultum
811 1672 864 1713 seu
888 1662 1004 1713 terram
1028 1660 1167 1712 nostram
1190 1669 1390 1713 communem
1414 1655 1466 1715 de·

201 1767 311 1820 sertam
334 1761 566 1820 ameridionali
589 1767 677 1836 parte
700 1762 849 1833 habitam,
866 1761 1001 1835 desuper
1024 1776 1042 1817 a
1065 1762 1116 1819 via
1140 1761 1298 1819 communi
1321 1762 1362 1819 ab
1385 1763 1465 1820 occi-

199 1865 287 1925 dente
313 1867 470 1938 existente,
494 1873 524 1924 et
546 1866 628 1925 infra
650 1884 749 1940 usque
780 1866 910 1925 fluvium
934 1881 993 1941 pro
1024 1866 1210 1925 molendinis
1241 1872 1360 1938 aptum,
1391 1868 1465 1926 Pre-

197 1973 269 2031 toka
285 1973 386 2046 vulgo
407 1973 611 2048 appellatum,
627 1989 646 2032 a
662 1979 749 2048 parte
765 1973 892 2031 orientis
908 1972 1131 2044 decurrentem,
1155 1973 1269 2043 habita,
1286 1973 1381 2031 simui
1393 1990 1464 2032 cum

194 2079 339 2152 virgulto
362 2078 464 2137 eidem
487 2080 576 2137 vinee
599 2079 746 2138 inforesta
768 2079 939 2138 subiacenti
961 2095 994 2137 se
1022 2078 1197 2151 extendens,
1220 2085 1352 2153 propter
1384 2079 1463 2138 info-

189 2186 409 2258 restacionem,
438 2185 667 2259 inputacionem
692 2189 723 2243 et
745 2184 987 2243 desertacionem
1010 2185 1066 2256 sui,
1090 2185 1120 2242 in
1144 2199 1205 2258 qua
1230 2200 1286 2258 per
1307 2186 1464 2258 negligen-

190 2293 279 2351 ciam
303 2305 518 2364 possessorum
542 2291 681 2350 eiusdem
703 2307 721 2350 a
743 2290 887 2366 pluribus
911 2292 1070 2349 retroactis
1086 2291 1281 2364 temporibus
1304 2290 1463 2349 devenisse

184 2397 421 2473 perhibebatur
444 2413 482 2455 ex
505 2402 608 2456 acerto
631 2413 804 2474 supernos
828 2402 859 2455 et
882 2404 1019 2455 nostram
1043 2396 1283 2472 disposicionem
1314 2396 1462 2455 devoluta

182 2504 297 2563 existit
327 2504 466 2562 totaliter
496 2511 590 2577 atque
623 2504 809 2573 redundata;
833 2503 902 2562 ideo
926 2519 981 2561 nos
1005 2503 1136 2560 eandem
1160 2503 1284 2560 vineam
1307 2502 1460 2561 desertam

182 2625 245 2668 sen
268 2607 453 2667 inforestam
476 2609 571 2667 simul
591 2624 663 2667 cum
679 2609 820 2683 predicto
835 2609 975 2682 virgulto
993 2609 1094 2666 eidem
1110 2609 1291 2679 subiacenti,
1308 2610 1462 2682 metisque

184 2720 220 2774 et
251 2731 345 2773 censu
376 2731 428 2772 seu
460 2714 640 2773 condicione
674 2716 799 2773 annuali
833 2714 914 2772 infra
946 2714 1150 2785 declarandis,
1182 2716 1360 2788 cunctisque
1391 2716 1462 2773 aliis

184 2820 333 2880 eiusdem
356 2823 445 2879 vinee
469 2821 589 2880 deserte
613 2837 649 2880 ac
671 2823 770 2895 ipsius
792 2822 922 2895 virgulti
945 2822 1143 2893 utilitatibus,
1166 2822 1287 2879 iuribus
1310 2827 1341 2878 et
1364 2822 1460 2895 perti·

186 2928 308 2985 nenciis
331 2928 494 2999 universis,
517 2927 651 3001 provido
674 2928 743 2985 viro
768 2928 867 2985 Frane
890 2927 982 2985 aliter
1013 2927 1177 2985 Francisco
1207 2927 1458 3007 molendinatori,

186 3032 259 3091 filio
274 3033 397 3092 Mikech
414 3033 677 3106 molendinatoriS,
694 3035 863 3093 habitatori
879 3035 977 3107 ipsius
993 3034 1127 3092 civitatis
1153 3049 1189 3090 ac
1214 3049 1269 3107 per
1292 3049 1364 3090 eum
1396 3035 1459 3091 suis

188 3138 362 3197 heredibus
386 3146 416 3196 et
439 3140 674 3214 posteritatibus
696 3134 852 3199 universis
876 3139 935 3197 sub
965 3155 1056 3198 censu
1088 3144 1118 3197 et
1148 3138 1327 3197 condicione
1350 3141 1459 3198 annuis

187 3235 280 3315 infra,
311 3249 346 3302 ut
376 3244 554 3318 predicitur,
592 3245 794 3313 declarandis,
825 3245 1022 3318 conferimus,
1055 3245 1165 3303 damus
1194 3250 1225 3305 et
1254 3246 1457 3318 assignamus,

188 3364 298 3422 ymmo
313 3351 501 3409 contulimus
517 3351 668 3424 dedimus,
685 3359 715 3410 et
730 3353 956 3425 assignavimus
973 3353 1039 3411 iure
1055 3358 1206 3426 perpetuo
1222 3358 1253 3410 et
1268 3352 1457 3410 irrevocabi-

188 3455 261 3514 liter
284 3455 514 3530 possidendam,
538 3457 703 3517 tenendam
719 3459 834 3532 pariter
851 3464 881 3517 et
896 3457 1072 3516 habendam
1088 3473 1124 3516 ac
1140 3458 1225 3516 iuxta
1244 3456 1456 3515 condicionem

191 3568 221 3634 et
244 3562 498 3621 oonsvetudinem
522 3564 655 3622 civitatis
678 3570 838 3638 prenotate
861 3565 902 3621 ab
925 3564 1052 3636 antiquo
1076 3562 1293 3637 approbatam,
1325 3578 1455 3636 quomo·

190 3666 365 3741 documque
388 3669 522 3727 voluerit
545 3669 779 3744 disponendam.
811 3669 907 3727 Cuius
931 3668 1058 3742 quidem
1080 3670 1170 3726 vinee
1193 3667 1340 3727 inforeste
1372 3674 1455 3727 mete

189 3773 247 3832 hoc
269 3774 380 3832 ordine
402 3774 620 3847 distinguntur,
644 3775 729 3851 quod
753 3777 856 3850 prima
879 3782 961 3833 meta
984 3773 1124 3832 eiusdem
1152 3774 1242 3832 vinee
1270 3774 1379 3849 incipit
1410 3776 1450 3832 ab

189 3878 269 3938 infra
292 3879 332 3937 de
354 3880 493 3955 predicta
519 3882 649 3940 Pretolra
672 3883 713 3939 ab
741 3883 859 3940 oriente
890 3883 948 3939 sita
980 3886 1010 3938 et
1040 3879 1183 3954 procedit
1213 3896 1307 3954 penes
1340 3881 1455 3940 dictam

189 3987 303 4043 terram
326 4001 381 4043 seu
404 3987 579 4061 virgultum
605 3993 745 4046 nostrum
777 4003 942 4045 commune
973 4003 991 4044 a
1022 3986 1104 4045 dicta
1138 3987 1334 4046 meridionali
1366 3994 1455 4062 parte

188 4089 291 4162 situm,
307 4106 364 4165 per
380 4090 531 4151 fossatum
547 4109 642 4168 supra
661 4109 760 4167 usque
783 4093 821 4151 ad
847 4093 962 4152 dictam
985 4094 1070 4152 viam
1093 4108 1290 4152 communem
1313 4095 1353 4152 ab
1377 4095 1456 4153 occi·

188 4192 277 4254 dente
301 4196 442 4270 predicto
465 4199 615 4271 habitam,
638 4205 669 4257 et
689 4215 747 4274 per
764 4199 896 4258 eandem
918 4201 1003 4259 viam
1027 4200 1114 4259 vadit
1136 4199 1175 4258 ad
1200 4201 1357 4274 prelatum
1385 4217 1454 4274 sep·

187 4302 384 4361 temtrionem
407 4302 446 4362 ad
471 4303 627 4378 quandam
650 4321 800 4379 quercum
824 4321 913 4365 cruce
935 4306 1065 4365 incisam
1089 4321 1182 4379 penes
1206 4306 1336 4364 eandem
1368 4306 1451 4365 viam

185 4421 203 4465 a
225 4413 315 4483 parte
337 4407 477 4469 inferiori
499 4411 691 4482 existentem,
715 4411 826 4470 deinde
849 4412 1013 4486 perviam
1036 4427 1235 4470 communem
1259 4427 1383 4481 novam,
1408 4411 1453 4468 la·

186 4518 259 4588 tam,
282 4517 392 4574 transit
410 4515 450 4574 ad
467 4516 625 4591 quandam
640 4517 784 4577 carulum
800 4533 932 4593 parvam
947 4533 1039 4578 cruce
1062 4518 1223 4591 signatam,
1249 4517 1334 4576 lezka
1356 4516 1453 4589 vulgo

185 4618 308 4693 dictam,
331 4628 414 4681 meta
437 4628 538 4682 terrea
575 4623 808 4697 circumdatam,
839 4629 871 4684 et
899 4626 940 4683 ab
971 4624 1081 4683 eadem
1111 4624 1198 4683 vadit
1227 4622 1268 4680 ad
1295 4620 1451 4695 quandam

186 4726 290 4801 pirum
314 4728 500 4800 silvestrem,
524 4745 615 4788 cruce
643 4731 781 4801 incisam,
805 4729 917 4791 deinde
939 4729 1020 4788 infra
1044 4745 1101 4804 per
1124 4730 1241 4788 vallem
1265 4743 1320 4786 seu
1343 4726 1451 4785 decur-

184 4846 252 4893 sum
276 4848 358 4909 aque
379 4834 531 4910 pluvialia
553 4835 774 4895 circumeundo
797 4836 956 4897 descendit
978 4837 1018 4895 ad
1041 4838 1180 4911 priorem
1203 4834 1368 4895 Pretolram
1396 4832 1452 4893 ilu-
