3256 5346
295 469 358 544 49⁶
710 463 783 520 Doc-
801 473 875 539 373·
901 493 941 503 -
966 462 1022 518 An·
1047 473 1202 571 ¹49&

374 572 417 577 ...-
439 569 626 577 ...-.-.--..--
638 567 793 573 ----..-
815 566 879 572 .--
895 565 1079 571 —--—--——
1271 568 1283 572 ,
1298 567 1337 573 .—
1354 568 1439 575 -ῃ-
1458 571 1566 576 ———-

295 693 325 740 et
347 688 444 740 status
467 681 599 738 existant
629 693 899 752 quorumcumque
923 692 1038 747 rerum,
1062 677 1175 750 quovis
1198 678 1334 736 nominis
1360 678 1567 737 vocitatarum

295 787 458 859 vocabulo,
482 785 550 843 foro
565 794 671 843 nostro
686 785 847 858 apportari
869 784 1058 853 sollitarum,
1092 783 1123 840 in
1147 783 1216 840 vico
1232 789 1377 841 sutorum
1396 785 1451 842 vel
1469 800 1565 860 prope

295 894 458 952 ecclesiam
488 893 576 949 beate
608 891 801 963 Margarethe
833 890 962 962 virginis
985 889 1044 946 sub
1067 887 1188 962 prefata
1210 888 1337 946 civitate
1359 898 1467 949 nostra
1493 908 1563 949 con·

296 1006 445 1058 structam
478 999 529 1055 vel
553 997 630 1055 alias
652 996 756 1054 ubivis
776 997 807 1054 in
838 1000 944 1053 nostro
975 995 1129 1053 territorio
1153 1000 1183 1052 et
1205 995 1294 1053 metis
1319 996 1565 1070 qualescumque

294 1106 478 1178 empciones,
501 1102 705 1172 vendiciones,
723 1102 904 1159 concambia
932 1118 985 1159 seu
1003 1102 1249 1174 permutaciones
1283 1100 1388 1160 iacere
1412 1110 1444 1162 et
1474 1119 1561 1162 exer-

296 1227 364 1268 cere
388 1211 516 1283 possint,
539 1225 595 1266 nec
618 1210 678 1266 sint
701 1209 768 1265 ausi
793 1207 886 1264 modo
910 1207 1049 1280 aliquali,
1075 1206 1128 1264 sed
1151 1206 1190 1264 ad
1214 1206 1320 1265 forum
1340 1213 1486 1267 nostrum
1509 1225 1559 1267 seu

296 1316 430 1375 civitatis
453 1314 573 1388 prefate
595 1328 695 1388 prope
724 1314 776 1371 vel
799 1329 892 1387 penes
916 1314 1077 1371 ecclesiam
1109 1313 1321 1387 parochialem
1346 1316 1448 1373 sancti
1471 1316 1563 1372 Marci

296 1421 495 1494 ewangeliste
525 1420 664 1477 habitam
695 1425 725 1476 et
748 1421 930 1477 existentem
960 1420 1000 1475 ab
1025 1420 1153 1491 antiquo
1176 1417 1380 1477 laudabiliter
1403 1428 1434 1478 et
1467 1422 1560 1495 priri-

296 1527 452 1601 legialiier
476 1526 693 1600 approbatam,
723 1526 864 1596 defferre,
887 1530 1012 1598 portare
1034 1531 1064 1582 et
1087 1523 1240 1583 adducere
1264 1531 1295 1582 et
1318 1524 1435 1584 adduci
1461 1525 1561 1585 iacere

296 1634 475 1708 permittere
498 1637 666 1699 teneantur,
690 1637 721 1689 et
743 1632 816 1689 illac
847 1631 1053 1701 vendiciones,
1080 1632 1267 1705 empciones,
1305 1633 1491 1691 concambia
1534 1640 1561 1692 et

218 1752 223 1763 ·
296 1739 543 1812 permutaciones
575 1736 732 1795 talismodi
771 1736 872 1795 iacere
903 1743 933 1795 et
967 1752 1110 1795 exercere
1144 1737 1263 1811 possint
1293 1745 1389 1810 atque
1424 1740 1560 1809 valeant3

295 1842 548 1902 contrafacientes
559 1850 662 1900 autem
676 1844 759 1916 ipsos
772 1844 863 1913 cives,
876 1844 993 1901 incolas
1005 1851 1035 1901 et
1058 1844 1281 1902 inhabitatores
1305 1845 1443 1903 civitatis
1459 1852 1560 1904 nostre

296 1949 415 2024 prefate
429 1950 574 2007 volumus
586 1949 687 2006 eidem
701 1964 778 2023 pene
791 1957 821 2006 et
834 1949 969 2022 birsagio
983 1949 1185 2007 ducentorum
1199 1949 1403 2008 denariorum
1417 1952 1560 2010 viennen·

296 2057 377 2114 sium
392 2062 421 2113 et
439 2056 596 2114 solucione
609 2056 681 2113 talis
697 2056 742 2113 rei
760 2061 864 2129 empte
883 2062 913 2114 et
927 2055 1050 2113 vendite
1062 2056 1122 2130 ipsi
1134 2057 1253 2114 homini
1267 2054 1384 2115 forensi
1396 2074 1451 2116 seu
1463 2059 1561 2116 convi-

296 2162 364 2219 cino
377 2162 525 2220 solvende
541 2162 720 2220 firmissime
738 2163 911 2232 subiacere;
928 2178 1023 2236 quam
1041 2178 1154 2236 penam
1167 2168 1197 2220 et
1212 2163 1386 2235 birsagium
1399 2166 1425 2222 si
1438 2166 1505 2238 ipse
1518 2162 1562 2239 ju·

296 2268 355 2326 dex
367 2276 470 2327 noster
482 2268 651 2326 modernus
663 2269 831 2326 simulcum
849 2267 958 2343 juratis
975 2268 1130 2327 modernis
1147 2269 1176 2326 in
1194 2268 1356 2342 tepiditate
1368 2271 1421 2328 vel
1437 2271 1561 2344 pigricia

296 2379 348 2432 aut
363 2374 479 2445 favore,
496 2374 581 2447 quod
599 2375 688 2447 absit,
708 2374 819 2432 ductus
833 2374 884 2432 vel
908 2375 992 2432 ducti
1011 2375 1188 2448 apredictis
1199 2377 1482 2448 transgressoribus
1505 2391 1561 2434 non

296 2483 481 2539 extorserint
504 2481 555 2537 vel
580 2480 763 2554 receperint,
787 2487 899 2539 extunc
913 2482 997 2539 idem
1020 2480 1112 2556 judex
1126 2488 1155 2540 et
1177 2480 1271 2557 jurati
1292 2483 1324 2540 in
1351 2482 1474 2557 dupplo
1497 2498 1560 2555 pre·

296 2586 357 2645 fate
381 2602 458 2660 pene
481 2597 510 2644 et
539 2587 668 2658 birsagii
698 2592 803 2645 nostre
833 2589 1048 2646 communitati
1080 2587 1286 2661 persolvendi
1316 2589 1423 2647 solum
1458 2589 1560 2661 vigore

297 2694 447 2766 presentis
479 2693 585 2765 scripti
617 2693 678 2750 sint
710 2693 842 2751 convicti
866 2700 896 2750 et
919 2693 1146 2766 condempnati.
1169 2694 1207 2751 Et
1229 2693 1338 2751 nullus
1361 2696 1488 2754 omnino
1510 2695 1560 2751 ho·

296 2799 416 2855 minum
453 2806 670 2855 extraneorum
705 2814 831 2871 gregem
862 2799 914 2856 vel
947 2799 1008 2856 alia
1041 2800 1189 2858 animalia
1223 2801 1347 2858 venalia
1383 2816 1443 2876 pro
1477 2800 1559 2859 nullo

296 2905 402 2977 precio
427 2905 457 2960 in
490 2919 602 2977 campo
634 2911 664 2960 et
696 2905 852 2962 territorio
877 2904 958 2962 dicte
982 2905 1116 2964 civitatis
1138 2921 1264 2979 pascere
1285 2921 1341 2964 seu
1365 2908 1489 2980 pascuis
1512 2922 1560 2963 nu·

296 3012 369 3068 trire
393 3012 454 3067 sint
476 3011 542 3067 ausi
568 3010 661 3067 modo
685 3011 823 3083 aliquali.
856 2997 1028 3069 Statuimus
1061 3012 1168 3083 eciam,
1201 3012 1284 3084 quod
1310 3014 1501 3087 quicumque
1522 3013 1559 3069 ci·

296 3118 382 3173 vium
405 3116 457 3173 vel
481 3115 661 3173 carnificum
679 3132 787 3189 greges
802 3117 900 3174 boum
925 3118 975 3174 vel
999 3119 1060 3175 alia
1084 3119 1232 3176 animalia
1257 3120 1288 3176 in
1312 3134 1427 3194 campo
1451 3128 1481 3177 et
1505 3128 1560 3176 ter·

295 3223 404 3280 ritorio
428 3221 508 3279 dicte
532 3230 635 3279 nostre
659 3224 793 3280 civitatis
825 3239 952 3297 pascere
975 3240 1029 3282 seu
1054 3226 1176 3298 pascuis
1199 3226 1318 3282 nutrire
1343 3226 1488 3295 voluerit
1511 3239 1560 3280 seu

297 3330 328 3386 in
352 3329 474 3401 pascuis
506 3328 661 3400 pascendo
691 3330 835 3401 nutrient,
859 3330 897 3388 de
930 3332 1053 3403 singulo
1085 3332 1166 3388 bove
1190 3331 1241 3388 vel
1264 3332 1398 3388 animali
1431 3340 1491 3390 tres
1514 3329 1561 3387 de·

296 3436 404 3492 narios
428 3435 548 3507 regales
572 3435 694 3492 solvere
719 3437 829 3494 debeat
853 3436 935 3494 dicto
959 3438 1065 3495 comiti
1082 3445 1194 3507 nostro,
1218 3437 1355 3511 demptis
1373 3438 1559 3496 animalibus

296 3557 358 3613 que
397 3544 427 3597 in
462 3540 621 3598 marcellis
657 3542 737 3598 dicte
772 3544 905 3600 civitatis
943 3550 1046 3601 nostre
1081 3552 1216 3602 mactare
1240 3544 1368 3601 vellent.
1393 3543 1558 3602 Carnifices

296 3662 371 3703 vero
403 3648 548 3718 extranei,
581 3649 634 3720 qui
666 3650 697 3705 in
720 3649 844 3706 civitate
867 3657 970 3707 nostra
993 3649 1132 3723 predicta
1157 3650 1306 3707 maccella
1336 3649 1563 3708 communitatis

295 3752 532 3825 appreciassent,
564 3754 612 3811 illi
643 3755 741 3811 eciam
775 3756 931 3826 animalia,
978 3772 1038 3828 que
1084 3758 1115 3814 in
1151 3757 1310 3814 maccellis
1333 3757 1563 3815 communitatis

298 3867 433 3914 mactare
465 3859 591 3929 vellent,
624 3860 721 3917 libere
744 3876 869 3934 pascere
893 3862 1011 3934 possint
1039 3862 1159 3934 absque
1181 3863 1351 3920 solucione.
1377 3862 1560 3921 Stabilimus

298 3964 423 4036 insuper
459 3971 488 4021 et
520 3966 742 4036 commisimus,
778 3966 861 4040 quod
893 3967 1000 4024 nullus
1023 3969 1150 4024 omnino
1173 3968 1299 4038 civium,
1323 3968 1513 4027 incollarum
1535 3975 1561 4025 et

297 4069 542 4126 inhabitatorum
567 4072 700 4129 civitatis
732 4073 868 4145 predicte
899 4074 997 4130 eciam
1022 4074 1185 4130 hominum
1209 4071 1384 4132 forensium
1409 4083 1439 4133 et
1462 4082 1558 4133 extra·

299 4190 439 4243 neorum,
467 4192 514 4232 res
541 4178 797 4249 mercimoniales‚
815 4195 875 4250 que
900 4179 1064 4251 ponderari
1089 4180 1198 4250 solent,
1214 4194 1285 4236 cum
1309 4180 1400 4237 nulla
1422 4181 1485 4238 alia
1508 4186 1560 4236 sta·

296 4286 360 4336 tera
384 4281 442 4337 nisi
478 4297 549 4337 cum
587 4289 699 4338 statera
745 4284 824 4341 dicte
859 4292 962 4340 nostre
986 4284 1216 4343 communitatis
1240 4284 1416 4358 ponderare
1440 4286 1561 4344 valeant

294 4386 371 4441 suba
389 4387 535 4445 missione
560 4388 669 4444 talium
694 4405 798 4446 rerum
817 4390 1087 4459 mensurabilium,
1105 4405 1199 4463 quarn
1215 4396 1364 4449 stateram
1380 4393 1449 4467 ipse
1462 4406 1561 4450 comes

295 4498 397 4548 noster
431 4492 597 4550 modernus
630 4499 660 4550 et
691 4496 796 4551 nullus
819 4495 897 4552 alter
930 4495 1047 4552 eisdem
1079 4496 1153 4553 dare
1175 4496 1298 4555 debeat.
1323 4497 1468 4557 Pistrices
1491 4512 1562 4556 vero

294 4611 409 4668 panum
435 4604 496 4655 tarn
521 4600 552 4656 in
575 4601 698 4657 civitate
721 4616 815 4673 quam
839 4607 925 4659 extra
938 4602 1095 4659 civitatem
1129 4608 1367 4675 commorantes,
1393 4620 1454 4678 que
1477 4619 1562 4663 suam

295 4700 394 4758 facere
429 4704 529 4761 solent
565 4705 785 4777 vendicionem,
820 4708 898 4764 tales
933 4707 1073 4780 predicto
1097 4709 1203 4765 comiti
1225 4717 1333 4766 nostro
1357 4710 1512 4770 moderno
1533 4712 1562 4768 in

295 4806 434 4865 ducentis
448 4809 580 4866 denariis
593 4811 820 4869 viennensibus
840 4814 1012 4885 plenariam
1026 4820 1187 4871 teneantur
1208 4815 1413 4887 solucionem,
1430 4823 1461 4875 et
1484 4815 1563 4891 quod

294 4912 388 4969 iidem
400 4913 465 4986 (sic)
480 4917 621 4987 pistrices
647 4925 711 4975 tam
742 4919 772 4975 in
796 4920 921 4976 civitate
938 4935 1033 4992 quam
1050 4931 1138 4978 extra
1162 4921 1323 4979 civitatem
1338 4931 1564 4982 commorantes
