3278 5348
543 411 617 470 Dec.
641 405 709 469 116.
731 445 774 454 -
797 411 854 470 Are
877 407 969 491 1438.

722 727 799 794 116.

234 869 317 918 Anno
337 869 412 932 1438,
432 882 458 933 4.
477 868 571 921 martii.
590 869 688 921 Budae.

137 993 237 1052 Coram
259 995 385 1067 Alherto,
407 996 566 1069 Hungan'e
588 1003 635 1054 etc.
659 1013 733 1070 rege,
755 996 872 1072 siedt'ces
893 996 993 1054 delecti
1012 997 1046 1054 de
1069 997 1187 1072 infimis
1210 1017 1229 1055 a
1258 996 1396 1056 Vilhelmo

130 1104 283 1161 castellano
306 1104 398 1161 castri
417 1102 546 1161 Medved
557 1104 651 1178 sactes
673 1103 773 1160 duan!
792 1104 968 1174 sententiam,
991 1122 1066 1178 quae
1081 1123 1100 1161 a
1115 1122 1182 1178 rege
1196 1104 1395 1179 confirmatur.

236 1263 300 1322 Nos
324 1264 474 1322 Albertus
497 1262 546 1322 dei
570 1264 673 1336 gracia
707 1279 763 1321 rex
786 1265 953 1337 Hungarie,
984 1265 1154 1336 Dalmacie,
1185 1265 1314 1324 Croacie
1337 1270 1393 1324 etc.

130 1371 316 1443 Austrieque
351 1377 381 1428 et
415 1368 508 1428 Stirie
542 1370 622 1442 dux,
656 1385 775 1428 necnon
812 1371 952 1429 marchio
986 1371 1125 1429 Morauie
1158 1377 1213 1429 etc
1248 1372 1397 1429 Memorie

126 1475 387 1534 commendamus
411 1491 468 1549 per
491 1481 660 1549 presentes,
696 1475 778 1549 quod
816 1491 887 1536 cum
912 1476 1021 1534 fideles
1060 1477 1157 1535 nostri
1188 1477 1320 1535 illustris
1343 1477 1399 1534 Vl·

128 1582 210 1640 neus
233 1580 322 1652 Cilie,
357 1580 580 1653 Ortumburge,
614 1580 806 1654 Zagorieque
840 1586 895 1640 etc.
919 1596 1033 1654 comes,
1057 1583 1271 1657 personaliter,
1303 1597 1397 1640 onera

129 1694 158 1745 et
180 1687 364 1760 gravamina
399 1686 544 1745 similiter
577 1686 710 1746 illustris
745 1687 893 1746 Friderici
930 1687 1112 1746 eorumdem
1148 1687 1236 1758 Cilic,
1271 1688 1397 1746 Ortum-

128 1792 237 1866 burge,
272 1792 463 1866 Zagorieque
486 1798 541 1852 etc.
566 1794 697 1865 comitis,
733 1793 830 1866 patris
864 1794 921 1865 sui,
956 1809 992 1851 ac
1016 1794 1154 1851 omnium
1193 1792 1396 1852 familiarium

127 1903 156 1957 et
190 1899 353 1958 homiuum
388 1913 517 1958 suorum
550 1915 587 1957 ac
618 1898 655 1957 ad
696 1900 781 1972 ipsos
815 1900 944 1956 comites
982 1900 1216 1973 pertinencium,
1252 1905 1395 1958 notanter

128 2004 291 2077 Vylhelmi
324 2006 484 2079 capetanei
522 2021 576 2063 seu
616 2005 776 2063 castellani
809 2005 902 2063 castri
943 2005 991 2062 sui
1031 2005 1151 2063 Medwe
1181 2006 1335 2079 appellati
1367 2009 1398 2064 et

127 2111 272 2169 similiter
295 2111 334 2168 ad
358 2111 492 2169 eundem
530 2111 755 2185 pertinencium
786 2076 880 2184 super
913 2126 946 2168 se
977 2110 1228 2184 assumpmendo,
1263 2111 1304 2168 ab
1327 2125 1397 2184 una,

128 2217 201 2274 item
226 2216 353 2290 providi
387 2222 417 2275 et
447 2217 664 2291 circumspecti
700 2217 759 2274 viri
783 2216 900 2286 Petrus,
936 2216 1014 2272 alias
1037 2215 1130 2273 iudex
1153 2221 1184 2273 et
1206 2215 1327 2273 Blasius
1349 2214 1396 2292 ju·

128 2328 223 2393 ratus,
247 2323 332 2380 cives
355 2323 490 2382 civitatis
520 2328 624 2381 nostre
655 2321 823 2380 maiestatis
855 2321 969 2379 montis
992 2320 1155 2380 Grecensis
1178 2321 1216 2379 de
1247 2321 1398 2395 Zagrabia

129 2427 336 2502 personaliter
370 2443 428 2504 pro
452 2445 485 2486 se
507 2434 538 2486 et
561 2443 619 2501 pro
650 2432 715 2486 tota
747 2428 969 2485 communitate
1000 2427 1116 2484 civium
1151 2428 1284 2485 civitatis
1319 2427 1398 2485 eius·

127 2533 200 2592 dem
223 2549 295 2591 cum
330 2534 552 2607 procuratoriis
581 2534 692 2592 litteris
723 2532 861 2591 eiusdem
897 2532 1031 2590 civitatis
1061 2533 1102 2589 ab
1125 2533 1223 2591 altera
1246 2533 1397 2607 partibus,

128 2654 232 2698 coram
254 2640 346 2698 nobis
369 2640 527 2699 constituti
551 2639 589 2697 de
622 2647 727 2698 nostre
758 2639 926 2697 maiestatis
960 2639 1089 2712 speciali
1123 2639 1341 2697 commissione
1367 2642 1398 2697 et

126 2746 265 2818 licencia,
288 2746 544 2820 prelatorumque
575 2752 605 2804 et
627 2747 782 2804 baronum
811 2750 988 2803 nostrorum
1010 2744 1232 2802 interveniente
1256 2746 1395 2818 consilio,

127 2852 272 2911 universa
297 2857 328 2910 et
351 2853 461 2925 quevis
492 2850 581 2924 facta,
612 2866 730 2910 necnon
765 2850 979 2908 contenciones
1003 2854 1032 2908 et
1058 2851 1285 2908 controversias
1319 2851 1398 2910 inter

127 2957 212 3032 ipsos
243 2972 342 3031 usque
376 2957 471 3015 modo
508 2957 777 3031 qualitercumque
807 2962 893 3013 mota
925 2971 961 3013 ac
996 2956 1139 3014 subortas
1174 2962 1205 3013 et
1236 2957 1397 3016 suscitatas

127 3067 336 3137 pretextuque
360 3079 494 3136 quorum
518 3069 549 3121 et
573 3078 707 3137 quarum
732 3062 840 3120 eedem
857 3066 961 3136 partes
984 3078 1065 3118 nunc
1088 3076 1194 3119 coram
1217 3063 1308 3120 nobis
1332 3063 1396 3121 litis

132 3177 162 3227 et
179 3169 351 3243 questionis
378 3170 524 3228 materias
539 3175 645 3227 contra
668 3185 735 3227 sese
750 3183 878 3226 movere
898 3167 1132 3241 protendissent,
1154 3165 1278 3242 judicio,
1294 3168 1398 3243 dispo-

128 3275 246 3344 sicioni,
271 3275 493 3333 deliberacioni
514 3279 545 3333 et
567 3275 698 3334 arbitrio
721 3274 863 3334 fidelium
888 3281 1066 3332 nostrorum
1083 3273 1322 3346 magnificorum
1338 3275 1395 3332 La·

129 3376 230 3447 dislai,
246 3380 306 3440 filii
329 3380 460 3455 palatini
484 3381 522 3439 de
545 3380 637 3453 Gara,
661 3381 896 3452 machouiensis,
920 3389 950 3439 et
967 3381 1142 3439 Mathlronis
1166 3381 1204 3438 de
1227 3380 1397 3456 Tallowcz,

128 3487 290 3545 Dalmacie
312 3493 343 3545 et
365 3485 494 3545 Croacie
516 3487 739 3561 predictorum,
773 3488 934 3560 tociusque
955 3486 1119 3545 Sclauonie
1149 3502 1319 3560 regnorum
1342 3504 1395 3546 no·

130 3600 267 3652 strorum
290 3593 453 3665 banorum,
488 3594 626 3668 plenarie
661 3594 876 3653 submisissent
899 3608 1004 3652 coram
1029 3594 1119 3651 nobis
1142 3594 1198 3651 tali
1220 3593 1330 3652 modo:
1364 3598 1398 3651 ut

130 3698 284 3772 quidquid
306 3697 402 3757 iidem
425 3699 499 3758 bani
522 3699 620 3758 nostri
643 3699 755 3758 auditis
780 3701 921 3774 parcium
957 3698 1169 3774 predictarum
1202 3700 1396 3774 proposicio·

130 3806 230 3877 nibus,
266 3805 477 3878 querimoniis,
513 3807 783 3879 responsionibus,
819 3806 1063 3879 allegacionibus
1095 3812 1125 3863 et
1155 3807 1396 3879 obieccionibus,

129 3911 307 3984 habitisque
332 3912 574 3985 probacionibus
597 3918 627 3970 et
650 3912 812 3985 legittimis
829 3911 1022 3969 documentis
1038 3913 1118 3971 inter
1141 3913 1266 3970 easdem
1290 3919 1394 3987 partes

129 4016 328 4093 disponerent
351 4023 382 4075 et
404 4018 640 4096 arbitrarentur,
672 4019 703 4077 id
727 4019 795 4092 ipse
826 4019 919 4075 ambe
954 4024 1058 4090 partes
1088 4011 1267 4077 inconcusse
1290 4020 1397 4078 obser·

130 4139 204 4183 vare
227 4122 384 4182 deberent.
408 4122 490 4182 Casu
506 4139 590 4195 vero,
615 4139 677 4197 quo
694 4123 799 4196 aliqua
816 4125 957 4197 parcium
982 4123 1192 4197 predictarum
1217 4124 1395 4182 huiusmodi

130 4229 370 4305 disposicionem
392 4235 423 4287 et
445 4231 612 4289 arbitrium
636 4231 881 4304 prescriptorum
905 4230 1059 4287 banorum
1087 4236 1264 4287 nostrorum
1287 4245 1396 4305 accep·

129 4341 193 4394 tare
217 4341 248 4392 et
271 4337 439 4394 observare
462 4336 494 4393 in
515 4342 580 4393 toto
603 4336 656 4393 vel
678 4336 709 4394 in
740 4344 829 4410 parte
863 4337 962 4394 nollet
993 4352 1047 4393 seu
1084 4340 1248 4405 recusaret,
1284 4343 1397 4395 extunc

111 4419 202 4499 'talis
226 4456 300 4515 pars
323 4447 431 4500 contra
461 4448 583 4516 partem
614 4441 756 4514 alteram,
779 4440 865 4517 juxta
900 4448 1041 4500 contenta
1064 4443 1197 4500 aliarum
1221 4442 1397 4500 litterarum

130 4553 307 4605 nostrarum
330 4547 591 4618 obligatoriamm
614 4548 781 4621 superinde
797 4547 1015 4621 confectarum,
1038 4549 1139 4624 ipsam
1156 4548 1396 4621 disposicionem

127 4659 349 4728 acceptantem,
373 4669 462 4712 suam
478 4654 636 4712 accionem
659 4655 849 4712 ammitteret
872 4669 907 4711 ac
929 4654 1056 4727 insuper
1076 4655 1107 4712 in
1123 4655 1269 4713 omnibus
1292 4655 1397 4728 acqui·

127 4759 297 4818 sicionibus
320 4763 351 4817 et
373 4759 551 4818 accionibus
574 4760 671 4834 ipsius
695 4761 793 4834 partis
817 4761 1006 4834 acceptantis
1033 4762 1250 4819 succumberet
1273 4766 1303 4819 et
1323 4775 1395 4819 con·

129 4866 306 4925 vinceretur
328 4866 398 4942 ipso
421 4865 511 4925 iacto.
535 4865 674 4924 Tandem
698 4866 794 4924 iidem
811 4866 974 4925 Ladislaus
991 4872 1021 4925 et
1035 4866 1163 4926 Mathko
1186 4867 1268 4940 bani,
1292 4874 1396 4926 nostre

1297 4990 1336 5033 10
