3278 5348
188 419 247 478 188
597 416 671 474 Dor.
695 429 762 492 154·
788 448 828 458 -
852 415 910 473 An.
934 427 1024 492 1441.

185 649 234 691 me
256 630 324 709 jure
346 632 518 691 nobilitatis
532 631 720 690 hereditario
742 631 800 690 rite
822 638 852 691 et
875 632 1028 706 legittime
1049 636 1277 704 concernentes,
1300 646 1371 689 curn
1386 645 1446 690 om·

183 741 275 797 nibus
297 753 404 797 earum
428 738 614 796 utilitatibus
635 742 666 796 et
687 739 884 813 pertinenciis
899 738 1072 813 quibusvis,
1094 737 1122 796 si
1144 736 1242 795 michi
1264 737 1298 795 in
1319 736 1447 812 presenti

182 845 363 913 infirmitate
396 858 466 902 mea
500 845 581 902 mori
614 844 788 918 contigerit,
816 844 887 918 lego
910 850 941 902 et
973 844 1099 902 dimitto
1129 842 1278 901 omnibus
1299 858 1356 901 sex
1378 842 1448 901 filiis

184 951 261 1009 meis
283 950 435 1024 equaliter
456 949 524 1026 jure
553 951 727 1009 nobilitatis
757 959 910 1026 perpetuo
944 948 1154 1025 possidendas.
1185 948 1275 1020 Item,
1298 947 1449 1022 quasdam

182 1056 391 1131 possessiones
413 1071 499 1114 meas
521 1055 599 1113 duas
621 1057 654 1114 in
676 1055 785 1114 eadem
807 1056 962 1129 Prybych,
996 1070 1096 1130 prope
1118 1054 1284 1112 ecclesiam
1318 1055 1449 1125 habitas,

183 1161 319 1234 Gomyla
353 1167 384 1220 et
417 1161 572 1220 Ztermecz
608 1168 741 1234 vocatas,
776 1162 803 1220 si
834 1163 929 1220 michi
952 1163 984 1221 in
1006 1160 1142 1236 presenti
1164 1159 1349 1218 infirmitate
1372 1161 1450 1218 mori

184 1269 354 1341 contigerit,
377 1268 448 1341 lego
471 1274 502 1326 et
523 1269 721 1327 recommitto
743 1274 807 1326 tam
832 1267 886 1325 diu
909 1274 1012 1327 tenere
1035 1273 1065 1324 et
1088 1265 1248 1340 possidere
1277 1280 1314 1323 ac
1337 1266 1385 1324 uti
1413 1281 1449 1324 ex

182 1374 299 1432 eisdem
321 1388 481 1448 quousque
502 1374 563 1448 ipsi
584 1374 644 1432 filii
667 1375 727 1433 mei
750 1373 875 1432 easdem
906 1388 924 1430 a
955 1373 1080 1431 domina
1111 1371 1226 1429 Vrsula
1256 1385 1355 1430 uxore
1384 1385 1451 1429 mea

183 1480 335 1552 legittima
356 1495 415 1554 pro
430 1485 554 1537 centum
577 1480 700 1538 florenis
721 1482 790 1539 auri
809 1481 850 1538 ab
869 1478 979 1538 eadem
994 1477 1190 1549 redemerint,
1206 1476 1333 1551 quando
1349 1484 1451 1535 autem

181 1587 266 1659 ipsos
282 1592 406 1643 centum
421 1585 552 1644 florenos
575 1586 643 1644 auri
665 1586 727 1661 ipsi
748 1585 808 1644 filii
831 1587 893 1644 mei
910 1584 1050 1660 predicte
1066 1583 1191 1642 domine
1207 1583 1333 1656 Vrsule,
1344 1642 1346 1646 Α
1359 1583 1452 1642 matri

183 1705 299 1763 eorum,
322 1692 461 1765 plenarie
485 1693 702 1766 persolverint,
725 1699 797 1750 tunc
819 1693 925 1750 statim
946 1690 1056 1749 eadem
1080 1690 1207 1748 domIna
1231 1689 1350 1747 Vrsula
1371 1704 1451 1747 uxor

182 1813 260 1867 mea,
284 1803 384 1856 mater
406 1799 546 1872 ipsorum
569 1798 709 1856 filiorum
740 1814 893 1868 meorum,
925 1797 1043 1856 eisdem
1073 1796 1150 1855 filiis
1180 1795 1269 1867 meis,
1300 1796 1451 1855 rehabitis

183 1904 270 1978 prius
293 1903 384 1961 dictis
407 1910 531 1962 centum
553 1904 677 1962 florenis
699 1905 776 1976 auri,
792 1904 949 1978 predictas
966 1903 1043 1960 duas
1060 1901 1154 1960 villas
1169 1917 1223 1959 seu
1239 1903 1450 1975 possessiones

182 2024 267 2066 meas
289 2008 420 2068 reddere
443 2017 473 2068 et
496 2012 656 2069 restituere
679 2017 842 2081 teneatur;
865 2011 989 2068 interim
1013 2015 1117 2066 autem
1140 2023 1303 2082 quousque
1325 2007 1451 2066 easdem

183 2115 259 2172 duas
283 2116 375 2174 villas
398 2133 452 2174 seu
476 2118 684 2191 possessiones
708 2132 792 2175 meas
815 2116 856 2174 ab
879 2117 948 2190 ipsa
971 2114 1098 2173 domina
1121 2114 1236 2172 Vrsula
1260 2128 1358 2172 uxore
1381 2128 1451 2172 mea

182 2222 242 2295 ipsi
266 2222 324 2280 filii
347 2223 407 2280 mei
431 2222 618 2281 redemerint
641 2239 700 2297 pro
723 2223 800 2297 ipsis
823 2229 948 2280 centum
970 2221 1093 2280 florenis
1110 2221 1186 2290 auri,
1203 2220 1323 2279 tamdiu
1341 2218 1450 2278 eadem

182 2327 309 2386 domina
332 2329 447 2386 Vrsula
470 2330 595 2387 easdem
619 2329 696 2387 duas
720 2330 929 2403 possessiones
945 2327 1082 2400 Gomyla
1099 2334 1128 2385 et
1143 2326 1301 2384 Ztermecz
1316 2332 1450 2397 vocatas,

182 2433 295 2492 debeat
317 2440 419 2493 tenere
443 2442 473 2493 et
495 2435 655 2510 possidere
678 2437 781 2494 acuti
805 2452 843 2493 ex
866 2434 993 2507 eisdem,
1015 2439 1051 2494 ut
1073 2432 1236 2508 prefertur.
1268 2432 1357 2504 Item,
1381 2447 1449 2506 pre·

182 2539 298 2597 dictam
322 2540 451 2599 domum
474 2557 578 2600 meam
602 2542 729 2601 civilem
752 2543 783 2600 in
814 2541 954 2616 predicta
985 2517 1110 2600 civitate
1139 2539 1255 2598 montis
1286 2537 1449 2598 Grecensis

181 2646 331 2717 habitam,
354 2662 405 2705 me
427 2648 610 2706 litteratorie
633 2649 803 2723 empcionis
825 2649 917 2707 titulo
940 2653 1183 2720 concernentem,
1207 2661 1280 2704 cum
1296 2645 1401 2704 fundis
1421 2648 1450 2702 et

182 2751 334 2810 hedificiis
358 2755 490 2827 aliisque
513 2756 630 2812 cunctis
654 2756 718 2813 suis
738 2755 925 2813 utilitatibus
949 2760 978 2812 el
1001 2753 1199 2828 pertinenciis
1229 2752 1394 2822 universis,
1425 2751 1450 2809 si

182 2859 277 2916 michi
314 2861 345 2918 in
378 2862 515 2934 presenti
548 2861 729 2920 infirmitate
762 2878 831 2920 mea
864 2862 945 2920 mori
981 2860 1155 2933 contigerit,
1177 2859 1249 2932 lego
1273 2865 1303 2916 et
1327 2857 1450 2917 dimitto

182 2965 320 3036 predicte
351 2966 476 3025 domine
508 2968 622 3025 Vrsule
656 2970 746 3026 uxori
781 2984 849 3026 mee
873 2975 902 3027 et
924 2968 1027 3037 Elcne,
1051 2966 1117 3024 filie
1140 2965 1287 3023 similiter
1309 2980 1389 3036 mee,
1412 2980 1449 3022 ex

181 3070 250 3143 ipsa
273 3071 399 3130 domina
422 3065 537 3131 Vrsula
560 3081 590 3131 et
613 3090 651 3131 ex
674 3091 724 3132 me
755 3075 916 3148 progenite
936 3078 1087 3148 perpetuo
1111 3070 1341 3147 possidendam.
1364 3070 1448 3143 Item,

182 3177 209 3233 si
239 3179 335 3235 michi
366 3180 398 3236 in
431 3182 566 3253 presenti
597 3196 667 3238 mea
697 3180 876 3238 infirmitate
899 3181 979 3237 mori
1001 3178 1173 3251 contigerit,
1196 3183 1309 3234 extunc
1332 3192 1451 3234 recom-

183 3284 272 3340 mitto
298 3285 471 3359 predictam
493 3301 623 3345 uxorem
648 3303 749 3345 meam
765 3302 898 3344 unacum
922 3286 1071 3360 predictis
1102 3284 1208 3358 pueris
1231 3290 1260 3341 et
1283 3284 1450 3357 possessio·

182 3390 274 3447 nibus
297 3393 374 3448 meis
396 3393 557 3464 nobilibus
581 3394 715 3465 tuicioni,
738 3394 927 3467 proteccioni
943 3399 972 3450 et
988 3391 1195 3449 defensacioni
1212 3388 1450 3462 magnificorum

183 3496 382 3554 dominorum
412 3498 561 3572 Stephani
591 3506 620 3557 et
651 3501 776 3557 llartini
805 3501 955 3557 comitum
989 3498 1109 3570 Wegle,
1134 3495 1372 3569 Modrussieque
1395 3502 1450 3554 etc.

182 3602 320 3660 filiorum
344 3605 475 3662 condam
500 3606 620 3664 Nicolai
643 3607 728 3678 groff
749 3605 787 3664 de
810 3607 1023 3680 Frangyapan‚
1047 3620 1082 3661 ac
1105 3603 1224 3661 nobilis
1240 3602 1300 3660 viri
1316 3602 1450 3673 Martini,

181 3707 239 3767 filii
262 3710 394 3767 condam
418 3711 555 3769 Ladislai
579 3712 617 3769 de
640 3712 789 3784 Gorycza,
805 3713 863 3770 filii
879 3712 996 3769 scilicet
1012 3711 1127 3770 sororis
1145 3725 1222 3781 mee,
1239 3724 1275 3767 ac
1291 3709 1447 3767 nobilium

182 3816 322 3872 virorum
346 3815 487 3874 filiorum
510 3818 641 3874 condam
665 3819 748 3876 Petri
772 3818 810 3875 de
839 3817 996 3889 Rakonok,
1032 3817 1165 3875 fratrum
1200 3816 1319 3874 scilicet
1354 3815 1449 3873 uteri·

182 3936 294 3978 norum
318 3928 347 3979 et
371 3923 543 3980 carnalium
567 3924 706 3997 predIete
728 3927 834 3983 uxoris
864 3942 942 3995 mee,
975 3930 1008 3982 ut
1039 3925 1101 3999 ipsi
1132 3922 1268 3994 eosdem,
1302 3921 1449 3980 videlicet

183 4044 312 4085 uxorem
335 4034 364 4085 et
386 4045 500 4103 pueros
524 4046 609 4088 meos
633 4046 765 4088 unacum
788 4031 936 4105 predictis
960 4031 1208 4106 possessionibus
1231 4042 1342 4087 eorum
1362 4029 1450 4086 nobi·

182 4135 264 4191 libus
288 4135 363 4208 Ipsis
387 4139 490 4210 pueris
513 4138 590 4194 meis
614 4155 670 4212 per
694 4155 743 4194 me
766 4139 884 4211 legatis,
908 4145 1015 4196 contra
1038 4136 1197 4211 quoslibet
1228 4134 1446 4193 molestatores

182 4248 211 4297 et
235 4242 454 4314 inquietatores
489 4259 599 4301 eorum
634 4245 765 4303 debeant
800 4246 887 4315 tueri,
923 4251 1086 4319 protegere
1116 4250 1146 4300 et
1170 4241 1332 4300 defensare
1357 4255 1449 4300 causa

182 4347 232 4405 dei
255 4357 284 4405 et
319 4348 427 4406 salutis
457 4351 632 4407 animarum
664 4367 772 4408 eorum
808 4352 849 4408 ob
880 4357 1065 4423 respectum,
1088 4363 1149 4406 non
1173 4352 1294 4406 tantum
1317 4353 1448 4423 propter

183 4454 367 4527 peticionem
390 4471 502 4512 meam.
526 4457 602 4513 Item
627 4472 713 4514 arma
737 4473 806 4514 mea
829 4458 941 4526 omnia,
966 4472 1026 4529 que
1050 4456 1160 4525 habeo,
1183 4454 1209 4511 si
1239 4453 1336 4511 michi
1367 4453 1446 4511 mori

182 4561 352 4633 contigerit,
384 4563 455 4633 lego
486 4561 554 4619 dari
586 4578 643 4635 pro
674 4563 778 4620 anima
808 4581 877 4621 mea
912 4563 949 4619 ad
974 4563 1147 4620 claustrum
1170 4562 1268 4618 sancti
1292 4558 1448 4618 Francisci

183 4667 375 4738 confessoris,
399 4667 550 4740 Zagrabie
574 4667 745 4736 fundatum,
769 4671 824 4727 ubi
847 4670 1010 4727 committo
1033 4683 1147 4742 corpus
1163 4682 1218 4724 seu
1233 4664 1327 4724 funus
1343 4681 1449 4724 meum

182 4788 234 4829 me
256 4774 407 4831 moriente
431 4774 587 4832 tumulari
612 4774 686 4832 Item
712 4776 770 4833 filii
793 4792 845 4833 seu
872 4774 1000 4832 heredes
1031 4773 1163 4831 condam
1188 4772 1366 4845 Lowrandi,
1389 4772 1448 4831 filii

184 4877 310 4952 Gurgelr
333 4880 469 4939 Delosan
492 4887 632 4939 tenentur
656 4879 750 4941 michi
773 4882 921 4940 ducentos
943 4881 1076 4939 florenos
1098 4881 1175 4953 auri,
1198 4893 1277 4954 quos
1307 4879 1448 4957 prefatus
