3278 5348
641 110 715 170 Doc.
739 106 787 167 [ό.
813 142 852 152 -
874 111 930 169 An.
954 125 1047 189 1409.
1438 131 1473 184 15

201 211 1031 222 —-———.———————.-——
1053 216 1166 223 --..-.
1183 218 1298 224 ——.
1311 218 1315 223 .
1327 217 1475 225 ——-

312 460 395 508 Anno
417 472 493 522 1409,
514 460 538 511 6.
557 460 631 524 Julii.
652 463 799 526 Zagrabiae.
826 374 878 525 16,

206 583 345 644 Andreas
367 588 512 660 episeopus
533 588 738 660 aagrabieasis,
762 588 934 647 Eberhardr'
955 592 1079 668 episcopi
1100 592 1289 657 donationem,
1312 611 1373 666 qna
1396 594 1476 650 acele-

210 692 268 749 siae
290 694 467 751 cathedrales
482 694 694 768 praebendarii
714 694 749 751 de
776 694 885 752 decima
914 697 1047 769 qniseape's
1077 699 1310 771 zagrabirnse'bns
1339 699 1475 756 sulnunda

665 800 835 871 liberantur,
858 804 1015 876 confirmat.

312 945 455 1002 Andreas
478 945 529 1004 dei
552 953 581 1003 et
607 946 777 1020 apostolice
808 947 889 1005 sedis
920 950 1024 1020 gracia
1060 949 1224 1024 episcopus
1258 952 1473 1022 zagrabiensis.

213 1047 361 1108 Omnibus
377 1050 493 1109 Christi
515 1050 663 1110 fidelibus
686 1054 882 1125 presentibus
904 1059 934 1111 et
955 1053 1074 1125 futuris,
1098 1060 1255 1128 presentes
1282 1058 1473 1130 inspecturis,

213 1158 343 1216 satutem
366 1163 397 1215 et
420 1156 598 1216 devocionis
622 1159 741 1215 cultum
764 1160 947 1231 augmetari.
971 1161 1139 1218 Pastoralis
1163 1178 1235 1219 cure
1258 1162 1399 1220 debitum
1423 1162 1473 1220 di·

211 1260 315 1336 iigenti
339 1264 550 1323 sollicitudine
572 1271 758 1337 exequentes
779 1265 818 1322 ad
843 1282 877 1323 ea
901 1267 1036 1324 libenter
1059 1267 1256 1340 intendimus,
1289 1285 1348 1342 que
1371 1269 1473 1326 cultus

210 1367 305 1429 divini
343 1377 545 1443 augmentum
580 1377 610 1429 et
641 1373 856 1430 ministrorum
892 1375 957 1431 eius
993 1374 1160 1432 comodum
1184 1390 1219 1432 ac
1242 1376 1474 1432 sustentacionis

207 1478 362 1535 auxilium
386 1476 531 1537 videntur
560 1479 722 1552 ampliare.
746 1478 877 1537 Proinde
899 1481 1116 1538 universorum
1141 1483 1335 1555 presencium
1358 1482 1475 1555 pariter

200 1590 227 1642 et
249 1583 435 1642 futurorum
459 1585 570 1644 noticie
595 1586 743 1642 volumus
767 1585 835 1642 fieri
858 1586 1076 1644 manifestum:
1100 1587 1184 1659 quod
1208 1588 1331 1645 discreti
1347 1587 1474 1645 virido-

195 1693 280 1751 mini
315 1690 488 1764 Gregorius
519 1693 673 1765 presbiter
707 1691 745 1749 de
783 1693 937 1764 lwanycln
962 1693 1094 1750 decanus
1122 1694 1408 1767 prebendariorum‚
1445 1700 1474 1750 et

190 1808 314 1857 omnes
340 1797 539 1870 prebendarii
563 1799 650 1856 chori
672 1799 802 1857 ecclesie
826 1807 930 1857 nostre
952 1802 1168 1872 zagrabiensis‚
1194 1801 1286 1857 nobis
1302 1801 1333 1857 in
1350 1800 1474 1857 Christo
1518 1850 1526 1859 .

189 1902 325 1974 dilecti,
350 1903 389 1961 ad
414 1912 550 1962 nostram
584 1906 738 1963 venientes
771 1908 963 1979 presenciam
995 1907 1202 1963 exhibuerunt
1233 1907 1323 1963 nobis
1354 1907 1473 1964 litteras

186 2009 373 2070 reverendi
405 2011 436 2068 in
471 2010 595 2069 Christo
630 2013 728 2086 patris
763 2013 880 2071 domini
906 2013 1088 2083 Eberhardi,
1120 2014 1242 2087 pridem
1267 2015 1473 2085 zagrabiensis

181 2131 285 2177 nunc
310 2131 388 2174 vero
410 2117 631 2176 waradinensis
655 2120 801 2193 episcopi,
826 2119 1052 2192 predecessoris
1076 2122 1180 2189 nostri,
1205 2122 1263 2176 sub
1294 2128 1411 2176 secreto
1434 2121 1474 2176 si·

181 2203 284 2298 gillo
309 2238 368 2280 suo
392 2223 629 2297 privilegialiter
660 2232 817 2283 emanatas
841 2227 954 2306 tenoris
979 2227 1175 2299 infrascripti,
1200 2226 1289 2283 nobis
1313 2227 1474 2284 humiliter

183 2329 425 2405 supplicando,
449 2338 483 2388 ut
506 2338 645 2388 tenorem
669 2333 810 2405 ipsarum
833 2332 1006 2389 litterarum
1032 2333 1143 2389 litteris
1166 2333 1278 2389 nostris
1296 2333 1473 2405 privilegia·

187 2437 291 2496 libus
316 2435 356 2494 de
375 2438 473 2494 verbo
496 2436 536 2494 ad
560 2439 694 2495 verbum
717 2439 810 2495 inseri
833 2437 988 2509 facientes,
1012 2438 1136 2495 easdem
1162 2446 1190 2494 et
1214 2440 1244 2494 in
1269 2440 1312 2495 eis
1330 2445 1472 2494 contenta

186 2549 377 2617 acceptare,
401 2545 578 2617 approbare
601 2552 631 2602 et
654 2545 808 2602 ratificare
831 2553 859 2602 et
875 2547 1056 2602 auctoritate
1072 2551 1176 2602 nostra
1193 2561 1231 2601 ex
1247 2552 1329 2601 certa
1344 2545 1474 2600 sciencia

188 2650 393 2708 confirmare
427 2650 637 2723 dignaremur.
673 2651 812 2723 Quarum
848 2660 936 2710 tenor
969 2653 1108 2725 sequitur
1142 2658 1172 2708 et
1206 2657 1251 2706 est
1279 2651 1363 2707 talis:
1390 2644 1473 2726 (vide

194 2756 281 2814 Doc.
309 2770 336 2812 a.
360 2771 440 2814 anno
467 2751 571 2833 1401).
596 2757 659 2814 Nos
684 2759 787 2831 itaque
818 2759 1104 2832 supplicacionibus
1140 2758 1293 2814 dictorum
1330 2755 1472 2827 Gregorii

193 2863 316 2922 decani
341 2868 371 2920 et
394 2862 671 2936 prebendariorum
694 2864 880 2921 devotorum
905 2865 1032 2921 ecclesie
1056 2870 1159 2921 nostre
1179 2864 1387 2934 zagrabiensis
1411 2880 1472 2919 ser·

197 2971 346 3027 vitorum
371 2970 421 3042 pie
443 2969 596 3027 exauditis
619 2976 649 3028 et
673 2971 886 3044 principaliter
908 2970 1060 3041 admissis,
1085 2970 1274 3026 attendentes
1299 2985 1337 3025 ex
1368 2970 1471 3025 huius·

200 3075 294 3134 modi
319 3073 464 3133 decimali
488 3076 683 3134 relaxacione
706 3077 825 3133 cultum
850 3077 991 3133 divinum
1016 3093 1076 3133 non
1109 3076 1267 3133 modicum
1291 3077 1472 3144 excrevisse,

202 3183 305 3239 immo
329 3182 359 3239 in
383 3183 521 3240 maxima
545 3188 633 3256 parte
654 3199 692 3240 ex
716 3198 751 3240 eo
776 3182 842 3240 fore
866 3192 895 3240 et
922 3199 988 3239 esse
1012 3189 1253 3254 augmentatum,
1272 3183 1472 3253 volentesque

209 3289 289 3345 votis
313 3287 528 3346 laudabilibus
551 3290 591 3346 ab
615 3290 758 3347 humanis
782 3297 811 3347 et
836 3289 950 3347 divinis
970 3286 1089 3361 legibus
1105 3304 1228 3345 summo
1245 3304 1338 3361 opere
1362 3288 1473 3344 suffra-

209 3395 283 3467 gari,
310 3394 445 3468 prefatas
467 3396 587 3453 litteras
610 3397 746 3454 annotati
770 3396 888 3454 domini
905 3396 1077 3453 Eberhardi
1097 3396 1243 3468 episcopi,
1261 3409 1320 3451 non
1337 3396 1472 3464 abrasas,

211 3516 268 3559 aon
292 3501 486 3571 cancellatas,
521 3518 577 3559 nec
613 3503 643 3560 in
675 3501 779 3575 aliqua
815 3518 923 3559 eorum
956 3511 1042 3575 parte
1078 3503 1213 3570 viciatas,
1250 3502 1347 3558 immo
1372 3502 1472 3556 omnis

212 3621 336 3678 prorsus
361 3606 504 3665 falsitatis
528 3608 710 3681 suspicionis
734 3609 815 3665 vicio
838 3616 984 3678 carentes,
1018 3609 1274 3681 presentibusque
1304 3606 1344 3675 ,de
1376 3607 1472 3662 verbo

211 3712 247 3770 ad
272 3714 404 3771 verbum
428 3715 472 3771 nil
496 3713 610 3785 addit0,
638 3714 791 3772 diminuto
815 3715 866 3771 vel
904 3715 1023 3771 variato
1058 3714 1195 3782 insertas,
1228 3712 1329 3785 quoad
1365 3727 1472 3768 omnes

213 3834 315 3877 earum
340 3821 554 3891 continencias,
578 3821 733 3890 articulos,
758 3828 872 3894 puncta
896 3829 925 3877 et
948 3820 1103 3877 clausulas
1133 3829 1338 3891 receptamus,
1358 3832 1472 3890 appro-

216 3924 325 3984 bamus
349 3932 378 3984 et
402 3925 601 3997 ratificamus,
624 3927 668 3984 eis
699 3927 917 3984 nichilominus
947 3927 977 3985 in
1009 3926 1105 3982 divini
1138 3927 1239 3982 cultus
1270 3933 1472 3996 augmentum

213 4038 239 4088 et
262 4032 417 4091 dictorum
441 4032 721 4107 prebendariorum
737 4032 984 4091 comodosiorem
1009 4033 1265 4090 sustentacionem
1291 4031 1472 4088 innovantes

211 4146 360 4212 perpetuo
383 4140 533 4196 valituras
568 4137 797 4210 confirmamus,
821 4139 1002 4197 mandantes
1035 4140 1187 4197 universis
1218 4138 1472 4210 procuratoribus

211 4258 261 4302 seu
284 4245 502 4319 provisoribus
524 4222 608 4303 curie
631 4252 735 4303 nostre
758 4247 944 4319 episcopalis
967 4245 1175 4318 zagrabiensis
1198 4259 1234 4301 ac
1257 4243 1410 4301 universis
1442 4246 1472 4298 et

212 4350 348 4424 singulis,
384 4351 498 4425 quibus
532 4353 658 4410 interest
682 4353 734 4410 vel
755 4353 892 4410 intererit
916 4353 946 4409 in
972 4351 1121 4422 futurum,
1146 4358 1180 4408 ut
1210 4350 1269 4406 sub
1292 4347 1472 4406 intermina·

211 4456 296 4516 cione
319 4458 419 4516 divini
442 4457 548 4517 iudicii
578 4457 667 4517 nullo
690 4473 828 4532 unquam
852 4463 993 4532 tempore
1017 4462 1123 4515 contra
1152 4455 1305 4530 premissa
1328 4449 1472 4526 quitquid

214 4570 399 4639 attemptare
422 4564 556 4639 audeant
579 4565 816 4639 quomodolibet
839 4565 890 4623 vel
914 4568 1137 4640 presummant,
1160 4559 1214 4619 sed
1245 4559 1370 4618 eosdem
1402 4572 1471 4631 pre-
