3278 5348
212 654 373 706 eeclesiastici
391 654 575 720 inquisitiones
599 655 700 720 possim
717 656 802 705 fucere
820 661 909 705 contra
921 670 974 708 eos.
993 683 1028 692 —
1044 654 1131 718 Judex
1149 653 1210 704 lieet
1228 653 1386 704 existimaret
1402 655 1476 719 juxta

212 757 300 794 norem
323 745 406 809 regni,
426 743 539 793 utilitate
557 742 677 808 allegata,
701 744 874 808 iuramentum
893 742 926 791 ud
944 742 1030 806 capita
1047 743 1141 792 civium
1165 743 1371 807 adjudicandum.
1391 750 1477 792 tumen

212 829 330 893 judicium
349 848 442 882 musae
460 839 486 881 et
505 832 682 881 executionem
699 831 844 882 litterarum
862 830 1043 896 producturum
1069 831 1102 880 ad
1120 838 1223 880 octavas
1247 846 1267 882 s.
1292 830 1430 880 Michaelis
1448 831 1476 881 in

213 920 369 981 personalem
389 920 560 985 praesentium
579 919 727 976 transmisit,
740 919 881 983 obligando
899 920 968 969 cives
981 918 1013 967 ad
1026 934 1113 968 earum
1124 917 1267 967 litterarum
1280 919 1476 983 productionem

214 1011 275 1068 lunc,
304 1015 334 1058 ut
361 1014 538 1074 representem
568 1008 601 1057 ad
619 1016 722 1057 octavas
755 1006 920 1073 Epiphaniae
944 1006 1036 1071 judicii
1062 1006 1162 1058 seriem.
1198 1006 1323 1070 Zagrabie
1357 1019 1399 1070 24.
1433 1007 1476 1056 die

208 1105 352 1148 petentum
371 1114 392 1149 s.
408 1097 511 1162 Jueobi.
1141 1108 1148 1119 '

814 1274 875 1344 87.

312 1364 395 1413 Anno
416 1376 492 1430 1435.
511 1376 536 1428 7.
555 1363 675 1413 octobris.

190 1471 422 1549 sigemundus,
442 1474 620 1547 Hungarioe
649 1480 698 1531 etc.
727 1491 791 1542 rex,
814 1472 1013 1530 communitate
1035 1471 1159 1529 civitatis
1179 1480 1300 1545 rogante
1323 1472 1475 1547 antiquum

324 1580 417 1638 Belae
439 1579 496 1637 IV.
514 1577 708 1655 privilegium
730 1578 767 1637 de
788 1578 965 1636 libertatibus
987 1579 1016 1636 ei
1034 1579 1168 1636 conccssis
1189 1578 1347 1652 confimat.

310 1721 527 1796 sigismundus
550 1721 601 1780 dei
623 1723 726 1795 gracia
749 1723 963 1780 Romanorum
986 1723 1165 1796 imperator,
1181 1737 1305 1796 semper
1316 1726 1475 1794 augustus,

170 1836 237 1888 'ac
251 1829 425 1901 Hungarie,
441 1828 598 1901 Bohemie,
621 1828 790 1899 Dalmaeie‚
806 1828 943 1899 Croacie‚
959 1828 1065 1898 Rame‚
1082 1826 1197 1901 Seruie,
1221 1827 1362 1899 Gallicie,
1374 1826 1475 1885 Lodo·

184 1936 312 2007 merie,
336 1934 493 2005 Comanie,
517 1934 724 2013 Bulgarieque
747 1951 810 1992 rex.
843 1934 996 1992 Omnibus
1027 1934 1143 1992 Christi
1173 1933 1321 1991 fidelibus
1351 1949 1474 2006 presen-

180 2032 288 2101 tibus
311 2040 429 2115 pariter
451 2047 481 2098 et
505 2039 619 2098 futuris
642 2054 769 2115 presens
799 2042 952 2114 scripturn
986 2040 1169 2114 inspecturis
1201 2039 1336 2098 salutem
1366 2040 1398 2097 in
1429 2054 1474 2111 eo,

181 2148 255 2223 qui
279 2153 328 2206 est
350 2148 491 2205 omniurn
514 2161 589 2204 vera
614 2146 708 2206 salus.
733 2147 818 2204 Dum
840 2147 950 2204 fideles
981 2148 1059 2220 regii
1083 2164 1139 2221 per
1172 2146 1290 2204 donum
1324 2147 1474 2221 principis

183 2253 360 2314 libertatis
376 2252 525 2310 beneficio
548 2258 578 2310 et
601 2253 811 2327 exempcionis
834 2254 950 2311 solacio
974 2254 1147 2326 pociuntur,
1164 2257 1237 2311 tunc
1256 2252 1370 2326 regalis
1386 2252 1474 2310 celsi·

191 2358 281 2417 tudo
305 2356 432 2415 laudem
463 2363 494 2416 et
523 2359 810 2431 augmentacionem
833 2358 960 2417 honoris
989 2358 1172 2432 adipiseitur
1202 2359 1233 2415 in
1264 2358 1408 2432 presenti,
1442 2359 1473 2416 in

200 2464 315 2523 futuro
338 2470 443 2521 autem
466 2464 600 2536 gloriam
623 2465 770 2538 consequi
801 2470 922 2538 poterat
944 2439 1175 2538 sempiternam,
1199 2469 1230 2521 et
1259 2469 1345 2522 tanto
1367 2465 1399 2521 in
1422 2479 1471 2522 su·

190 2584 295 2629 orum
319 2569 533 2627 subiectorum
557 2570 755 2628 multitudine
775 2571 902 2628 uberius
925 2571 1086 2643 gloriatur,
1103 2576 1218 2644 quanto
1241 2572 1327 2644 ipsos
1349 2570 1474 2629 directis

196 2678 328 2735 circiter
350 2676 514 2734 oculorum
537 2676 753 2749 conspectibus
786 2675 826 2734 ad
857 2693 911 2734 sue
942 2678 1110 2734 maiestatis
1145 2677 1365 2734 excellenciam
1395 2676 1476 2734 vidit

200 2782 362 2856 copiosius
383 2782 539 2855 ampliari.
572 2781 704 2840 Proinde
739 2781 779 2839 ad
811 2784 1028 2840 universorum
1057 2790 1119 2840 tam
1152 2781 1347 2857 presencium
1378 2798 1473 2856 quam

201 2886 384 2947 futurorum
415 2888 562 2946 noticiam
595 2887 709 2945 harum
746 2889 826 2946 serie
859 2889 1007 2946 volumus
1041 2891 1219 2963 pervenire:
1250 2888 1334 2963 quod
1368 2888 1471 2946 fidelis

204 3001 310 3052 noster
332 2994 477 3077 Jacobus‚
501 2993 586 3051 filius
609 2994 759 3076 Joharinis
782 2995 877 3067 Bolye
900 3000 932 3053 et
964 2995 1060 3068 Frycz
1093 2993 1185 3072 jurati
1220 2997 1303 3054 cives
1333 2995 1466 3052 civitatis

205 3106 310 3157 nostre
333 3100 448 3156 montis
471 3099 634 3158 Grecensis
657 3099 695 3157 de
718 3099 870 3173 Zagrabia
894 3103 924 3158 in
948 3102 1089 3175 ipsorum
1112 3116 1149 3158 ac
1170 3100 1290 3176 Judicis,
1312 3103 1469 3158 universo·

207 3222 340 3280 rumque
363 3213 394 3263 et
416 3207 611 3279 singulorum
634 3208 759 3278 civium,
783 3208 957 3266 incolarum
980 3213 1010 3265 et
1038 3209 1197 3281 hospitum
1225 3208 1363 3266 ciusdem
1395 3208 1469 3265 civi·

206 3313 275 3371 tatis
297 3319 402 3371 nostre
431 3314 581 3388 personis,
611 3314 818 3372 exhibuerunt
849 3320 879 3371 et
902 3320 1158 3388 presentaverunt
1191 3315 1282 3371 nobis
1317 3313 1468 3387 quasdam

207 3419 326 3477 litteras
341 3427 462 3477 nostras
477 3419 691 3493 privilegiales
710 3420 808 3494 priori
820 3434 903 3478 novo
919 3419 1060 3494 dupplici
1076 3420 1228 3477 autentico
1241 3419 1346 3491 sigillo
1358 3424 1472 3490 nostro,

209 3540 270 3597 quo
290 3532 326 3582 ut
348 3541 403 3583 rex
427 3526 586 3599 Hungarie
608 3527 782 3597 utebamur,
806 3534 837 3584 et
860 3526 981 3599 pridem
1007 3533 1135 3600 propter
1158 3531 1359 3598 augmentum
1391 3525 1474 3583 tituli

211 3633 306 3689 nostri
337 3630 511 3706 imperialis
538 3634 689 3706 susceptis
725 3633 846 3690 coronis
876 3630 1092 3706 imperialibus
1123 3638 1216 3706 rupto
1247 3638 1277 3689 et
1307 3632 1338 3688 in
1369 3636 1473 3705 partes

207 3734 364 3809 dissecato,
387 3739 458 3797 loco
480 3738 627 3797 videlicet
648 3741 734 3798 cuius
756 3738 842 3796 aliud
858 3739 1003 3796 similiter
1018 3739 1207 3796 autenticum
1228 3737 1369 3812 dupplex
1387 3737 1473 3810 sigil-

208 3842 273 3902 lum
296 3860 358 3919 pro
379 3850 485 3903 nostra
515 3844 697 3903 celsitudine
729 3846 831 3922 sculpi
862 3845 991 3903 lecimus
1024 3852 1055 3902 et
1090 3844 1236 3902 fabricari
1266 3844 1297 3901 in
1327 3844 1473 3918 pendenti

207 3951 410 4024 consignatas,
434 3955 555 4009 tenores
578 3951 788 4025 quarumdam
816 3952 991 4009 litterarum
1027 3950 1158 4009 condam
1192 3951 1291 4009 incliti
1322 3952 1473 4025 principis

206 4054 322 4114 domini
345 4056 454 4114 Karoli
478 4058 559 4130 regis
583 4058 741 4131 Hungarie
766 4058 994 4132 predecessoris
1023 4059 1120 4116 nostri
1143 4057 1298 4116 laudande
1321 4058 1472 4116 memorie

207 4164 356 4236 postremi
379 4162 427 4221 sui
449 4162 607 4237 dupplicis
631 4164 777 4221 autentici
799 4164 897 4237 sigilli
919 4166 1108 4238 appensione
1136 4165 1336 4235 munitarum,
1362 4163 1474 4221 confir·

206 4268 361 4327 matreium
384 4272 525 4327 tenorem
548 4269 709 4327 cuiusdam
726 4271 884 4344 privilegii
901 4271 1039 4328 eiusdem
1063 4270 1196 4327 condam
1218 4269 1336 4326 domini
1360 4268 1471 4325 Karoli

205 4375 295 4447 regis,
319 4374 417 4431 veteri
439 4389 497 4433 suo
512 4376 617 4448 sigillo
633 4376 786 4433 autentico
802 4377 973 4449 consignati
989 4377 1203 4434 confirmative
1218 4377 1249 4432 in
1268 4391 1299 4431 se
1323 4375 1472 4431 habentes

206 4480 407 4555 privilegium
438 4481 570 4541 condam
604 4481 720 4539 domini
756 4481 837 4554 Bele‚
872 4484 1016 4541 similiter
1049 4484 1131 4555 regis
1169 4480 1335 4553 Hungarie,
1359 4479 1470 4552 proavi

205 4585 302 4661 ipsius
324 4585 456 4644 condam
481 4587 600 4645 domini
623 4587 732 4645 Karoli
755 4589 837 4660 regis
861 4595 892 4645 et
914 4589 1141 4661 predecessoris
1164 4588 1220 4657 sui,
1244 4587 1295 4660 pie
1328 4582 1472 4642 recorda-

204 4692 312 4767 sionis,
334 4707 429 4766 super
450 4693 649 4751 libertatibus
672 4695 855 4751 eorumdem
877 4694 997 4770 judicis,
1018 4695 1143 4765 civium,
1167 4693 1326 4767 hospitum
1343 4698 1374 4748 et
1389 4692 1472 4749 inco·

203 4797 306 4857 larum
328 4797 468 4857 eiusdem
489 4800 624 4857 civitatis
646 4800 760 4857 montis
783 4798 947 4859 Grecensis
972 4801 1010 4858 de
1032 4800 1184 4874 Zagrabia
1208 4798 1325 4857 eisdem
1347 4813 1469 4856 conces·

202 4905 247 4963 sis
268 4918 305 4963 ac
327 4904 498 4965 collacione
521 4906 683 4964 cuiusdam
706 4910 787 4965 terre
811 4906 892 4965 circa
915 4912 1054 4965 montem
1078 4906 1180 4965 Grech
1204 4906 1263 4965 sub
1297 4904 1470 4963 distinecio·

1370 5012 1386 5071 8
