3256 5346
271 400 333 475 488
598 394 672 452 Doc.
689 398 765 469 307.
774 386 853 468 368.
878 423 919 434 —
942 397 999 451 An.
1022 402 1222 469 14921493.

303 500 509 508 ——.-—-—-·-.
1442 500 1538 507 ....—...

272 628 331 687 que
355 612 459 669 omnia
483 612 513 669 in
537 610 648 669 litteris
672 607 811 666 eiusdem
836 605 969 665 condam
992 606 1112 665 domini
1135 609 1233 666 nostri
1257 611 1340 682 regis
1364 610 1452 669 clare
1475 626 1547 669 con·

271 720 413 777 tinentur.
440 718 540 775 Causa
572 718 675 789 itaque
705 715 773 788 ipsa
797 729 868 772 eum
899 712 1009 770 eodem
1040 712 1219 772 Valenchek
1243 713 1302 772 fuit
1327 720 1414 773 mota
1438 731 1546 775 coram

270 823 380 900 juratis
403 822 559 899 judicibus
594 823 685 879 huius
717 820 859 887 civitatis,
894 828 924 876 et
953 818 1080 876 tandem
1112 835 1149 877 ex
1187 822 1280 878 certis
1303 823 1545 893 gravaminibus

272 946 366 1005 penes
389 929 643 989 consvetudinem
666 927 800 985 civitatis
821 942 878 999 per
901 924 1034 983 eundem
1057 924 1187 983 Gallum
1211 926 1251 983 ad
1274 927 1413 985 seniores
1435 930 1545 1003 appel·

272 1038 344 1108 lata,
368 1037 421 1109 qui
445 1037 476 1093 in
499 1034 640 1092 favorem
671 1032 810 1091 eiusdem
840 1030 1019 1089 Valenchek
1042 1031 1210 1089 noluerunt
1232 1046 1302 1089 eam
1324 1030 1467 1107 judicare
1490 1034 1543 1092 sed

272 1150 377 1202 contra
400 1142 594 1199 voluntatem
617 1138 754 1197 eiusdem
779 1136 864 1195 Galli
881 1137 1029 1194 miserant
1046 1151 1114 1194 eam
1139 1151 1195 1212 per
1218 1138 1439 1196 arbitrativam
1458 1155 1541 1197 com-

271 1249 461 1324 posicionem
484 1244 675 1323 sopiendam,
699 1259 794 1316 quam
824 1243 1088 1316 composicionem
1111 1243 1177 1316 ipse
1200 1243 1381 1302 Valenchek
1411 1246 1542 1303 minime

273 1360 454 1430 prosecutus
487 1359 541 1421 est,
572 1350 626 1408 sel
658 1364 727 1407 eam
757 1348 851 1407 surda
883 1363 956 1406 aure
980 1349 1194 1420 pertransivit;
1219 1348 1345 1407 tandem
1369 1359 1539 1425 propterea

271 1463 337 1535 ipse
367 1459 479 1518 Gallus
509 1457 617 1514 habuit
649 1470 808 1512 recursum
843 1453 882 1512 ad
906 1455 1099 1512 maiestatem
1120 1455 1246 1526 regiam,
1272 1455 1392 1529 fuitque
1415 1457 1541 1516 manda·

271 1574 339 1623 tum
360 1581 416 1639 per
432 1563 570 1633 eandem,
597 1568 689 1636 prout
706 1562 807 1618 littere
829 1560 967 1619 eiusdem
984 1561 1149 1631 continent,
1170 1558 1265 1636 judici
1289 1569 1319 1620 et
1342 1560 1454 1637 juratis
1468 1564 1540 1622 cisi·

271 1671 340 1740 bus,
365 1679 398 1728 ut
422 1668 563 1726 fecissent
586 1666 738 1743 judicium
761 1674 791 1724 et
805 1664 959 1742 justiciam
982 1667 1125 1737 incausa,
1149 1668 1180 1724 in
1203 1668 1435 1727 restitucionem
1461 1670 1540 1727 fame

271 1784 301 1836 et
336 1776 461 1835 honoris
496 1773 634 1832 eiusdem
669 1772 754 1830 Galli
789 1773 979 1845 exponentis,
1014 1781 1043 1830 et
1078 1772 1236 1846 usquead
1261 1789 1388 1846 presens
1416 1783 1538 1850 tempus

271 1883 367 1941 nichil
391 1888 531 1940 secutum
555 1890 601 1938 est
623 1878 884 1952 ineademcausa,
907 1879 976 1936 ideo
999 1879 1194 1953 supplicatur
1206 1879 1243 1949 V,
1267 1880 1287 1937 l.
1311 1880 1352 1939 D.
1376 1896 1435 1955 pro
1451 1892 1537 1955 parte

271 1988 409 2048 eiusdem
434 1987 519 2045 Galli
550 1987 700 2043 institoris
722 1985 892 2056 humiliter,
917 1992 1067 2059 quatenus
1090 1986 1199 2043 eadem
1223 1986 1368 2059 dignetur
1392 1987 1538 2045 mandare

271 2093 366 2170 judici
396 2100 426 2152 et
456 2092 565 2168 juratis
596 2093 726 2162 civibus,
756 2099 789 2149 ut
819 2089 906 2167 juxta
937 2098 1078 2149 contenta
1111 2093 1285 2151 litterarum
1309 2092 1384 2152 dicti
1406 2092 1538 2152 condam

272 2201 387 2258 llathie
407 2201 488 2273 regis
503 2214 628 2257 causam
644 2198 774 2256 eandem
797 2206 988 2256 assumerent
1004 2204 1034 2256 et
1051 2199 1267 2257 terminaretur
1284 2206 1392 2258 eontra
1407 2199 1537 2258 eundem

272 2306 451 2364 Valenchek
473 2321 568 2379 quam
591 2306 689 2363 eciam
713 2312 820 2363 contra
844 2305 963 2362 dictum
987 2306 1103 2362 Lucam
1127 2305 1296 2377 Rybarych
1319 2306 1464 2365 concives
1486 2308 1537 2364 ha·

272 2413 380 2482 bitam,
403 2428 441 2469 ne
457 2413 524 2486 ipse
540 2411 652 2468 Gallus
670 2411 800 2469 ulterius
817 2427 854 2468 ex
871 2409 999 2469 infamia
1022 2413 1083 2469 sibi
1106 2411 1194 2469 illata
1217 2412 1370 2470 inanimo
1387 2414 1535 2471 turbetur.

377 2547 544 2598 Protocolum
561 2547 681 2597 civitatis.
701 2548 733 2595 In
750 2547 847 2596 archiv.
865 2546 926 2598 incl.
946 2547 1030 2598 Acad.
1050 2546 1145 2598 Scient.
1158 2546 1258 2599 slavor.
1277 2548 1369 2597 merid.
1389 2550 1427 2601 11.
1448 2550 1473 2601 d.
1493 2561 1534 2615 35.

865 2778 949 2847 367.

377 2932 458 2979 Anno
482 2942 557 2992 ¹49²·

376 3113 526 3171 Gverales
558 3117 725 3170 conventus
750 3113 778 3170 b.
810 3128 840 3171 v.
874 3113 990 3170 Mariae
1022 3112 1061 3170 de
1092 3115 1306 3186 promontorio
1346 3117 1535 3189 zagrabiensi

270 3237 364 3294 super
387 3221 485 3290 vinea,
516 3218 619 3289 domo,
643 3220 741 3289 horto,
765 3219 967 3292 virgultoque
990 3218 1091 3276 eidem
1114 3220 1222 3278 vineae
1245 3218 1459 3296 adjacentibus
1482 3239 1536 3297 per

269 3327 421 3409 Jacobum
446 3325 522 3382 olim
547 3324 704 3397 Czopocza
727 3321 790 3398 jam
815 3324 992 3398 profugum,
1010 3326 1169 3398 possessis,
1186 3330 1278 3399 atque
1301 3327 1333 3385 in
1358 3327 1441 3386 dicto
1466 3344 1535 3403 pro·

270 3433 425 3490 montorio
458 3431 655 3488 Remethensi
687 3431 815 3503 situatis,
839 3431 973 3504 Georgio
1008 3432 1164 3490 altaristae
1195 3448 1265 3490 arae
1297 3449 1319 3491 s.
1351 3433 1473 3493 Nicolai
1505 3436 1534 3493 in

269 3539 397 3597 ecclesia
426 3554 448 3595 s.
480 3537 575 3593 Marci
605 3537 718 3593 montis
749 3536 909 3595 Grecensis
940 3544 1066 3605 erectae,
1099 3553 1157 3611 pro
1180 3554 1234 3595 sex
1256 3538 1321 3597 tlor.
1345 3541 1436 3598 salvo
1468 3540 1534 3616 jure

269 3649 423 3713 montano,
447 3644 477 3700 in
501 3642 735 3715 quatuordecim
759 3645 988 3702 wiennensibus
1012 3645 1151 3703 venditis.

375 3778 436 3828 Act.
464 3792 531 3826 mon.
561 3779 674 3825 Remete
708 3780 769 3829 fasc,
800 3781 850 3829 ΙΙΙ,
875 3795 912 3832 ur.
934 3792 974 3843 30.
1003 3782 1035 3828 Iu
1053 3780 1150 3829 archiv.
1170 3797 1241 3845 regn.
1261 3780 1348 3832 Croat.
1368 3781 1438 3831 Slar.
1460 3783 1535 3833 Dalm

846 3959 931 4024 368.

383 4098 464 4146 Anao
488 4110 562 4160 1493,
583 4109 624 4160 27.
642 4099 762 4161 januarii.
782 4099 881 4147 Budae.

277 4217 453 4284 Vtadrslnus,
490 4217 593 4288 Hung.
629 4226 669 4273 etc
693 4237 754 4291 rex,
778 4219 906 4275 onmibus
928 4218 1089 4275 hominibus
1112 4216 1168 4292 qui
1187 4219 1295 4276 trc'buta
1319 4229 1425 4293 tenent,
1442 4232 1532 4298 prae·

375 4324 444 4396 riori
464 4341 498 4378 nc
521 4342 539 4377 a
562 4324 669 4379 ciratus
691 4326 923 4393 aurrabr'cnsr'lms
946 4325 1082 4382 irritatum
1100 4333 1157 4399 pro
1180 4344 1270 4385 rnerce
1292 4329 1423 4402 exigant.

971 4482 1126 4532 Commissio
1145 4485 1249 4548 propria
1267 4484 1365 4534 domini
1386 4489 1464 4551 regis.

370 4626 563 4684 Wladislaus
597 4627 645 4686 dei
668 4628 771 4699 gracia
806 4629 973 4700 l·lungarie‚
1009 4629 1163 4701 Bohemie,
1190 4631 1361 4703 Dalmacie,
1398 4634 1534 4705 Croacie‚

264 4730 369 4801 Rame,
394 4731 509 4803 Seruie,
533 4734 674 4805 Gallicie‚
696 4734 890 4806 Lodomerie,
914 4736 1071 4807 Comanie,
1096 4737 1303 4812 Bulgarieque
1325 4755 1391 4811 rex,
1416 4757 1534 4801 necnon

264 4834 362 4893 Slesie
385 4844 414 4894 et
445 4840 724 4914 Lucemburgensis
754 4840 826 4909 dux,
861 4843 1064 4916 marchioque
1099 4845 1239 4905 Morauie
1272 4853 1302 4903 et
1325 4846 1456 4906 Lusacie
1479 4856 1534 4909 ete
