3278 5348
187 436 247 492 rsa
612 418 773 495 Doc.117.
799 449 835 462 -
862 418 917 477 Aa
942 413 1036 495 1438.

184 635 361 693 execucioni
381 633 480 693 lacere
499 632 688 692 demandare
708 632 916 706 dignaremur.
935 632 1000 692 Nos
1017 633 1112 707 igitur
1131 630 1314 691 huiusmodi
1326 631 1449 707 peticio

183 740 276 800 nibus
298 739 386 817 justis
408 747 439 798 et
461 739 574 798 debitis
595 743 771 810 annuentes,
794 738 924 797 eandem
954 738 1195 814 disposicionem
1225 744 1257 797 et
1287 738 1451 797 arbitrium

184 847 287 921 quoad
300 862 408 905 omnes
420 847 568 904 articulos
580 852 610 903 et
624 844 779 903 clausulas
790 850 985 919 acceptantes
997 851 1028 903 et
1039 845 1260 919 approbantes,
1274 844 1453 918 prescriptis

183 952 362 1011 h'ominibus
377 953 490 1010 nostris
506 968 564 1026 per
578 950 735 1026 predictos
748 952 844 1009 banos
864 956 986 1010 nostros
1001 950 1042 1010 ad
1060 953 1214 1025 premissa
1229 950 1397 1024 deputatis,
1420 950 1451 1007 in

184 1060 324 1133 personis
335 1057 518 1117 eorumdem
531 1058 684 1115 banorum
697 1057 921 1115 committimus
933 1056 1123 1131 exequenda,
1133 1057 1316 1116 mandantes
1328 1055 1452 1127 eisdem,

183 1169 334 1238 quatenus
353 1164 414 1237 ipsi
430 1169 568 1237 pretacto
584 1168 695 1220 octavo
719 1161 769 1220 die
792 1162 862 1220 testi
885 1163 979 1220 Pasce
1002 1162 1129 1234 domini,
1148 1165 1292 1238 proxime
1315 1162 1450 1232 affuturi,

183 1269 223 1328 ad
247 1270 362 1328 dictam
387 1269 571 1342 Zagrabiam
592 1267 811 1340 conveniendo,
835 1268 942 1341 ibique
973 1283 1080 1327 coram
1103 1268 1244 1343 predicto
1277 1268 1453 1327 testimonio

184 1376 315 1450 capituli
337 1375 526 1434 chasmensis
549 1381 579 1432 et
594 1372 750 1450 judicibus
766 1373 921 1432 nobilium
938 1375 1036 1449 ipsius
1051 1375 1216 1434 comitatus
1231 1374 1454 1447 zagrabiensis,

184 1483 335 1556 premissa
358 1482 462 1539 omnia
485 1482 570 1538 iuxta
594 1479 834 1555 disposicionem
857 1487 1056 1554 prenaratam
1079 1481 1191 1554 exequi
1218 1479 1363 1551 debeant,
1387 1480 1455 1538 bre

184 1603 317 1660 vemque
341 1588 509 1645 terminum
533 1601 591 1659 pro
614 1583 826 1643 satisfaccione
849 1589 880 1643 et
902 1586 1062 1645 solucione
1083 1587 1206 1645 racione
1228 1587 1454 1662 premissorum

184 1693 294 1751 fiendis
318 1693 505 1767 deputando.
529 1692 566 1750 Et
589 1698 660 1767 post
682 1692 740 1749 hec
762 1693 875 1750 seriem
898 1694 1039 1751 omnium
1071 1694 1297 1767 premissorum
1319 1700 1351 1750 et
1374 1692 1455 1766 quit·

184 1798 259 1872 quid
294 1800 325 1857 ln
359 1800 519 1874 premissis
552 1806 656 1856 actum
692 1797 785 1856 fuerit
819 1804 849 1855 et
882 1804 1023 1857 secutum
1058 1814 1115 1874 per
1137 1799 1257 1858 dictum
1280 1799 1455 1873 capitulum

184 1905 363 1963 chasmense
386 1911 417 1962 et
440 1904 577 1979 prelatos
592 1902 710 1979 judices
725 1904 880 1962 nobilium
895 1906 1060 1965 comitatus
1074 1905 1284 1978 zagrabiensis
1299 1904 1454 1975 antedicti,

186 2015 289 2068 nostre
312 2010 448 2068 fideliter
470 2010 600 2069 rescribi
623 2010 770 2067 volumus
789 2010 950 2068 maiestati.
981 2011 1097 2070 Datum
1129 2011 1213 2069 Bude
1245 2008 1323 2069 feria
1360 2011 1454 2069 tercia

186 2117 330 2190 proxima
353 2122 425 2189 post
444 2115 633 2174 dominicam
657 2114 825 2174 Invocavit.
857 2118 948 2175 Anno
971 2117 1090 2177 domini
1112 2118 1284 2176 millesimo
1307 2117 1454 2191 quadrin-

184 2225 354 2298 gentesimo
378 2224 534 2282 tricesimo
557 2229 676 2281 octavo.

290 2362 313 2408 E
332 2366 492 2425 transumpto
511 2358 618 2425 capituli
637 2359 803 2418 ehamensis,
830 2359 864 2409 de
882 2376 949 2410 anno
980 2361 1054 2425 1438,
1080 2368 1109 2412 ut
1134 2361 1209 2413 intra
1238 2361 1305 2412 Doc.
1336 2361 1395 2412 118.
1424 2361 1455 2409 In

184 2449 280 2500 archiv.
299 2449 345 2500 lib.
363 2465 417 2513 reg.
436 2449 483 2500 civ.
503 2448 603 2513 zagrab.

290 2803 371 2852 Anno
394 2802 468 2865 1438,
489 2800 528 2852 16.
548 2801 646 2866 aprilis.
665 2801 761 2854 Albae.

191 2931 294 2989 Coram
324 2938 462 2989 conventu
490 2928 704 3004 Cruciferorum
727 2931 760 2987 de
781 2930 867 3002 Alba,
888 2932 1044 3005 capitulum
1067 2931 1256 3006 zagrabiense
1279 2933 1455 2991 marcessib-

184 3057 246 3096 ncm
269 3040 355 3113 facit,
385 3057 420 3095 ne
450 3056 487 3094 ex
516 3037 686 3110 quibusdam
709 3039 796 3112 regiis
831 3039 933 3095 litteris
955 3039 1122 3096 Fridericus
1143 3046 1172 3097 et
1198 3039 1322 3110 (flacus,
1346 3041 1454 3098 nobiles

334 3145 437 3216 Cilcae,
459 3146 490 3204 in
512 3146 603 3202 castri
623 3145 751 3203 Medved
764 3147 967 3219 possessionem
989 3146 1163 3205 clandestine
1186 3148 1313 3204 veneunt,

291 3289 354 3346 Nos
377 3296 545 3347 conventus
568 3289 800 3348 Cruciferorum
825 3289 936 3348 domus
960 3291 1124 3364 hospitalis
1148 3290 1231 3349 beati
1263 3290 1347 3363 regis
1382 3288 1449 3349 Ste-

186 3396 281 3468 phani
298 3395 336 3453 de
352 3396 443 3452 Alba.
468 3397 616 3453 Memorie
634 3397 897 3466 commendamus,
922 3396 1005 3470 quod
1029 3395 1205 3472 Stephanus
1227 3396 1391 3455 sublector
1404 3410 1453 3454 za·

184 3502 356 3572 grabiensis
389 3504 419 3559 in
452 3517 581 3574 persona
616 3503 809 3560 honorabilis
844 3504 974 3576 capituli
1008 3504 1137 3561 ecclesie
1171 3503 1381 3576 zagrabiensis
1413 3501 1454 3561 ad

184 3613 323 3664 nostram
347 3606 550 3680 personaliter
574 3609 699 3665 veniens
724 3609 924 3681 presenciam,
955 3626 1011 3683 per
1052 3609 1181 3667 modum
1217 3609 1454 3682 protestationis

184 3712 276 3769 nobis
300 3710 474 3785 significare
497 3714 616 3768 curavit
639 3714 670 3770 in
693 3715 776 3772 hunc
807 3715 952 3774 modum:
985 3715 1144 3789 quomodo
1179 3714 1374 3774 honorabilis
1404 3716 1455 3773 vir

185 3819 331 3889 magister
353 3818 508 3900 Johannes
534 3816 571 3874 dc
594 3817 723 3890 Somlio,
747 3822 910 3879 canonicus
933 3823 1061 3880 ecclesie
1082 3822 1228 3895 albensis,
1252 3821 1362 3895 vigore
1378 3835 1454 3895 qua·

184 3923 329 3981 rumdam
355 3924 529 3980 litterarum
544 3924 706 3995 regalium,
732 3942 791 3984 una
814 3945 885 3986 cum
909 3930 1034 3987 homine
1054 3930 1140 4001 regio
1158 3929 1271 3986 missus
1288 3942 1347 4001 pro
1367 3927 1453 3986 testi·

184 4031 290 4088 monio
312 4029 373 4087 fide
397 4029 500 4102 dignu,
532 4033 765 4089 statutoriarum
801 4033 976 4093 illustribus
1000 4035 1195 4109 principibus
1225 4033 1386 4092 Friderico
1423 4041 1454 4093 et

187 4137 293 4194 Vlrico
317 4138 382 4194 eius
405 4141 485 4207 natu,
510 4137 675 4194 comitibus
699 4137 786 4209 Cilie,
811 4140 1006 4213 Ortenburge
1029 4146 1060 4198 et
1081 4139 1219 4213 Zagorie,
1234 4155 1331 4214 super
1345 4145 1450 4199 castro

187 4243 308 4300 Medwe
331 4258 402 4300 cum
426 4244 489 4300 suis
512 4243 707 4316 pertinenciis
730 4250 760 4301 et
782 4245 852 4304 aliis
883 4247 1138 4320 possessionibus,
1169 4246 1223 4320 qui
1247 4245 1375 4320 quidem
1400 4262 1449 4305 re·

184 4351 253 4422 gius
276 4355 305 4406 et
329 4348 402 4406 dicti
425 4351 554 4423 capituli
578 4349 713 4408 albensis
736 4352 885 4424 homines,
909 4368 970 4410 non
987 4353 1162 4411 convocatis
1188 4352 1299 4411 vicinis
1321 4356 1352 4410 et
1367 4366 1454 4412 com·

185 4455 342 4526 metaneis,
365 4456 410 4513 uti
433 4457 464 4513 in
487 4456 602 4513 talibus
625 4458 752 4515 solitum
776 4466 867 4517 estet
891 4464 1081 4530 consuetum,
1095 4458 1194 4517 dictos
1216 4459 1346 4518 comites
1368 4459 1453 4518 clan-

184 4562 301 4619 destine
324 4561 363 4619 ad
387 4561 560 4618 dominium
585 4563 794 4636 predictarum
817 4568 1046 4638 possessionum
1075 4565 1207 4640 pretacti
1238 4565 1370 4640 capituli
1403 4581 1454 4625 aa·

185 4668 366 4740 grabiensis,
390 4668 475 4741 ipsos
497 4669 537 4726 ab
561 4668 647 4740 olim,
671 4669 757 4744 cujus
780 4671 942 4729 hominum
966 4671 1117 4729 memoria
1138 4686 1200 4730 non
1230 4670 1344 4744 existit,
1368 4673 1453 4747 paci·

183 4774 242 4832 fica
266 4776 457 4848 possessione
480 4790 515 4831 ac
538 4776 689 4848 legittima
712 4777 858 4847 tencione,
882 4778 927 4834 uti
950 4776 1071 4848 dicitur,
1102 4779 1289 4852 statuissent,
1312 4778 1347 4838 in
1382 4794 1454 4854 pre·

182 4879 332 4940 iudicium
355 4887 385 4940 et
408 4881 558 4940 damnum
588 4883 718 4955 pretacti
750 4884 879 4956 capituli
913 4883 1120 4956 zagrabiensis
1154 4883 1248 4943 valde
1288 4898 1453 4961 magnum.
