3278 5348
563 474 639 533 Doc.
663 468 735 548 285.
759 506 802 518 -
824 473 880 534 An.
904 485 993 552 1473.
1343 492 1403 553 355

125 705 196 764 pro
220 691 396 748 animarum
420 705 546 749 suarum
563 689 663 747 salute
678 705 717 747 ex
735 693 849 763 prioris
873 697 903 751 et
919 691 1051 750 fratrum
1075 691 1289 765 predictorum
1305 709 1409 752 exem·

126 796 219 870 plari
249 797 314 854 vita
344 795 622 854 ammonitionibus
653 800 685 854 et
713 796 982 856 exhortationibus
1012 803 1226 872 opportunum
1259 798 1405 871 fructum,

127 907 171 961 ut
193 907 312 977 optant,
335 902 483 976 consequi
502 906 676 975 nequeunt;
700 909 733 965 et
754 902 838 976 quod
853 903 956 976 Turci,
981 905 1034 977 qui
1050 909 1154 978 partes
1170 904 1243 963 illas
1257 904 1407 965 finitimas

128 1009 277 1068 incolunt
300 1014 330 1068 et
354 1009 548 1067 territorium
570 1008 779 1081 zagabriensis
803 1009 951 1067 dioecesis
974 1009 1085 1068 crebro
1108 1009 1297 1079 discurrunt,
1315 1010 1406 1070 facile

129 1114 265 1173 domurn
295 1116 398 1190 ipsam
430 1120 573 1189 tempore
603 1113 831 1174 discursionum
864 1114 1049 1184 huiusmodi⁴
1065 1120 1095 1173 et
1126 1116 1158 1174 in
1181 1116 1238 1174 illa
1262 1117 1409 1190 degentes

129 1220 248 1280 fratres
269 1237 305 1280 ac
327 1221 410 1280 bona
441 1236 553 1294 capere
583 1225 614 1279 et
644 1221 780 1295 spoliare
809 1226 944 1294 possent,
968 1237 1006 1279 ex
1030 1237 1100 1295 quc,
1125 1223 1151 1280 si
1173 1222 1271 1295 fieret,
1296 1228 1326 1282 et
1350 1223 1407 1282 illa

129 1333 234 1401 capta,
266 1342 371 1386 arcem
403 1326 591 1385 venerabilis
622 1325 727 1385 fratris
757 1328 856 1385 nostri
884 1328 1024 1401 episcopi
1047 1328 1266 1400 zagabriensis,
1302 1327 1407 1386 eidem

134 1435 327 1507 proximam,
362 1431 473 1491 exinde
507 1431 672 1490 commode
707 1448 886 1507 expugnare
922 1433 1070 1505 valerent,
1105 1433 1239 1492 libenter
1275 1433 1406 1492 domum

132 1539 318 1613 predictam,
343 1538 382 1597 ad
406 1554 502 1613 quam
524 1553 584 1612 pro
617 1553 653 1597 eo
685 1538 769 1613 quod
801 1540 967 1614 episcopus
990 1541 1057 1614 ipse
1081 1539 1249 1598 muniendo
1273 1540 1405 1599 eandem

130 1661 247 1718 arcem,
281 1659 340 1720 pro
363 1646 448 1704 illius
481 1645 579 1703 tutela
601 1660 618 1702 a
641 1644 817 1704 Turcorum
840 1647 1054 1719 occupacione,
1077 1647 1172 1718 viam,
1196 1662 1257 1720 qua
1280 1647 1319 1706 iri
1332 1662 1403 1707 con·

130 1758 299 1810 sueverant
322 1750 362 1809 ad
378 1751 541 1810 ecclesiam
557 1751 659 1824 ipsam
674 1742 759 1830 (pro)
775 1766 889 1824 magna
906 1755 994 1827 parte
1017 1750 1177 1823 destruxit,
1193 1758 1278 1810 recto
1294 1753 1403 1812 itinere

130 1857 227 1916 solito
251 1857 352 1916 facilis
374 1872 436 1916 non
459 1861 544 1931 patet
567 1872 725 1928 accessus,
748 1856 932 1929 desererent,
957 1863 987 1914 et
1010 1856 1095 1930 apud
1119 1857 1274 1931 capellam
1299 1865 1402 1919 sancte

131 1963 300 2023 Catharine
330 1963 422 2022 sitam
452 1963 485 2022 in
516 1963 641 2021 civitate
671 1964 786 2021 montis
818 1963 989 2036 Greeensis,
1021 1980 1081 2036 que
1112 1963 1153 2022 ab
1185 1966 1312 2039 antiquo
1346 1981 1403 2040 per

132 2069 245 2129 fratres
267 2071 353 2145 ipsos
376 2085 517 2145 possessa
540 2084 665 2144 semper
687 2070 803 2128 exstitit
826 2074 857 2128 et
879 2069 1054 2144 possidetur
1077 2070 1171 2127 etiam
1194 2069 1233 2129 de
1256 2072 1401 2145 presenti,

133 2191 171 2234 ac
192 2177 291 2251 ipsius
314 2175 426 2235 domus
448 2176 618 2235 servientes
641 2175 737 2234 aliam
753 2175 884 2233 domum
907 2191 965 2250 pro
989 2191 1098 2234 eorum
1122 2176 1315 2236 habitatione
1330 2193 1403 2238 con·

132 2288 284 2341 struerent
308 2297 362 2340 seu
392 2283 530 2341 construi
563 2282 700 2340 facerent
723 2298 761 2341 ex
794 2283 854 2357 piis
877 2281 992 2340 Christi
1015 2281 1157 2341 fidelium
1180 2283 1338 2357 suffragiis
1361 2283 1402 2342 ad

132 2387 166 2447 id
190 2389 233 2446 eis
256 2390 320 2447 iam
343 2389 467 2461 oblatis,
498 2403 534 2446 ac
557 2388 647 2447 illam
677 2388 880 2463 postmodum
903 2391 1113 2447 constructam
1135 2389 1352 2462 inhabitarent,
1376 2391 1402 2448 si

132 2495 178 2554 eis
204 2511 299 2570 super
328 2495 387 2553 hoc
417 2511 475 2570 per
506 2495 612 2554 sedem
644 2495 850 2569 apostolicam
881 2495 1005 2553 licentia
1035 2495 1262 2555 concederetur.
1297 2497 1403 2570 Quare

132 2615 193 2675 pro
225 2607 314 2676 parte
346 2601 489 2675 ipsorum
520 2602 634 2676 prioris
664 2605 694 2659 et
719 2600 852 2660 fratrum
882 2601 974 2659 nobis
1004 2600 1063 2660 fuit
1094 2602 1257 2661 humiliter
1279 2603 1400 2677 suppli·

132 2713 245 2779 catum,
268 2711 303 2765 ut
332 2708 377 2765 eis
408 2707 538 2766 domum
567 2709 665 2766 sancti
696 2707 839 2766 Nicholai
863 2707 1036 2782 predictam
1068 2706 1238 2774 deserendi,
1259 2724 1401 2783 eamque,

132 2814 264 2872 ecclesia
287 2812 451 2872 dumtaxat
474 2821 611 2889 excepta,
629 2813 768 2873 funditus
784 2814 976 2873 demoliendi
991 2810 1031 2872 ac'
1050 2814 1134 2889 apud
1158 2815 1314 2890 capellam
1332 2830 1402 2889 pre·

133 2920 249 2978 dictam
265 2919 361 2977 aliam
376 2920 507 2980 domum
531 2921 606 2980 dicti
621 2920 741 2980 ordinis
764 2937 836 2979 curn
853 2922 997 2993 claustro,
1020 2921 1213 2993 dormitorio,
1229 2919 1402 2994 refectorio,

132 3025 327 3097 coemeterio,
357 3025 465 3097 hortis,
489 3026 660 3085 hortaliciis
695 3033 725 3085 et
755 3027 825 3085 aliis
856 3027 1024 3085 necessaris
1047 3026 1181 3085 officinis
1204 3026 1403 3085 construendi

132 3139 164 3190 et
186 3132 264 3189 inibi
286 3145 419 3206 corpora
442 3130 662 3191 defunctorum
685 3147 958 3207 quorumcumque
981 3132 1161 3208 sepeliendi,
1186 3133 1402 3207 prefatamque

132 3238 288 3312 capellam
311 3254 384 3296 cum
406 3240 575 3313 campanili
598 3240 712 3298 humili
728 3255 764 3297 ac
787 3255 938 3314 campana
962 3240 1136 3315 ampliandi
1158 3247 1190 3298 et
1211 3239 1403 3298 reformandi

132 3345 219 3403 iuxta
249 3345 390 3419 ipsorum
422 3345 535 3418 prioris
565 3350 596 3404 et
627 3345 761 3405 fratrum
794 3347 871 3405 ritus
902 3352 932 3405 et
963 3361 1075 3419 mores,
1098 3347 1194 3404 acad
1217 3346 1308 3405 illam
1330 3361 1403 3405 cum

132 3450 280 3509 omnibus
311 3450 402 3510 bonis
432 3452 605 3510 mobilibus
635 3456 666 3510 et
696 3452 914 3511 immobilibus
943 3453 1106 3525 localibus,
1135 3451 1257 3529 juribus
1280 3458 1310 3511 et
1332 3468 1402 3527 per·

131 3556 270 3614 tinentiis
300 3556 440 3616 eiusdem
470 3558 581 3617 domus
612 3559 709 3617 saneti
739 3558 861 3617 Nicolai
891 3574 923 3615 se
953 3557 1158 3618 transferendi
1190 3564 1221 3618 et
1251 3566 1403 3635 perpetuo

134 3662 331 3721 inhabitandi
352 3664 509 3722 licentiam
534 3663 717 3734 concedere;
740 3670 771 3722 et
794 3664 880 3738 quod
902 3666 1075 3740 privilegia,
1099 3667 1311 3738 instrumenta,
1334 3664 1404 3743 jura

133 3774 166 3825 et
189 3767 310 3827 indulta
334 3785 529 3844 quecumque
546 3770 585 3829 de
605 3770 726 3846 prefata
742 3770 837 3829 domo
860 3773 957 3831 sancti
979 3772 1100 3831 Nicolai
1122 3774 1311 3832 mentionem
1327 3787 1403 3846 quo-

136 3875 368 3951 modocumque
392 3877 542 3951 facientia,
560 3879 801 3953 qualiacumque
817 3879 886 3951 sint,
902 3881 934 3938 in
950 3880 1071 3954 prefata
1087 3880 1182 3938 domo
1198 3878 1404 3938 construenda

134 3997 171 4040 ac
193 3982 279 4040 illius
312 3984 411 4057 priori
434 3990 465 4042 et
487 3984 646 4058 fratribus,
670 3986 725 4059 qui
748 4001 806 4060 pro
838 3996 981 4060 tempore
1012 3989 1117 4044 locum
1149 3987 1209 4043 sibi
1234 3985 1404 4056 vendicent,

133 4092 268 4146 statuere
290 4095 321 4146 et
337 4089 489 4162 ordinare,
513 4091 651 4165 aliasque
674 4093 706 4150 in
721 4094 881 4166 premissis
897 4098 1049 4166 oportune
1072 4091 1239 4164 providere
1262 4090 1300 4149 de
1318 4090 1403 4150 beni·

134 4194 252 4268 gnitate
281 4195 454 4269 apostolica
484 4197 694 4270 dignaremur,
718 4198 782 4256 Nos
813 4199 916 4272 igitur,
949 4198 1002 4271 qni
1032 4198 1153 4255 cultum
1186 4197 1327 4256 divinum
1349 4212 1405 4256 no·

133 4302 207 4358 stris
230 4301 392 4376 potissime
415 4304 611 4378 temporibus
635 4305 752 4378 ubique
776 4306 882 4377 vigere
906 4309 936 4361 et
958 4319 1071 4377 augere
1094 4319 1297 4379 summopere
1311 4304 1404 4363 affec·

134 4413 246 4479 tamus,
270 4407 309 4466 de
331 4409 493 4482 premissis
515 4414 632 4469 certam
647 4410 795 4469 noticiam
811 4425 880 4490 non
903 4411 1060 4482 habentes,
1074 4425 1111 4467 ac
1133 4411 1275 4485 ipsorum
1290 4411 1405 4486 prioris

135 4519 166 4572 et
187 4520 356 4573 conventus
378 4517 468 4590 pium
491 4521 522 4575 et
545 4515 705 4576 laudabile
721 4518 920 4592 propositum
942 4518 973 4575 in
999 4517 1125 4576 domino
1151 4518 1404 4576 commendantes

135 4620 314 4680 huiusmodi
338 4623 624 4697 supplicacionibus
646 4624 794 4694 inclinati,
826 4623 1004 4683 discretioni
1026 4630 1129 4683 vestre
1152 4640 1210 4698 per
1232 4624 1404 4698 apostolica

134 4727 253 4802 scripta
274 4726 469 4802 mandamus,
492 4736 644 4803 quatenns
667 4745 724 4788 vos
755 4731 808 4789 vel
840 4729 902 4789 duo
925 4736 978 4790 aut
999 4746 1078 4789 unus
1102 4736 1243 4790 vestrum
1268 4730 1306 4789 de
1331 4746 1404 4806 pre⁴

134 4833 238 4893 missis
260 4833 407 4894 omnibus
432 4841 462 4893 et
485 4836 616 4909 singulis
640 4851 676 4895 ac
697 4852 806 4896 eorum
831 4837 1073 4897 circumstanciis
1100 4838 1263 4910 universis,
1295 4837 1406 4897 autho·

132 4941 225 5000 ritate
247 4945 361 5015 nostra,
384 4955 441 5000 vos
457 4942 622 5016 diligenter
637 4943 822 5018 informetis,
838 4948 869 5002 et
889 4944 916 5003 si
938 4960 995 5019 per
1018 4943 1275 5005 informacionem
1300 4945 1405 5005 huius·

1299 5045 1317 5085 s
