3278 5348
603 420 675 481 Doc.
698 413 748 495 85.
771 450 814 461 -
837 417 894 476 An.
917 427 1006 497 1435.
1380 436 1440 497 ¹09

174 645 252 703 inter
273 642 359 717 ipsos
379 639 523 699 dominos
546 637 620 697 dieti
654 633 784 710 capituli
813 632 1021 705 ragrabiensis
1052 649 1109 707 per
1143 635 1246 709 ipsum
1278 634 1440 695 dominum

173 748 373 810 Mathkonem
394 744 484 806 iacta.

277 872 366 943 item,
388 870 495 947 primo
515 866 615 927 indie
637 879 693 924 seu
714 863 797 923 circo
819 862 902 921 diem
934 862 1036 921 medie
1058 861 1302 938 Quadragesime
1329 866 1443 941 prefati

173 978 293 1039 domini
313 977 354 1036 de
375 974 515 1052 capitulo
534 972 734 1047 zagrabiensi,
759 969 914 1043 quendam
939 969 1040 1028 civem
1062 970 1199 1044 predicte
1222 972 1364 1046 civitatis,
1386 989 1441 1034 no·

170 1084 255 1145 mine
277 1083 480 1158 Stephanum,
510 1087 658 1150 sutorem,
681 1093 738 1152 per
761 1074 896 1134 iudicem
908 1090 1016 1134 eorum
1034 1077 1202 1150 specialem
1218 1083 1249 1136 et
1261 1094 1318 1152 per
1333 1095 1442 1154 quem·

168 1189 244 1250 dam
267 1190 466 1265 capellanum
489 1188 640 1262 ipsorum,
664 1184 783 1257 absque
805 1182 892 1240 omni
915 1182 1009 1255 culpa
1032 1182 1130 1257 ipsius
1153 1182 1301 1259 Stephani
1318 1186 1441 1259 sutoris,

169 1294 302 1356 detineri
331 1295 471 1354 fecerunt
492 1293 566 1350 bina
600 1291 669 1349 vice
703 1297 734 1346 et
767 1287 887 1346 tamdiu
922 1289 953 1346 in
988 1289 1120 1363 cippone
1158 1289 1265 1348 sedere
1295 1290 1441 1364 fecerunt,

169 1417 332 1477 quousque
364 1401 508 1475 ipsorum
541 1396 662 1473 placuit
694 1394 857 1465 voluntati,
889 1393 977 1453 nulla
1011 1400 1115 1453 tamen
1137 1412 1176 1454 ex
1198 1402 1286 1471 parte
1301 1398 1440 1457 eiusdem

170 1506 323 1583 Stephani
356 1507 470 1565 sutoris
503 1510 534 1564 et
565 1502 666 1561 iudice
700 1502 833 1560 civitatis
864 1506 1024 1574 prenotate
1059 1501 1177 1559 iusticia
1212 1504 1378 1578 postulata,
1409 1506 1440 1563 in

171 1614 380 1690 preiudicinm
414 1618 445 1671 et
473 1611 663 1684 derogamen
685 1608 879 1683 prefatorum
903 1608 1020 1667 civium
1045 1608 1178 1667 civitatis
1201 1614 1370 1684 prenotate.

271 1737 360 1810 Item,
383 1736 461 1795 feria
483 1735 591 1809 quinta
614 1734 759 1809 proxima
782 1738 852 1791 ante
875 1730 1064 1789 dominicam
1080 1732 1366 1807 Ramispalmarum
1382 1734 1439 1794 do·

170 1842 273 1902 minus
303 1842 439 1927 Jacobus
475 1841 514 1899 de
547 1838 708 1910 Zerdahel‚
744 1838 907 1897 canonicus
938 1838 1067 1896 ecclesie
1095 1839 1311 1912 zagrabiensis,
1336 1841 1437 1900 missis

169 1948 354 2009 hominibus
377 1952 408 2005 et
430 1946 608 2021 pastoribus
631 1944 694 2003 suis
710 1960 781 2002 cum
794 1944 897 2001 bobus
912 1947 943 2002 et
958 1944 1141 2017 peccoribus
1155 1946 1218 2004 suis
1234 1945 1274 2003 ad
1289 1960 1437 2022 campum

170 2062 197 2113 et
218 2054 416 2115 territorium
439 2052 573 2111 civitatis
605 2055 775 2125 prenotate,
805 2053 923 2122 segetes
954 2052 984 2107 et
1014 2047 1119 2122 fruges
1147 2050 1290 2123 ipsorum
1320 2052 1437 2112 civium

170 2160 200 2219 in
221 2175 337 2234 campo
360 2164 391 2217 et
413 2158 569 2217 territorio
595 2156 734 2215 eiusdem
757 2155 890 2213 civitatis
913 2156 1036 2214 habitas
1066 2172 1123 2230 per
1146 2157 1273 2216 eosdem
1295 2158 1436 2218 homines

172 2271 198 2325 et
217 2273 361 2343 pastores
384 2280 456 2323 suos
480 2280 552 2323 cum
575 2263 651 2339 ipsis
675 2263 777 2321 bobus
801 2268 831 2320 et
853 2263 1037 2336 peccoribus
1052 2264 1115 2320 suis
1131 2263 1257 2338 depasci
1272 2270 1303 2324 et
1318 2265 1435 2325 destrui

170 2386 202 2432 ac
237 2372 396 2431 devastari
432 2370 504 2430 fecit
536 2372 569 2429 in
603 2370 778 2444 dampnum
813 2372 842 2427 et
869 2375 1089 2427 nocumentum
1113 2371 1295 2430 eorumdem
1319 2373 1437 2433 civium

169 2478 259 2538 valde
283 2493 452 2551 magnnm;
475 2481 505 2535 et
528 2475 605 2535 dum
627 2474 713 2550 ipsos
736 2475 834 2532 boves
857 2474 933 2534 dicti
954 2475 1072 2534 domini
1093 2476 1204 2561 Jacobi
1227 2477 1323 2537 iidem
1352 2480 1436 2538 cives

167 2598 224 2659 pro
247 2585 319 2660 ipso
343 2583 481 2657 dampno
505 2586 534 2640 et
558 2588 744 2640 nocumento
768 2595 878 2639 eorum
902 2580 940 2638 de
962 2597 1050 2640 more
1080 2582 1158 2640 alias
1188 2591 1334 2643 consveto
1365 2586 1437 2645 esti·

167 2692 283 2751 mando
318 2690 357 2748 ad
395 2688 531 2766 judicem
563 2688 697 2747 civitatis
731 2687 938 2761 depullissent
971 2704 1024 2746 seu
1048 2685 1165 2763 depelli
1189 2689 1339 2763 fecissent,
1362 2697 1436 2752 tunc

165 2798 269 2857 adhuc
303 2799 371 2872 ipse
405 2795 550 2854 dominus
583 2794 718 2878 Jacobus
751 2793 827 2866 ipsis
850 2794 970 2852 civibus
993 2795 1093 2853 minas
1116 2798 1225 2854 mortis
1248 2798 1384 2873 inposuit
1406 2805 1436 2858 et

165 2918 366 2980 nequaquam
390 2902 431 2959 ab
453 2901 523 2977 ipso
546 2898 647 2976 judice
670 2900 804 2958 civitatis
828 2899 966 2973 predicte
983 2901 1067 2975 ipsos
1082 2917 1154 2960 suos
1170 2903 1267 2962 boves
1282 2905 1435 2966 redimere

165 3011 275 3081 voluit,
297 3009 358 3067 nisi
380 3007 474 3066 iudex
496 3006 581 3066 curie
604 3006 802 3080 episcopatus
825 3007 1039 3078 zagrabiensis,
1063 3023 1121 3081 pro
1144 3010 1282 3069 serviciis
1298 3013 1360 3070 suis
1379 3029 1436 3087 per

165 3117 335 3191 peticiones
368 3119 400 3172 et
432 3129 491 3189 per
523 3128 630 3188 preces
663 3127 734 3171 suas
770 3112 810 3170 ab
843 3113 960 3170 eisdem
984 3114 1105 3172 civibus
1128 3115 1212 3189 ipsos
1235 3117 1332 3176 boves
1355 3120 1435 3177 obti-

165 3223 289 3283 unisset.

270 3347 358 3417 item,
374 3345 405 3402 in
428 3314 478 3402 die
501 3343 790 3418 Ramispalmarum
813 3343 956 3402 dominus
973 3346 1104 3403 Mathias
1120 3345 1271 3421 Kelkedii,
1287 3349 1434 3411 similiter

165 3452 330 3513 canonicus
353 3449 491 3525 predicte
525 3450 652 3508 ecclesie
685 3450 901 3522 zagrabiensis‚
937 3451 968 3508 in
1001 3452 1103 3510 libero
1138 3451 1207 3511 foro
1241 3454 1274 3512 in
1309 3457 1434 3515 civitate

165 3559 280 3619 montis
304 3556 468 3617 Grecensis
488 3556 667 3632 supradicta
690 3556 806 3627 habito,
830 3557 997 3630 piscatores
1021 3558 1157 3616 forenses
1177 3560 1209 3617 in
1231 3560 1342 3618 eodem
1364 3561 1434 3622 foro

165 3666 265 3741 pisces
301 3664 467 3723 vendentes
501 3662 681 3721 verberavit
712 3678 811 3736 usque
845 3662 885 3721 ad
919 3665 1075 3737 sanguinis
1099 3666 1290 3739 effusionem,
1315 3670 1434 3743 absque

166 3772 251 3831 omni
287 3771 382 3844 culpa
415 3783 532 3827 eorum.
566 3768 604 3825 lit
635 3767 760 3826 tandem
791 3768 867 3826 dum
889 3768 984 3827 iidem
1007 3771 1177 3844 piscatores
1200 3774 1260 3830 sibl
1284 3790 1322 3832 cx
1345 3784 1433 3849 parte

165 3876 263 3951 ipsius
286 3875 405 3934 domini
429 3875 544 3932 Mathie
567 3873 721 3932 iusticiam
746 3890 803 3947 per
833 3873 967 3932 iudicem
1000 3875 1081 3933 dicte
1112 3877 1245 3936 civitatis
1278 3880 1433 3955 impertiri

165 3983 382 4058 postulassent,
407 3987 479 4040 tunc
502 3981 603 4039 adhuc
626 3980 710 4038 idem
732 3980 876 4038 dominus
901 3982 1031 4040 Matthias
1063 3984 1225 4042 canonicus
1249 3986 1367 4045 ibidem
1399 3989 1430 4046 in

165 4088 276 4149 eodem
311 4087 379 4147 toro
414 4089 446 4146 in
480 4087 639 4162 presencia
673 4087 772 4161 ipsius
795 4086 905 4163 judicis
929 4094 1032 4147 astans
1055 4091 1140 4147 omni
1164 4094 1342 4150 reverencia
1365 4097 1431 4151 tam

165 4194 265 4271 ipsius
298 4191 409 4271 judicis
443 4210 539 4268 quam
572 4208 628 4251 sua
659 4194 839 4268 postposita,
863 4193 995 4252 cundem
1018 4192 1153 4271 judicem
1178 4198 1276 4271 ipsius
1299 4198 1432 4257 civitatis

165 4302 271 4361 verbis
293 4302 438 4376 turpibus
460 4307 491 4359 et
513 4301 694 4359 enormibus
717 4300 884 4359 enormiter
907 4301 1096 4375 vituperavit
1120 4304 1149 4359 in
1176 4303 1380 4375 preludicium
1402 4311 1433 4361 et

165 4404 355 4479 derogamen
377 4421 412 4464 ac
436 4407 671 4481 oppressionem
695 4407 829 4464 civitatis
852 4406 997 4480 predicte.

269 4546 356 4618 ltem,
391 4546 468 4606 feria
502 4548 610 4621 quinta
634 4549 778 4622 proxima
801 4554 873 4623 post
895 4549 1008 4608 festum
1031 4550 1239 4633 apparicionis
1262 4550 1345 4609 beati
1375 4552 1431 4611 Mi·

165 4652 280 4713 chaeiis
302 4654 554 4727 archangell,seu
579 4661 649 4728 post
672 4654 785 4713 festum
809 4657 905 4715 sancti
921 4655 1075 4728 Stonizlai,
1091 4664 1272 4731 prenotatus
1287 4656 1431 4717 dominus

165 4758 300 4843 jacobus
331 4758 371 4817 de
404 4759 557 4819 Zerdahel
582 4762 756 4829 canonicus,
786 4768 820 4821 ut
851 4761 1018 4837 prefertur,
1052 4763 1150 4838 ipsius
1174 4765 1302 4823 ecclesie
1323 4778 1431 4838 zogra-

165 4864 279 4925 biensis
310 4882 367 4941 per
396 4873 497 4926 certos
528 4866 669 4927 homines
690 4874 720 4926 ct
744 4867 914 4927 familiares
937 4883 1009 4927 suos
1032 4885 1071 4928 cx
1093 4884 1243 4930 consensu
1266 4879 1297 4930 et
1319 4871 1431 4931 volun·
