3278 5348
520 446 594 503 Doc.
618 439 667 503 18.
692 457 742 520 19.
768 476 809 488 -
834 443 890 502 An.
915 455 1129 520 1413-1414.
1417 457 1452 512 tq

183 663 316 721 veritate
352 674 413 720 ros
447 661 489 720 ad
520 659 697 719 laciendum
727 659 879 733 premissa
908 658 1008 716 arcius
1040 658 1210 731 compellat
1244 663 1274 715 et
1297 658 1455 731 astringat,

187 770 376 828 auctoritate
398 774 504 827 nostra
520 767 580 842 ipsi
603 766 799 841 presentibus
822 765 972 823 attributa
995 770 1025 822 et
1041 764 1160 822 iusticia
1176 762 1338 823 mediante.
1363 763 1457 822 Secus

187 889 249 933 non
281 873 403 934 facturi
432 874 593 932 Presentes
623 886 748 945 quoque
776 876 848 945 post
871 870 1022 928 lecturam
1046 867 1135 928 reddi
1157 885 1282 944 semper
1305 868 1456 927 edicimus

188 982 390 1055 presentanti.
413 981 532 1038 Datum
554 980 586 1037 in
608 976 849 1052 leraproncha
872 975 950 1034 ferta
973 975 1080 1048 quinta
1102 977 1248 1050 proxima
1270 980 1340 1033 ante
1357 975 1458 1032 domi-

189 1087 292 1145 nicam
314 1086 436 1170 Judica.
467 1087 557 1144 Anno
588 1084 707 1144 domini
736 1083 908 1142 millesimo
937 1080 1244 1155 quadringentesimo
1276 1081 1455 1139 tredecimo.

298 1224 434 1288 Originale
452 1224 480 1273 in
499 1223 595 1275 charta.
614 1225 647 1272 In
664 1223 780 1286 margine
799 1219 914 1270 interiori
931 1220 1084 1284 impressum
1104 1226 1143 1267 est
1161 1218 1284 1282 sigillum.
1312 1222 1345 1268 In
1363 1219 1458 1270 archiv.

191 1311 250 1364 incl.
272 1313 357 1363 Aend.
377 1313 465 1362 Scient
492 1311 592 1364 Slavor.
612 1309 773 1361 meridional.

806 1519 855 1585 18.

302 1683 386 1732 Anno
406 1695 480 1746 1413,
503 1684 542 1734 18.
562 1682 678 1747 Augusti
706 1681 854 1746 Zagrabiae.

301 1813 394 1871 Anno
419 1826 510 1889 ¹4¹3·
535 1812 569 1870 In
592 1811 671 1870 festo
691 1812 722 1870 b.
745 1810 859 1870 Elenae
873 1812 1005 1884 reginae.
1029 1812 1135 1870 Fassio
1151 1812 1327 1885 perennalis
1343 1813 1460 1871 nobilis

198 1915 357 1978 Michaelis
380 1919 483 1977 Tbaar
504 1918 544 1975 de
567 1918 692 1992 Palana,
716 1917 846 1975 domum
869 1933 958 1974 suam
983 1925 1138 1975 muratam
1155 1919 1327 1975 incivitate
1344 1919 1460 1976 montis

197 2022 360 2083 Grecensis
383 2040 477 2098 penes
498 2022 632 2082 fundum
655 2024 802 2082 ecclesiae
823 2024 854 2082 b.
879 2023 1064 2081 Catharinae
1095 2024 1172 2096 virg.
1203 2024 1353 2094 habitam,
1385 2023 1462 2082 duas

193 2133 295 2189 curias
319 2131 454 2203 integras
477 2129 674 2201 efficientem,
698 2146 736 2187 ex
768 2130 938 2188 collacione
970 2130 1055 2202 regia
1086 2145 1269 2203 possessam,
1301 2130 1461 2204 Stephano

189 2232 359 2312 lapicidae,
374 2235 442 2294 filio
457 2236 576 2319 Jacobi,
598 2235 673 2294 dicti
695 2235 875 2308 Socbsnam,
888 2250 946 2311 pro
963 2236 1169 2309 quadraginta
1185 2237 1250 2295 ssor.
1267 2237 1334 2295 auri
1358 2252 1464 2295 coram

187 2344 380 2418 magistratu
404 2343 474 2414 loci,
498 2341 669 2401 vendentis.

304 2495 366 2547 Act.
385 2496 443 2548 Soc.
460 2497 533 2561 Jesu.
552 2496 613 2548 fasc.
635 2505 675 2548 ιο.
695 2512 732 2547 nr.
753 2507 795 2546 22.
815 2497 847 2545 In
865 2496 960 2546 archiv.
980 2510 1050 2559 regn.
1071 2495 1157 2546 Croat.
1177 2494 1245 2546 Slav.
1265 2502 1290 2543 et
1310 2495 1395 2543 Dalm,
1490 2494 1494 2500 “

807 2721 859 2790 ts.

306 2829 388 2879 Anno
409 2840 484 2892 1414,
504 2840 544 2892 13.
561 2829 635 2895 Jnlii.
655 2829 804 2894 Zagrabiae.

182 2954 392 3015 Eberhardus
412 2957 556 3030 noncopus
577 2957 781 3030 zagrabicnsis,
799 2963 888 3030 parte
909 2954 1085 3014 destinaram
1108 2975 1220 3013 mensae
1242 2957 1411 3030 episcopalis
1434 2977 1467 3014 tn

180 3063 336 3121 comitatu
365 3061 399 3119 de
420 3060 561 3120 Morovle
581 3062 753 3132 condonata,
773 3070 942 3139 perpetuam
964 3063 1104 3119 altarium
1132 3064 1162 3119 in
1186 3063 1302 3134 collegio
1321 3064 1461 3136 praeben·

700 3168 849 3226 danbrum
870 3168 971 3226 condit.

306 3310 507 3370 Eberhardus
530 3310 582 3370 dei
605 3318 636 3370 et
658 3312 830 3387 apostolice
853 3312 934 3370 sedis
958 3314 1062 3386 gracia
1078 3314 1244 3388 episcopus
1260 3314 1468 3386 zagrabiensis

189 3434 235 3478 ac
258 3432 426 3490 supremus
449 3418 654 3477 cancellarius
676 3420 761 3493 regie
784 3420 962 3477 maiestatis.
994 3419 1148 3477 Omnibus
1171 3418 1287 3478 Christi
1320 3419 1468 3480 fidelibus

192 3523 400 3600 presentibus
422 3529 454 3583 et
476 3522 598 3596 futuris,
620 3526 816 3599 presencium
840 3525 988 3583 noticiam
1011 3525 1172 3597 habituris,
1197 3525 1331 3583 salutem
1354 3527 1385 3584 in
1402 3542 1469 3585 om·

194 3630 289 3688 nium
312 3627 477 3687 salvatore.
500 3629 551 3687 Ad
574 3631 791 3689 universorum
815 3631 962 3688 noticiam
992 3631 1104 3688 barum
1128 3631 1207 3688 serie
1230 3632 1378 3689 volumus
1402 3649 1471 3706 per·

196 3734 317 3805 venire,
351 3734 435 3808 quod
469 3750 526 3793 nos
558 3736 789 3807 considerantes
825 3743 856 3795 et
889 3738 920 3794 in
945 3737 1080 3794 archano
1100 3737 1213 3794 mentis
1236 3743 1341 3795 nostre
1364 3741 1468 3812 sepius

200 3839 402 3899 revolventes
436 3855 532 3915 quam
566 3843 606 3901 sit
640 3843 757 3901 caduca
791 3849 820 3901 et
855 3841 976 3915 fragilis
1011 3859 1139 3917 presens
1174 3843 1238 3900 vita
1273 3851 1303 3901 et
1327 3846 1471 3916 quamvis

200 3946 384 4005 bominibus
425 3953 547 4008 terrena
588 3944 736 4008 felicitate
774 3948 981 4022 gaudentibus
1020 3949 1186 4022 sponsione
1227 3948 1333 4007 fallaci
1375 3951 1470 4023 longa

202 4051 356 4126 temporis
378 4054 541 4127 promittat
563 4055 677 4129 spacia,
700 4055 761 4113 fine
784 4062 886 4113 tamen
910 4054 1065 4112 interdum
1098 4061 1255 4112 coartatur
1283 4056 1471 4113 brevissimo

205 4168 236 4216 et
258 4174 335 4232 sepe
357 4159 497 4217 incautos
519 4159 559 4218 ad
583 4162 646 4218 ima
668 4160 769 4230 deicit,
793 4177 871 4235 quos
894 4176 974 4218 vane
1004 4162 1073 4234 spei
1108 4161 1231 4219 solaciis
1264 4160 1470 4220 demulcebat.

204 4263 270 4321 Hac
292 4264 388 4336 igitur
411 4264 661 4325 consideracione
683 4267 800 4326 inducti
824 4276 853 4326 et
877 4268 1019 4342 diligenti
1047 4268 1247 4340 indagacione
1282 4270 1471 4342 reperientes

208 4368 291 4443 quod
316 4370 347 4428 in
370 4376 476 4429 nostra
499 4372 691 4444 zagrabiensi
715 4374 851 4444 ecclesia,
883 4375 932 4432 cui
963 4380 1088 4432 auctore
1119 4374 1185 4444 deo,
1217 4375 1289 4432 licet
1320 4376 1469 4433 immeriti

210 4474 413 4548 presidemus,
426 4485 531 4550 preter
546 4478 713 4536 cottidiana
728 4480 883 4551 suffragia,
901 4496 960 4553 que
977 4496 1034 4554 per
1049 4481 1207 4538 ministros
1232 4481 1329 4553 ipsius
1347 4482 1475 4539 ecclesie

208 4595 267 4654 pro
290 4582 437 4640 omnibus
460 4583 577 4642 Christi
600 4584 749 4642 fidelibus
771 4583 810 4642 ad
827 4585 954 4643 laudem
977 4585 1026 4643 dei
1049 4587 1235 4657 generaliter
1258 4586 1325 4644 fieri
1349 4602 1476 4644 consve-

208 4694 329 4760 verunt,
352 4703 412 4764 pro
446 4690 574 4764 prelatis
608 4696 638 4748 et
673 4692 827 4765 episcopis
858 4692 997 4750 eiusdem
1028 4694 1165 4765 ecclesie,
1189 4694 1243 4767 qui
1267 4710 1305 4751 ex
1327 4694 1385 4751 hac
1408 4693 1473 4750 vita

209 4792 413 4865 decesserunt,
448 4796 537 4854 nulla
567 4812 718 4870 umquam
750 4798 839 4856 fieret
862 4798 1006 4872 specialis
1029 4800 1181 4857 memoria
1205 4815 1261 4857 nec
1283 4799 1389 4870 aliqua
1411 4796 1476 4854 suf·

208 4896 307 4974 fragia
328 4908 514 4975 agerentur.
536 4902 637 4962 immo
667 4902 778 4962 exinde
812 4912 898 4962 metu
933 4904 1045 4962 mentis
1080 4905 1215 4979 perculsi
1247 4920 1284 4962 ac
1317 4904 1474 4978 cupientes

1375 5023 1391 5068 a
