3278 5348
607 108 682 167 Doc.
705 120 775 186 104
795 139 838 152 -
858 107 916 167 Aa
940 103 1032 185 1436·
1391 122 1450 185 rap

186 324 314 400 aliisque
335 324 499 385 nobilibus
521 324 599 384 viris
620 321 792 400 injudicio
822 322 1060 383 consedentibus
1083 323 1210 398 providi
1243 325 1313 398 viri,
1346 321 1451 403 judex,

184 428 275 508 jurati
297 438 331 492 et
351 430 496 492 nonnulli
525 430 580 489 alii
602 430 687 489 cives
717 430 851 489 civitatis
882 429 996 488 monus
1027 429 1190 490 Grecensis
1220 430 1259 491 de
1290 431 1452 506 Zagrabia,

185 537 336 613 quasdam
359 538 480 598 litteras
495 536 686 597 serenissimi
705 535 857 611 principis
880 540 911 594 et
933 535 1052 595 domini
1073 537 1181 609 nostri,
1205 537 1325 597 domini
1354 536 1450 611 Sigis-

185 643 302 716 mnndi,
327 644 378 703 dei
400 644 506 718 gracia
535 643 750 701 Romanorum
772 641 980 715 imperatoris,
1005 658 1130 716 semper
1153 644 1276 716 augusti
1306 659 1342 702 ac
1372 644 1454 717 regis

185 748 348 824 Hungarie
369 757 425 809 etc.
446 748 539 808 nobis
561 748 756 823 preceptorie
778 748 949 821 loquentes,
973 749 1088 807 tenoris
1123 748 1321 824 infrascripti,
1353 750 1452 809 nostri

183 855 214 915 in
236 857 433 932 presenciam
451 854 689 930 produxissent;
713 869 788 913 mox
803 860 876 912 tunc
890 855 1091 913 honorabiles
1105 855 1240 914 domini:
1263 857 1450 930 prepositus,

182 962 288 1036 lector,
312 968 421 1022 cantor
442 969 473 1020 et
495 962 584 1020 cetiri
607 960 727 1020 domini
749 960 789 1019 de
814 960 952 1034 capitulo
975 962 1104 1020 ecclesie
1119 963 1327 1035 zagrabiensis
1344 977 1451 1021 coram

182 1069 273 1128 nobis
310 1067 518 1144 personaliter
551 1073 784 1142 comparentes,
820 1072 958 1125 tenorem
988 1069 1235 1142 prescriptorum
1272 1069 1453 1126 litterarum

182 1175 397 1251 imperialium
412 1175 446 1233 in
468 1179 665 1248 transumpto
689 1175 865 1232 litterarum
888 1183 1066 1232 nostrarum
1089 1175 1165 1249 ipsis
1201 1175 1269 1233 dari
1299 1176 1454 1248 petierunt

182 1280 222 1340 ad
243 1281 410 1341 cautelam.
432 1280 575 1355 Quarum
597 1284 687 1340 tenor
709 1281 780 1339 talis
803 1285 864 1339 est:
888 1274 974 1360 (vide
996 1281 1071 1340 Doc.
1095 1281 1212 1357 97.‹1ie
1239 1296 1286 1340 ιε.
1310 1280 1453 1354 Augusti,

181 1402 229 1447 an
256 1379 362 1465 1436).
393 1387 457 1445 Nos
483 1388 580 1461 igitur
600 1384 805 1463 juriconsonis
838 1387 1044 1460 peticionibus
1078 1388 1221 1461 ipsorum
1252 1388 1453 1446 dominorum

183 1493 346 1569 prepositi,
380 1493 521 1564 lectoris,
557 1493 691 1552 cantoris
727 1499 757 1551 et
794 1498 969 1551 ceterorum
1004 1492 1205 1553 dominorum
1239 1494 1278 1552 de
1313 1493 1452 1568 capitulo

183 1599 266 1660 dicte
298 1601 428 1660 ecclesie
456 1601 665 1675 zagrabiensis
696 1605 873 1671 annuentes,
896 1606 1037 1658 tenorem
1060 1599 1255 1673 prefatarum
1278 1600 1453 1658 litterarum

183 1707 402 1784 imperialium
424 1707 621 1782 presentibus
650 1706 762 1764 litteris
791 1706 905 1764 nostris
939 1706 1109 1764 verbaliter
1142 1707 1302 1780 insertum,
1335 1705 1453 1764 eisdem

183 1812 322 1873 dominis
352 1814 521 1889 preposito,
545 1813 663 1884 lectori,
687 1814 806 1871 cantori
828 1822 858 1870 et
881 1813 990 1870 ceteris
1012 1812 1146 1870 dominis
1162 1813 1201 1870 de
1216 1813 1353 1885 capitulo
1368 1817 1452 1870 ante-

183 1918 246 1978 fate
280 1920 411 1979 ecclesie
443 1919 654 1992 zagrabiensis
691 1918 838 1976 duximus
872 1917 1112 1991 concedendum,
1150 1919 1309 1978 communi
1331 1916 1454 1993 justicia

183 2031 380 2102 exposcente.
413 2026 531 2085 Datum
566 2025 718 2099 Zagrabie
750 2023 890 2099 predicta
923 2025 956 2082 in
990 2023 1069 2083 festo
1096 2025 1245 2083 Omnium
1267 2030 1452 2083 sanctorum.

182 2134 276 2192 Anno
300 2131 422 2192 domini
444 2130 673 2191 MCCCCXXX
694 2136 794 2191 sexto.

290 2266 426 2332 originale
453 2268 481 2317 in
508 2267 604 2319 charta.
633 2269 666 2317 In
693 2267 808 2333 margine
826 2268 943 2318 inferiori
959 2268 1113 2334 impressum
1131 2274 1170 2319 est
1187 2268 1309 2333 sigillum.
1329 2269 1362 2318 In
1381 2267 1451 2319 arch.

181 2371 232 2407 ven
249 2356 335 2423 Capit.
353 2355 454 2421 zsgrab.
473 2357 536 2408 Act.
555 2357 619 2422 Cap.
638 2364 690 2407 ant.
709 2358 770 2410 fasc.
792 2357 816 2408 6.
835 2373 872 2410 nr.
893 2357 934 2411 26.

781 2548 866 2618 104.

289 2691 372 2742 Anno
392 2693 467 2756 1436,
488 2705 513 2745 2.
533 2692 687 2745 novembris.
707 2694 855 2757 Zagrabiae.

184 2816 345 2877 Marsaeus
371 2817 501 2879 Talouac
523 2820 617 2879 banus
639 2838 697 2879 sese
718 2820 844 2894 capitulo
865 2813 1241 2882 ltcemmunitaticivitatis
1255 2825 1358 2883 montis
1379 2822 1453 2884 Gre-

185 2924 273 2982 ccnsis
287 2923 452 2996 mandasse,
467 2933 500 2984 ut
515 2928 545 2984 in
562 2944 662 3004 causa,
674 2946 748 3002 quac
762 2925 797 2984 dc
819 2928 951 3002 litigiosis
972 2930 1053 3002 agris
1075 2930 1223 3003 agebam,
1237 2928 1453 3010 jusjurandum

450 3032 564 3105 darent,
588 3031 804 3106 sigismundum
827 3053 920 3109 regem
942 3037 1087 3093 certiorem
1108 3037 1189 3108 facti.

289 3176 494 3237 serenissimo
519 3183 549 3237 et
571 3178 776 3238 invictissimo
799 3179 933 3254 principi
957 3179 1084 3238 domino
1115 3180 1323 3255 Sigismundo,
1347 3181 1452 3239 divina

185 3282 308 3344 favente
323 3284 491 3342 clemencia
503 3284 715 3343 Romanorum
732 3285 922 3360 imperatori,
938 3302 1062 3361 semper
1078 3293 1217 3361 augusto,
1233 3303 1269 3346 ac
1285 3287 1451 3361 Hungarie,

187 3388 349 3462 Bohemie,
382 3389 544 3448 Dalmacie
576 3395 607 3449 et
637 3390 765 3450 Croacie
793 3391 880 3464 regi,
911 3391 1037 3450 domino
1067 3393 1127 3450 sibi
1161 3394 1389 3466 graciosissimo
1423 3398 1453 3451 et

184 3496 328 3568 naturali,
351 3495 480 3555 Mathko
514 3496 553 3555 de
582 3496 739 3556 Tallowcz
773 3498 912 3556 eiusdem
943 3505 1045 3557 vestre
1076 3501 1247 3559 serenitatis
1281 3516 1450 3573 regnorum

185 3600 347 3660 Dalmacie
368 3607 399 3675 et
421 3603 549 3661 Croacie
572 3603 787 3677 predictorum
802 3621 838 3662 ac
854 3606 953 3663 tocius
968 3606 1132 3664 Sclauonie
1150 3608 1255 3678 banus,
1272 3606 1451 3665 debitorum

186 3707 410 3781 obsequiorum
433 3710 565 3768 servicia
588 3725 660 3768 cum
683 3717 835 3785 perpetua
860 3711 1018 3770 fidelitate.
1043 3712 1153 3770 Vestra
1168 3713 1290 3770 noverit
1306 3715 1453 3771 serenitas

184 3827 235 3871 me
256 3814 377 3872 litteras
400 3815 540 3874 eiusdem
563 3821 666 3874 vestre
688 3818 861 3875 serenitatis
883 3819 1107 3893 preceptorias,
1131 3819 1226 3876 michi
1249 3835 1305 3892 per
1322 3820 1405 3877 cives
1421 3823 1451 3876 et

184 3919 322 3994 hospites
344 3921 478 3980 civitatis
500 3920 640 3979 eiusdem
663 3928 765 3981 vestre
788 3924 960 3983 serenitatis
983 3926 1097 3982 montis
1119 3923 1281 3982 Grecensis
1305 3923 1344 3981 de
1364 3922 1453 3999 juxta

185 4024 378 4101 Zagrabiam,
412 4033 478 4085 tarn
512 4027 636 4101 pridem
671 4044 769 4103 prope
802 4030 966 4103 Bihigium,
1002 4047 1097 4106 quam
1126 4047 1207 4089 nunc
1238 4031 1268 4088 in
1292 4031 1452 4104 presencia

184 4132 342 4207 magnifici
365 4134 426 4192 viri
449 4134 583 4205 Henrici,
600 4133 658 4193 filii
676 4136 828 4208 wayvode
844 4137 883 4194 de
899 4138 1056 4212 Thamasy
1071 4139 1202 4212 aliisque
1219 4137 1327 4194 multis
1343 4137 1452 4211 probis

184 4243 214 4297 et
236 4239 397 4300 nobilibus
419 4242 496 4299 viris
520 4257 644 4300 mecum
668 4243 699 4300 in
722 4240 838 4317 judicio
861 4245 911 4303 hic
942 4245 1092 4319 Zagrabie
1122 4243 1325 4302 existentibus
1366 4243 1451 4300 exhi·

183 4342 266 4404 bitas
289 4353 319 4404 et
341 4353 542 4422 presentatas,
563 4347 604 4406 ad
627 4349 810 4408 eorumdem
833 4351 951 4409 civium
974 4351 1135 4424 querelam
1156 4350 1259 4408 eidem
1281 4353 1384 4408 vestre
1406 4365 1452 4407 se·

181 4450 308 4511 renitati
336 4460 515 4527 porrectam
545 4461 711 4528 emanatas,
741 4456 855 4516 humili
886 4456 1067 4516 obediencia
1090 4462 1119 4515 et
1143 4456 1247 4515 debita
1270 4470 1343 4514 cum
1364 4471 1452 4516 reve·

182 4556 287 4616 rencia
314 4560 468 4635 recepisse
503 4560 535 4619 in
568 4562 626 4620 hec
656 4564 770 4623 verba:
804 4555 890 4642 (vide
924 4563 999 4622 Doc.
1023 4577 1073 4640 97.
1107 4578 1186 4622 anno
1214 4562 1305 4640 143⁶·
1327 4562 1379 4623 die
1405 4578 1454 4622 ιι.

1345 4686 1364 4748 9
