3278 5348
619 411 692 469 Doc.
717 422 785 486 250.
811 444 852 454 -
876 411 933 470 An.
957 407 1050 489 1466.

785 745 871 812 250.

297 941 378 989 Anno
401 939 479 1029 1466,
496 952 537 1004 23.
557 940 682 1004 Augusti.
702 939 851 1004 Zagrabiae.

186 1087 218 1143 A
243 1084 373 1155 Mathia,
396 1085 575 1159 Hunganiu
594 1092 644 1155 etc,
667 1103 742 1158 rege,
764 1085 926 1142 societatum
948 1091 1077 1141 statuto:
1097 1084 1252 1158 pellificum
1272 1085 1458 1158 etartrficum

227 1209 388 1284 frenorum
411 1226 447 1266 uc
466 1209 688 1283 corrigiatorum
710 1210 741 1265 in
764 1208 878 1265 civitate
900 1207 1002 1264 montis
1031 1205 1182 1264 Grccensis
1203 1207 1420 1280 constristantur.

297 1370 361 1428 Nos
392 1371 525 1429 Mathias
557 1370 607 1429 dei
634 1371 739 1444 gracia
762 1386 817 1428 rex
840 1370 1007 1442 ilungarie,
1030 1369 1200 1439 Dalmacie,
1224 1367 1374 1426 Chroacie
1398 1374 1453 1427 etc.

189 1477 344 1534 Memorie
374 1477 630 1535 commendamus
661 1480 767 1534 tenore
798 1476 994 1549 presencium
1026 1474 1245 1547 significantes,
1269 1475 1383 1546 quibus
1406 1490 1458 1532 ex·

188 1582 278 1656 pedit
308 1583 469 1653 universis,
499 1582 584 1656 quod
614 1597 679 1654 nos,
712 1588 779 1640 tum
810 1580 849 1638 ad
880 1582 1083 1639 nonullorum
1105 1579 1249 1638 fidelium
1272 1584 1453 1638 nostrorum

188 1688 369 1746 humillime
399 1689 642 1763 supplicacionis
672 1688 855 1747 instanciam
885 1704 942 1761 per
973 1702 1026 1744 eos
1050 1701 1107 1761 pro
1132 1692 1220 1760 parte
1243 1686 1451 1743 universitatis

189 1793 365 1867 pellificum
382 1801 411 1851 et
434 1793 591 1852 artificum
615 1794 783 1865 frenorum,
807 1809 842 1851 ac
865 1795 1105 1866 corrigiatorum
1128 1794 1160 1850 in
1183 1794 1241 1850 hac
1264 1792 1388 1850 civitate
1403 1807 1457 1850 no·

187 1906 254 1958 stra
277 1902 391 1957 montis
422 1899 584 1958 Grecensis
615 1917 697 1958 nunc
721 1901 987 1958 commorancium
1010 1906 1040 1957 et
1065 1899 1259 1957 infuturum
1284 1913 1457 1957 commora-

190 2015 334 2064 turorum
350 2012 454 2065 nostre
469 2013 636 2081 propterea
660 2011 802 2081 porrecte
826 2007 989 2078 maiestati,
1011 2011 1078 2063 turn
1102 2021 1185 2077 vero,
1210 2011 1244 2062 ut
1264 2004 1359 2063 iidem
1375 2010 1457 2063 artes

188 2113 333 2186 ipsorum
357 2127 395 2169 eo
415 2113 545 2170 liberius
568 2129 713 2171 exercere
735 2114 869 2182 valeant,
894 2111 1011 2170 eisdem
1027 2111 1218 2186 pellificibus
1232 2117 1262 2168 et
1286 2110 1457 2169 artificibus

187 2217 220 2276 id
245 2219 384 2290 graciose
414 2218 612 2277 annuendum
637 2218 784 2277 duximus
807 2226 838 2277 et
861 2217 1101 2288 concedendum,
1125 2218 1224 2274 immo
1246 2217 1411 2275 annuimus
1426 2224 1457 2275 et

187 2323 387 2381 concedimus
417 2340 474 2398 per
504 2331 671 2398 presentes,
702 2332 736 2383 ut
767 2326 828 2400 ipsi
846 2330 877 2383 et
907 2339 1016 2382 eorum
1046 2324 1184 2382 universi
1212 2338 1404 2381 successores
1427 2329 1457 2381 et

186 2430 315 2505 posteri,
338 2431 484 2489 omnibus
509 2431 574 2489 illis
590 2431 789 2490 libertatibus
805 2438 835 2489 et
858 2429 1142 2499 consvetudinibus,
1167 2429 1281 2502 quibus
1304 2428 1457 2501 pellifices

187 2541 219 2593 et
241 2534 376 2593 artifices
392 2536 525 2595 aliarum
550 2538 721 2595 liberarum
737 2538 900 2595 civitatum
916 2541 1093 2594 nostrarum
1116 2541 1245 2592 utuntur
1268 2540 1298 2592 et
1313 2535 1458 2608 gaudent,

187 2640 303 2700 suturis
336 2658 462 2716 semper
491 2643 672 2701 successivis
702 2645 898 2716 temporibus
930 2643 974 2700 uti
998 2642 1116 2716 possint
1148 2646 1177 2697 et
1200 2624 1345 2713 gaudere.
1368 2641 1456 2713 Item,

187 2750 302 2823 prim0,
326 2748 409 2823 quod
440 2751 501 2824 ipsi
523 2766 611 2809 more
642 2751 777 2808 aliorum
812 2749 988 2824 pellificum
1027 2755 1057 2806 et
1087 2748 1244 2806 artificum
1276 2748 1456 2805 societatem

186 2855 360 2926 vulgariter
383 2857 453 2914 czeh
479 2856 664 2914 habencium
688 2872 747 2930 pro
770 2872 802 2914 se
826 2857 925 2915 libere
948 2856 1126 2913 societatem
1142 2854 1243 2911 facere
1267 2869 1302 2911 ac
1325 2854 1456 2925 singulis

186 2962 276 3019 annis
300 2962 378 3020 inter
400 2978 433 3020 se
456 2962 608 3021 decanum
625 2963 675 3021 vel
696 2964 882 3037 magistrum
899 2961 1079 3020 huiusmodi
1094 2961 1248 3019 societatis
1272 2959 1457 3017 constituere

185 3068 308 3142 possint
338 3083 374 3125 ac
405 3069 537 3139 valeant,
569 3069 622 3142 qui
653 3070 756 3142 ipsam
787 3070 967 3127 societatem
998 3075 1085 3140 regat
1106 3073 1137 3124 et
1160 3067 1321 3124 universas
1344 3080 1453 3123 causas

185 3182 330 3247 pretextu
354 3175 473 3232 arcium
497 3181 527 3232 et
540 3175 688 3233 laborum
707 3177 847 3249 ipsorum
872 3182 901 3233 et
926 3176 1003 3233 alias
1028 3175 1296 3248 qualitercumque
1313 3172 1457 3231 oriendas

190 3280 349 3351 imprimis
373 3280 486 3351 rideat,
510 3280 637 3339 dirimat
653 3290 683 3338 et
699 3281 854 3340 discuciat.
871 3283 908 3338 Et
920 3281 1005 3354 quod
1028 3282 1135 3339 nullus
1151 3280 1277 3337 omnino
1293 3280 1457 3338 hominum

185 3386 273 3459 ipsos
296 3386 348 3443 vel
370 3386 509 3460 aliquem
533 3403 572 3445 ex
595 3387 671 3461 ipsis
695 3388 726 3444 in
741 3389 993 3462 quibuscumque
1009 3388 1109 3445 causis
1132 3386 1257 3444 racione
1278 3385 1458 3444 huiusmodi

185 3492 306 3550 arcium
330 3498 359 3549 et
381 3492 527 3550 laborum
551 3494 690 3567 ipsorum
709 3495 739 3552 in
755 3495 946 3567 presenciam
963 3493 1073 3551 iudicis
1097 3500 1126 3551 et
1143 3494 1317 3551 iuratorum
1339 3492 1456 3551 civium

186 3600 254 3657 eius
283 3599 416 3657 civitatis
446 3607 550 3658 nostre
581 3601 633 3658 rel
664 3601 799 3658 aliorum
831 3600 968 3659 iudicum
991 3601 1090 3670 aliter,
1115 3617 1210 3673 quam
1235 3600 1321 3674 prius
1345 3600 1452 3657 huius·

186 3704 274 3762 modi
297 3720 388 3762 cause
411 3720 466 3779 per
491 3707 677 3779 magistrum
690 3706 770 3764 dicte
786 3708 941 3766 societatis
953 3709 1094 3781 ipsorum
1110 3706 1247 3765 discusse
1269 3713 1300 3764 et
1323 3706 1456 3764 iudicate

187 3809 311 3882 fuerint,
336 3811 501 3868 convenire
524 3811 629 3886 possit.
652 3812 739 3883 Item,
763 3813 847 3885 quod
872 3828 963 3871 nemo
986 3815 1066 3871 inter
1091 3829 1143 3871 eos
1167 3815 1314 3885 magister
1337 3813 1456 3870 arcium

185 3923 217 3975 et
239 3916 386 3973 laborum
409 3916 551 3989 ipsorum
575 3916 645 3975 fieri
662 3918 767 3990 possit,
784 3919 843 3977 nisi
855 3920 889 3991 is,
913 3920 967 3993 qui
991 3918 1108 3976 eisdem
1133 3925 1162 3975 et
1186 3917 1324 3975 societati
1346 3931 1454 3975 eorum

184 4022 224 4080 ad
257 4021 435 4080 huiusmodi
466 4030 549 4080 artes
580 4022 736 4082 sufficiens
765 4023 934 4097 videbitur,
966 4032 995 4082 et
1026 4025 1064 4082 ad
1097 4025 1201 4097 ipsum
1236 4024 1450 4095 magisterium

182 4129 304 4187 arcium
326 4134 356 4185 et
379 4128 558 4185 societatem
581 4144 638 4202 per
654 4131 841 4202 magistrum
863 4130 1003 4189 eiusdem
1025 4130 1189 4199 societatis,
1213 4128 1267 4202 qui
1291 4144 1349 4202 pro
1374 4133 1451 4186 tem·

183 4249 261 4309 pore
283 4232 375 4291 fuerit
409 4235 601 4306 constitutus,
633 4243 810 4310 acceptatus
841 4237 943 4308 tuerit,
967 4245 996 4294 et
1020 4237 1092 4294 talis
1115 4235 1145 4292 in
1171 4235 1385 4308 magisterium
1406 4250 1455 4292 ac·

183 4338 355 4414 ceptandus
380 4341 484 4413 primo
517 4342 734 4399 communitati
754 4344 908 4400 societatis
932 4342 1010 4400 duos
1032 4342 1164 4399 florenos
1185 4342 1253 4399 auri
1275 4347 1305 4399 et
1321 4346 1456 4413 quatuor

183 4445 283 4504 libras
306 4461 375 4502 cere
397 4446 535 4516 solverit,
552 4446 604 4503 vel
634 4448 784 4519 magistro
807 4449 946 4507 eiusdem
969 4449 1124 4506 societatis
1147 4456 1177 4506 et
1200 4448 1270 4505 aliis
1295 4448 1452 4521 magistris

183 4567 281 4610 unum
313 4550 481 4626 prandium
512 4551 641 4610 dederit.
673 4552 824 4625 Preterea,
855 4554 940 4627 quod
977 4556 1085 4612 nullus
1117 4554 1247 4628 pellifex
1279 4561 1309 4612 et
1340 4554 1453 4613 artifex

182 4657 344 4717 frenorum
375 4665 404 4716 et
435 4658 675 4731 corrigiatorum
706 4665 794 4718 extra
816 4660 996 4718 societatem
1019 4661 1163 4735 ipsorum
1185 4660 1371 4719 constitutus
1394 4675 1448 4718 au·

182 4763 256 4823 deat
285 4779 339 4822 seu
370 4769 533 4839 presumat
563 4764 596 4822 in
625 4765 692 4838 ipsa
716 4766 842 4824 civitate
865 4773 946 4824 artes
969 4766 1147 4825 huiusmodi
1170 4781 1327 4835 exercere;
1350 4766 1377 4825 si
1400 4767 1454 4840 qui

181 4885 260 4930 vero
290 4876 477 4943 exercerent,
508 4871 619 4929 talium
651 4871 825 4945 pellificum
858 4872 910 4929 rel
947 4872 1104 4930 artificum
1135 4871 1273 4946 labores,
1305 4873 1454 4945 magister

1344 4971 1363 5012 s
