3278 5348
650 416 723 475 Dor.
749 426 814 490 251.
841 448 878 459 -
906 410 996 493 1466.
1387 435 1448 494 309

183 631 303 704 posteri
325 632 471 688 omnibus
502 631 566 689 illis
596 630 796 688 libertatibus
826 639 856 691 et
887 632 1170 705 consvetudinibus,
1194 635 1307 708 quibus
1330 640 1450 692 sutores

184 742 215 794 et
238 736 372 794 artifices
395 738 528 794 aliarum
553 736 724 795 liberarum
748 737 909 797 civitatum
925 747 1102 798 nostrarum
1118 746 1247 798 utuntur
1262 745 1292 797 et
1306 739 1451 813 gaudent,

183 842 298 901 futuris
321 859 445 916 semper
468 843 649 900 successivis
673 845 878 917 temporibus,
912 847 955 902 uti
983 853 1110 919 possent
1141 852 1170 903 et
1200 845 1343 918 gaudere.
1372 845 1450 903 [tem

183 950 297 1023 primo,
322 948 405 1021 quod
429 949 489 1022 ipsi
513 964 599 1007 more
622 949 756 1006 aliorum
780 957 920 1008 sutorum
945 958 974 1008 et
997 951 1153 1008 artificum
1176 952 1355 1009 societatem
1380 951 1450 1008 vul-

183 1055 302 1135 gariter
337 1056 410 1112 czeh
445 1053 641 1127 habencium,
673 1070 731 1129 pro
762 1071 795 1113 se
817 1056 917 1114 libere
940 1057 1120 1115 societatem
1145 1056 1245 1114 facere
1267 1063 1297 1114 et
1319 1058 1450 1130 singulis

183 1160 270 1218 annis
294 1161 375 1218 inter
396 1176 430 1218 se
453 1160 604 1218 decanum
629 1161 679 1219 vel
703 1157 888 1234 magistrum
904 1161 1082 1220 huiusmodi
1098 1163 1251 1221 societatis
1267 1163 1451 1221 constituere

183 1267 304 1341 possint
335 1274 364 1323 et
398 1267 531 1338 valeant,
563 1268 616 1340 qui
647 1268 747 1341 ipsam
779 1268 956 1325 societatem
988 1273 1075 1340 regat
1101 1274 1131 1325 et
1160 1269 1320 1326 universas
1344 1283 1450 1326 causas

184 1378 329 1445 pretextu
352 1373 471 1430 arcium
492 1380 521 1430 et
544 1373 692 1430 laborum
713 1374 854 1447 ipsorum
879 1379 908 1430 et
931 1374 1008 1431 alias
1025 1373 1292 1447 qualitercumque
1308 1373 1450 1431 oriendas

183 1477 328 1551 inprimis
364 1478 484 1551 videat,
519 1478 646 1537 dirimat
681 1486 710 1537 et
741 1479 906 1549 discuciat,
941 1486 971 1537 et
1002 1480 1087 1553 quod
1117 1480 1224 1538 nullus
1247 1480 1373 1538 omnino
1396 1481 1450 1538 ho-

184 1584 306 1642 minum
330 1585 415 1657 ipsos
438 1586 490 1642 vel
513 1585 651 1658 aliquem
675 1602 713 1643 ex
743 1586 819 1660 ipsis
849 1586 880 1643 in
912 1587 1162 1658 quibuscumque
1194 1587 1294 1643 causis
1326 1587 1450 1644 racione

183 1691 363 1749 huiusmodi
385 1692 503 1749 arcium
527 1698 556 1749 et
579 1693 727 1750 laborum
750 1693 892 1766 ipsorum
915 1693 947 1750 in
970 1694 1161 1766 presenciam
1185 1690 1296 1768 judicis
1319 1696 1349 1748 et
1367 1689 1450 1768 jura·

183 1800 288 1854 torum
313 1798 429 1855 civium
452 1797 533 1856 dicte
556 1798 690 1856 civitatis
713 1805 817 1856 nostre
847 1798 897 1856 vel
921 1799 1056 1856 aliorum
1078 1796 1226 1874 judicum,
1240 1799 1331 1856 aliter
1354 1813 1448 1871 quam

183 1903 273 1976 prius
294 1903 473 1962 huiusmodi
496 1919 586 1962 cause
609 1920 666 1978 per
689 1905 872 1978 magistrum
890 1904 971 1962 dicte
988 1905 1140 1962 societatis
1156 1906 1297 1978 ipsorum
1313 1903 1450 1962 discusse

183 2012 215 2066 et
237 2006 371 2084 judicate
394 2009 516 2080 suerint,
541 2011 705 2068 convenire
727 2015 840 2085 posset.
866 2010 952 2082 Item,
977 2011 1060 2083 quod
1084 2026 1175 2069 nemo
1198 2012 1277 2069 inter
1309 2026 1361 2069 eos
1383 2026 1450 2068 ma·

183 2113 281 2187 gister
303 2115 421 2172 arcium
446 2121 476 2173 et
499 2116 645 2173 laborum
669 2115 736 2173 fieri
760 2117 866 2189 possit,
889 2116 948 2173 nisi
973 2117 1008 2186 is,
1032 2117 1086 2189 qui
1110 2116 1227 2175 eisdem
1251 2123 1281 2174 et
1311 2117 1450 2175 societati

183 2234 294 2278 eorum
324 2221 363 2278 ad
394 2221 574 2279 huiusmodi
604 2225 686 2278 artes
717 2220 873 2278 sufficiens
905 2221 1070 2291 videbitur,
1102 2229 1132 2280 et
1162 2221 1200 2279 ad
1225 2223 1329 2295 ipsum
1353 2224 1450 2296 magi·

183 2327 313 2384 sterium
336 2329 455 2386 arcium
480 2334 510 2385 et
533 2329 712 2385 societatem
735 2344 791 2401 per
815 2328 999 2399 magistrum
1030 2327 1169 2386 eiusdem
1203 2329 1365 2400 societatis,
1397 2329 1451 2402 qui

183 2448 244 2508 pro
267 2440 409 2508 tempore
440 2435 532 2492 fuerit
565 2434 756 2504 constitutus,
780 2439 956 2508 acceptatus
980 2434 1080 2500 fuerit,
1105 2441 1135 2492 et
1159 2436 1230 2493 talis
1251 2435 1282 2492 in
1306 2436 1450 2508 magiste-

184 2539 269 2597 rium
299 2540 514 2614 acceptandus,
554 2540 657 2614 primo
690 2540 905 2598 communitati
939 2540 1094 2597 societatis
1125 2546 1187 2598 tres
1222 2540 1352 2599 florenos
1383 2542 1452 2599 auri

183 2645 322 2716 solverit,
346 2653 376 2704 et
399 2647 548 2718 magistro
569 2646 706 2703 eiusdem
730 2646 883 2703 societatis
906 2662 941 2703 ac
965 2646 1035 2703 aliis
1058 2647 1214 2718 magistris
1238 2663 1335 2704 unum
1357 2662 1450 2722 pran-

184 2750 274 2809 dium
298 2752 423 2810 dederit.
450 2753 590 2810 Preterea
614 2752 697 2825 quod
729 2753 835 2809 nullus
866 2760 952 2810 sutor
980 2758 1066 2810 extra
1098 2754 1276 2811 societatem
1308 2754 1451 2826 ipsorum

183 2859 377 2930 constitutus,
408 2858 520 2916 audeat
549 2875 601 2917 seu
632 2867 825 2932 presummat
856 2860 887 2916 in
918 2862 985 2932 ipsa
1016 2859 1141 2917 civitate
1164 2866 1245 2917 artes
1269 2859 1450 2917 huiusmodi

184 2980 344 3034 exercerc;
375 2966 401 3022 si
433 2966 486 3038 qui
519 2981 593 3023 vero
624 2970 809 3036 exercerent,
842 2966 952 3022 talium
982 2973 1123 3023 sutorum
1155 2966 1279 3023 labores
1301 2965 1451 3038 magister

183 3071 282 3145 ipsius
306 3072 459 3129 societatis
482 3072 580 3129 libere
602 3073 719 3130 auffere
741 3073 847 3145 possit.
870 3071 984 3129 Nullus
1004 3073 1101 3129 eciam
1117 3080 1204 3129 sutor
1219 3076 1382 3128 extraneus
1398 3071 1450 3128 vel

183 3185 347 3250 mercator,
370 3186 423 3236 aut
446 3180 541 3237 homo
564 3179 751 3252 negociator,
776 3179 888 3237 calcios
913 3180 964 3236 vel
987 3179 1065 3235 alios
1091 3179 1215 3236 labores
1239 3179 1357 3234 arcium
1381 3193 1450 3250 pre·

183 3286 372 3357 scriptarum
397 3286 427 3342 in
451 3287 519 3359 ipsa
543 3287 667 3343 civitate
696 3291 803 3342 nostra
831 3284 964 3343 vendere
994 3290 1196 3357 presummat,
1226 3285 1285 3342 nisi
1309 3289 1450 3356 tempore

183 3390 394 3449 nundinarum
430 3394 617 3464 annualium,
653 3398 683 3448 et
715 3392 742 3449 si
776 3392 916 3465 quipiam
951 3391 1129 3449 huiusmodi
1161 3392 1274 3448 calcios
1298 3390 1350 3447 vel
1373 3390 1451 3447 alios

185 3499 311 3556 labores
347 3499 480 3556 vendere
515 3499 765 3571 attemptaverit,
799 3499 945 3571 magister
979 3498 1059 3555 dicte
1093 3498 1246 3555 societatis
1280 3496 1451 3554 aufferendi

183 3605 318 3662 liberam
348 3606 462 3663 habeat
493 3606 653 3678 potestatis
683 3604 862 3662 facultatem
896 3621 934 3662 ex
957 3604 1092 3678 presenti
1123 3604 1316 3661 concessione
1339 3608 1451 3660 nostra.

184 3710 339 3785 Quocirca
374 3712 464 3769 vobis
499 3711 645 3768 fidelibus
679 3712 791 3769 nostris
827 3712 1000 3785 capetaneis
1031 3711 1081 3767 vel
1118 3710 1371 3783 vicecapetaneis,
1396 3724 1452 3782 per

183 3832 241 3876 nos
263 3823 316 3875 aut
339 3833 529 3875 successores
552 3825 673 3875 nostros
695 3833 784 3889 reges
808 3818 839 3874 in
870 3819 937 3890 ipsa
971 3817 1094 3873 civitate
1124 3815 1352 3885 constituendis,
1376 3816 1451 3872 item

181 3922 280 4000 judici
310 3930 339 3981 ct
369 3922 487 3999 juratiS,
518 3926 689 3998 ceterisque
722 3925 843 3982 civibus
873 3923 1005 3982 antefate
1037 3925 1170 3981 civitatis
1204 3927 1307 3979 nostre
1338 3922 1452 3979 montis

183 4029 348 4088 Grecensis
371 4032 567 4104 presentibus
590 4037 620 4088 et
644 4030 757 4088 futuris
781 4031 974 4104 presencium
998 4029 1143 4087 noticiam
1161 4027 1323 4098 habituris,
1340 4028 1451 4084 harum

182 4138 264 4195 serie
295 4137 427 4196 firmiter
463 4138 653 4210 precipimus
685 4144 714 4194 et
746 4137 947 4205 mandamus,
980 4144 1130 4208 quatenus
1165 4135 1278 4193 amodo
1307 4133 1451 4207 deinceps

184 4243 323 4319 prefatos
346 4250 466 4302 sutores
491 4244 541 4301 vel
565 4244 703 4317 aliquem
727 4260 764 4301 ex
789 4244 864 4317 ipsis
895 4244 926 4299 in
956 4242 1055 4299 causis
1086 4242 1273 4314 supradictis
1308 4245 1451 4312 pretextu

184 4351 303 4408 scilicet
332 4350 510 4407 huiusmodi
544 4350 662 4408 arcium
691 4356 720 4407 et
752 4350 897 4406 laborum
931 4350 1071 4422 ipsorum
1102 4345 1236 4422 judicare
1268 4345 1319 4402 vel
1347 4350 1452 4402 vestro

182 4460 284 4514 astare
305 4453 454 4532 judicatui
478 4456 668 4531 compellere
692 4462 744 4513 aut
773 4456 850 4512 alias
879 4454 1086 4528 quovismodo
1110 4461 1215 4510 contra
1239 4451 1372 4509 formam
1395 4452 1452 4508 hu·

183 4562 320 4625 iusmodi
342 4567 446 4621 nostre
470 4563 608 4637 graciose
642 4563 809 4619 annuencie
842 4560 1065 4634 quoquomodo
1096 4558 1256 4632 impedire,
1287 4558 1452 4616 molestare

183 4677 238 4730 aut
262 4671 445 4745 perturbare
469 4676 499 4727 et
522 4669 754 4742 dampnificare,
778 4669 867 4726 nullo
903 4683 1053 4740 umquam
1086 4674 1226 4740 tempore
1258 4664 1451 4740 presumatis.

185 4778 345 4837 Presentes
369 4784 481 4847 autem,
505 4792 582 4850 quas
605 4782 723 4834 secreto
745 4775 851 4848 sigillo
875 4781 989 4846 nostr0,
1013 4789 1075 4848 quo
1105 4775 1232 4843 utimur,
1255 4775 1286 4831 in
1319 4771 1451 4847 penden-

183 4883 269 4945 denli
301 4883 488 4943 communiri
511 4882 651 4952 fecimus,
675 4888 745 4955 post
780 4897 888 4938 earum
918 4881 1078 4947 lecturam,
1103 4879 1191 4937 reddi
1215 4879 1358 4936 iubemus
1382 4893 1452 4950 pre·
