3278 5348
603 422 695 480 Dec.
718 434 782 498 113,
808 453 851 465 -
874 421 932 482 An.
956 417 1048 500 1438.

792 629 859 698 113.

292 792 377 841 Auno
398 792 473 855 1438,
493 803 534 855 31.
551 791 672 857 januarii.
690 791 839 855 Zagrabiae.

196 916 351 976 Comitatus
373 918 492 992 ungrob,
514 918 622 978 ciuibus
637 918 823 993 precantibus
845 918 1055 992 inquisitionem
1078 918 1112 976 dc
1133 919 1253 994 injuriis
1275 939 1295 977 o
1319 920 1457 980 Vilhclmo

191 1025 346 1082 castellano
376 1025 502 1083 ciuitatis
535 1026 638 1083 montis
674 1023 829 1083 Grecensis
860 1025 951 1083 illotis
981 1043 1000 1081 o
1022 1044 1051 1082 sc
1074 1043 1133 1084 csse
1154 1028 1334 1085 constitutam
1355 1030 1456 1104 rescit,

538 1149 687 1206 omnesque
709 1132 902 1189 accusationes
916 1132 999 1206 facit
1018 1139 1109 1189 rotas.

293 1273 360 1331 Nos
382 1273 529 1332 Nicolaus
555 1273 640 1332 filius
664 1274 808 1348 Gregorii
830 1275 870 1332 de
900 1275 1027 1350 Gepew,
1059 1292 1162 1335 comes
1193 1292 1229 1335 ac
1250 1275 1345 1353 judex
1367 1282 1456 1339 nobi·

190 1379 266 1438 lium
292 1380 460 1438 comitatus
486 1381 703 1453 zagrabiensis.
728 1384 877 1441 Memorie
900 1383 1165 1456 commendamus,
1189 1384 1274 1457 quod
1305 1402 1376 1444 eum
1399 1404 1455 1446 nos

191 1486 227 1544 ad
250 1487 419 1545 instantem
440 1488 624 1562 peticionem
641 1487 759 1563 judicis,
774 1487 946 1566 juratorum
964 1497 994 1548 et
1014 1492 1112 1549 tocius
1135 1492 1365 1550 communitatis
1381 1495 1456 1552 civi-

189 1594 259 1652 tatis
283 1594 400 1652 montis
423 1593 585 1653 Grecensis
608 1594 646 1652 de
671 1596 756 1653 iuxta
791 1595 984 1669 Zagrabiam,
1019 1598 1174 1655 Thomam
1210 1598 1381 1656 litteratum
1416 1599 1455 1658 de

189 1698 403 1773 Domagouich
420 1716 456 1758 ac
479 1699 658 1774 Georgium,
675 1673 777 1759 filium
801 1703 941 1760 Matheus
964 1702 1003 1761 de
1033 1701 1230 1775 Sythomeria
1265 1708 1295 1762 et
1317 1705 1453 1779 Petrum,

190 1804 290 1863 filium
314 1806 464 1889 johannis
483 1806 521 1864 de
543 1805 666 1879 Sytbar,
689 1813 752 1865 tres
775 1824 813 1865 ex
836 1808 926 1866 nobis
947 1808 1065 1866 scilieet
1094 1806 1212 1883 judices
1234 1810 1391 1868 nobilium
1414 1811 1455 1870 ad

190 1911 421 1986 infrascriptam
444 1913 678 1986 inquisicionem
704 1912 877 1972 faciendam
900 1914 938 1972 de
961 1914 1033 1972 sede
1056 1918 1162 1972 nostra
1183 1912 1345 1989 judiciaria
1365 1917 1454 1990 legit-

190 2018 264 2077 time
288 2017 544 2090 destInassemus‚
570 2020 624 2092 qui
647 2019 774 2078 demum
806 2019 916 2078 exinde
950 2020 989 2077 ad
1013 2035 1069 2077 nos
1104 2021 1221 2078 reversi
1257 2021 1453 2081 uniformiter

188 2125 369 2196 retulerunt,
393 2125 478 2199 quod
500 2126 563 2200 ipsi
585 2127 626 2183 ab
650 2127 805 2198 omnibus,
821 2127 935 2199 quibus
959 2125 1110 2184 decuisset
1133 2132 1163 2183 et
1186 2126 1322 2185 licuisset
1346 2130 1453 2201 palam

188 2238 217 2289 et
237 2231 360 2289 occulte
393 2231 559 2305 diligenter
590 2232 783 2306 inquirendo,
818 2233 912 2289 talem
947 2232 986 2290 de
1020 2232 1224 2306 infrascriptis
1258 2234 1453 2294 rescivissent

188 2337 370 2396 veritatem:
395 2338 554 2412 quomodo
570 2338 761 2396 Wilhelmus
785 2340 988 2397 theutonicus
1009 2339 1194 2396 castellanus
1217 2340 1310 2397 castri
1332 2341 1452 2399 Medwe

188 2458 225 2501 ex
247 2444 336 2513 scitu,
359 2444 489 2502 consilio
512 2451 542 2502 et
565 2445 713 2502 mandato
736 2445 907 2502 illustrium
925 2445 1102 2519 principum
1123 2444 1322 2504 dominorum
1345 2447 1452 2506 Fride-

186 2549 250 2620 n'ci‚
274 2548 361 2620 Cilie‚
385 2550 580 2624 Ortenburge
603 2556 633 2610 et
656 2550 784 2623 Zagorie
807 2552 958 2608 comitum
981 2566 1017 2608 ac
1039 2551 1139 2609 Vlrici
1159 2552 1303 2610 similiter
1319 2555 1450 2626 comitis,

188 2654 325 2713 eiusdem
349 2656 469 2716 domini
491 2658 640 2717 Friderici
655 2657 722 2729 filii,
739 2658 937 2716 dominorum
960 2671 1096 2728 suorum,
1110 2657 1266 2716 diabolico
1288 2660 1451 2732 instigatus

188 2762 447 2835 machinamento,
470 2773 581 2822 octavo
605 2764 655 2822 die
680 2763 750 2823 festi
772 2765 856 2822 beati
879 2764 1002 2822 Andree
1034 2764 1177 2838 apostoli,
1209 2766 1352 2838 proxime
1382 2782 1450 2840 pre·

186 2868 277 2935 teriti,
300 2869 403 2927 missis
427 2876 457 2928 et
480 2869 640 2928 destinatis
671 2870 860 2942 quibusdam
885 2869 1094 2927 familiaribus
1117 2871 1180 2927 suis
1204 2871 1332 2927 armatis
1364 2873 1450 2945 equi·

187 2974 269 3032 tibus
304 2974 344 3032 ad
368 2976 478 3033 valvas
498 2992 553 3033 seu
576 2981 682 3050 portas
713 2974 794 3034 dicte
828 2976 962 3033 civitatis
993 2976 1105 3032 montis
1135 2973 1297 3034 Grecensis
1327 2979 1449 3050 regalis,

186 3079 291 3154 ibique
314 3081 436 3154 aliquos
458 3083 600 3141 homines
624 3083 707 3140 cives
735 3088 766 3139 et
796 3082 987 3140 habitatores
1025 3081 1105 3139 dicte
1136 3082 1277 3154 civitatis,
1308 3084 1451 3142 custodes

186 3187 303 3246 scilicet
326 3195 490 3261 portarum
512 3188 731 3262 predictarum,
750 3189 781 3245 in
805 3188 921 3245 eisdem
947 3188 1044 3261 portis
1069 3188 1181 3245 ictibus
1204 3189 1387 3261 sagittarum
1412 3190 1450 3248 de

186 3292 336 3352 ballistris
369 3294 506 3367 graviter
528 3295 688 3352 vulnerari
710 3299 740 3352 et
774 3295 913 3367 sagittari
937 3292 1065 3362 fecisset,
1099 3310 1137 3350 ex
1173 3295 1286 3366 quibus
1320 3295 1449 3368 quidam

186 3398 301 3457 ibidem
331 3400 430 3457 vitam
461 3401 606 3459 finierunt
637 3402 851 3475 temporalem,
887 3401 940 3458 alii
971 3414 1046 3457 vero
1080 3401 1224 3458 semivivi
1257 3410 1450 3460 remanentes

185 3505 321 3575 graviter
350 3512 575 3579 torquerentur.
599 3507 668 3564 Hiis
690 3522 751 3564 non
775 3513 936 3564 contentus
960 3505 1042 3563 idem
1067 3505 1282 3578 Wilchelmus‚
1306 3508 1450 3566 similiter

186 3625 221 3668 ex
244 3612 323 3669 scitu
356 3617 386 3669 et
409 3613 568 3670 voluntate
592 3613 746 3671 dictorum
771 3614 970 3671 dominorum
993 3629 1121 3670 suorum
1145 3629 1200 3685 per
1234 3612 1371 3686 prefatos
1406 3614 1449 3671 f·

184 3717 322 3774 miliares
345 3732 418 3775 suos
441 3726 607 3792 equestres,
639 3735 657 3776 a
688 3719 770 3777 dieta
804 3721 928 3777 civitate
962 3718 1141 3777 huiusmodi
1175 3724 1331 3792 patrantes
1366 3722 1449 3778 mala

185 3836 335 3893 reversus,
360 3823 512 3897 quosdam
536 3826 619 3883 cives
642 3832 672 3883 et
695 3826 835 3883 homines
859 3826 937 3883 alios
960 3824 1039 3882 dicte
1063 3801 1196 3882 civitatis
1221 3827 1271 3882 via
1293 3826 1325 3882 in
1348 3826 1448 3884 libera

185 3928 417 4002 progredientes
447 3939 596 4005 repertos,
621 3932 765 3989 similiter
788 3931 900 3988 ictibus
930 3932 1114 4003 sagittarum
1146 3931 1184 3988 de
1208 3932 1345 3989 balistris
1369 3933 1467 4019 adeo·

184 4039 211 4090 et
234 4034 339 4093 taliter
363 4036 519 4093 vulnerari
554 4035 683 4108 fecisset,
708 4036 791 4111 quod
816 4037 914 4109 aliqui
938 4053 975 4094 ex
1000 4036 1117 4094 eisdem
1140 4037 1256 4095 ibidem
1288 4038 1445 4111 obiissent,

184 4140 234 4196 alii
259 4155 335 4197 vero
357 4141 503 4198 semivivi
526 4150 720 4201 remanentes
749 4141 965 4216 torquerentur
995 4142 1034 4199 ad
1070 4160 1203 4216 presens,
1238 4143 1277 4200 de
1313 4156 1446 4216 quorum
1495 4208 1496 4212 Ἰ

183 4246 245 4302 vita
269 4245 401 4304 dubium
425 4248 598 4305 haberetur.
624 4249 691 4307 Hiis
707 4248 809 4306 adhuc
828 4230 962 4306 minime
973 4254 1132 4306 contentus
1149 4249 1230 4305 idem
1255 4249 1446 4306 Wilhelmus

183 4365 219 4410 ex
240 4353 326 4424 scitu,
351 4354 511 4411 voluntate
533 4361 563 4412 et
586 4354 713 4429 speciali
736 4355 953 4413 commissione
976 4354 1131 4411 dictorum
1155 4353 1354 4410 dominorum
1394 4370 1445 4411 su·

184 4471 281 4530 orum,
305 4458 415 4517 diebus
438 4462 608 4519 novissime
632 4462 755 4535 elapsis,
779 4463 940 4519 universos
963 4467 992 4518 et
1023 4461 1181 4533 quoslibet
1211 4457 1392 4534 jobagiones
1415 4467 1446 4518 et

184 4564 311 4621 colonos
335 4564 415 4623 dicte
439 4568 572 4625 civitatis
595 4568 627 4625 in
662 4568 855 4641 possessione
889 4565 1032 4625 Grachan
1067 4572 1176 4624 vocata
1210 4570 1445 4639 commorantes,

183 4675 332 4728 nocturno
356 4671 387 4728 in
410 4672 537 4731 silencio
560 4674 655 4731 simul
679 4690 751 4731 cum
775 4674 925 4731 uxoribus
956 4679 986 4730 et
1019 4673 1125 4747 pueris
1159 4672 1267 4743 levari,
1303 4687 1338 4729 ac
1373 4672 1444 4731 aliis

183 4788 291 4833 eorum
306 4777 401 4835 rebus
417 4782 447 4836 et
464 4779 553 4838 bonis
569 4781 722 4838 universis
734 4780 848 4838 abduci
863 4785 894 4838 et
908 4779 1044 4837 nescitur
1055 4794 1095 4837 an
1111 4780 1193 4853 ipsas
1217 4821 1378 4838 ......
1391 4785 1445 4839 aut

181 4881 257 4941 alias
280 4883 394 4958 predas
418 4885 549 4945 fecisset.
572 4887 609 4944 Et
633 4888 706 4945 licet
728 4887 843 4961 prefati
865 4886 985 4944 domini
1007 4885 1136 4944 comites
1161 4887 1248 4944 binas
1272 4886 1325 4944 vel
1348 4885 1443 4945 trinas
