3256 5346
932 488 1449 497 ----—--——·——————

187 414 226 468 44
585 391 657 446 Dor.
675 383 730 464 36.
749 396 801 463 37.
830 419 862 429 -
891 386 947 443 Aa.
972 398 1061 462 1423.

185 607 413 665 nominatarum
445 609 475 662 et
506 619 611 662 earum
644 602 914 678 pertinenciarum‚
945 600 1088 658 dominos
1119 614 1195 657 vero
1225 599 1389 657 canonicos
1420 604 1451 656 et

184 713 310 786 quosvis
333 720 469 769 rectores
492 725 546 767 seu
569 709 724 767 altaristas
749 707 886 782 predicte
908 707 1036 765 ecclesie
1062 706 1271 779 zagrabiensis
1294 712 1326 763 et
1357 718 1450 778 quos·

183 820 262 876 libet
285 817 363 875 alios
389 815 513 875 easdem
527 815 565 873 ad
582 831 615 873 se
630 809 820 888 recepcione,
836 814 1051 888 occupacione,
1067 812 1254 883 detencione,
1272 827 1451 885 usuumque

184 924 342 982 fructuum
365 930 396 981 et
419 922 631 997 quarumlibet
654 922 826 978 utilitatum
849 919 1033 977 earumdem
1057 919 1259 993 percepcione
1289 925 1319 976 et
1351 918 1451 991 perci·

183 1029 362 1103 pitaccione,
386 1030 553 1102 ipsumque
576 1026 736 1085 dominum
753 1031 895 1084 nostrum
911 1039 1018 1097 regem
1041 1025 1082 1083 ab
1103 1023 1283 1082 huiusmodi
1306 1030 1337 1082 et
1360 1024 1451 1082 atali

184 1135 426 1210 possessionarie
447 1133 624 1205 legacionis,
649 1132 828 1189 donacionis
852 1137 881 1188 et
905 1130 1086 1188 collacionis
1111 1144 1259 1187 consensu
1284 1130 1401 1204 pariter
1417 1135 1447 1188 et

183 1256 307 1300 assensu
330 1240 418 1298 lactis
442 1241 493 1297 vel
517 1239 627 1297 fiendis
650 1237 812 1312 prohibuit
833 1235 1071 1294 contradicendo
1103 1241 1133 1294 et
1157 1235 1346 1294 contradixit
1369 1237 1451 1295 inhi-

183 1348 285 1406 bendo
309 1362 414 1404 coram
437 1346 528 1405 nobis
553 1345 728 1402 testimonio
751 1342 948 1416 presencium
971 1334 1135 1400 mediante.
1159 1342 1276 1398 Datum
1299 1341 1452 1414 Zagrabie

182 1454 338 1513 sedecimo
361 1452 411 1510 die
435 1452 558 1510 termini
583 1451 744 1524 prenotati.
770 1451 859 1506 Anno
889 1447 1008 1506 domini
1040 1448 1210 1506 millesimo
1242 1447 1450 1520 quadringen-

184 1561 294 1618 tesimo
317 1560 470 1632 vigesimo
495 1558 597 1615 tercio.

288 1693 421 1757 Originnle
440 1694 468 1743 in
486 1693 582 1742 charta.
601 1692 628 1739 h
643 1699 715 1755 tergo
733 1691 842 1755 vestigia
858 1690 935 1739 trium
954 1689 1107 1754 sigillorum.
1135 1690 1166 1739 In
1185 1690 1281 1741 archiv.
1292 1690 1352 1740 incl.
1364 1692 1442 1741 Acad

184 1785 279 1833 Scient.
300 1782 397 1834 Slavor.
417 1781 578 1831 meridionul.

785 1963 846 2028 36.

288 2104 368 2153 Anno
390 2115 464 2166 1423,
484 2118 569 2155 mense
587 2104 695 2153 octobri.

289 2232 441 2306 Georgius
464 2235 627 2290 canonicus
651 2233 859 2306 zagrabiensis
882 2233 1007 2290 nomine
1023 2233 1153 2307 capituli
1169 2233 1200 2290 in
1216 2234 1335 2292 octavis
1351 2233 1449 2292 sancti

184 2341 345 2399 Michaelis
379 2356 484 2430 coram
518 2343 642 2399 hlatheo
676 2341 714 2399 de
745 2341 859 2398 Paloch
890 2338 993 2417 judice
1028 2341 1120 2411 curie,
1152 2340 1304 2415 produxit
1326 2340 1448 2398 litteras

185 2448 381 2505 chasmenses
403 2453 509 2505 contra
533 2448 692 2506 civitatem
718 2447 936 2520 inquisitorias‚
960 2446 1044 2519 quod
1076 2448 1162 2504 annis
1186 2448 1306 2520 aliquot
1330 2454 1448 2520 preter·

183 2554 279 2626 lapsis
302 2562 400 2611 certas
424 2560 530 2625 terras,
554 2555 703 2628 precipue
738 2559 853 2611 terram
885 2553 1042 2610 Bobichan
1076 2551 1164 2628 juxta
1199 2552 1315 2610 Zavam
1347 2548 1448 2627 prope

182 2660 278 2743 Jarun
303 2660 484 2718 existentem
509 2660 647 2733 capituli,
672 2660 755 2718 cives
780 2665 988 2733 usurpassent,
1020 2665 1050 2717 et
1081 2658 1173 2732 quod,
1209 2658 1283 2717 licet
1312 2660 1447 2742 Joannes

182 2767 346 2840 episcopus
370 2767 577 2837 zagrabiensis
601 2781 726 2823 causam
761 2767 841 2823 hanc
875 2766 1099 2840 intercipiendo
1133 2765 1367 2839 quodammodo
1401 2781 1448 2823 se·

181 2872 283 2929 dasset
307 2879 336 2930 et
360 2874 501 2945 partibus
524 2873 682 2930 silentium
705 2888 804 2946 usque
826 2872 865 2930 ad
891 2872 1019 2930 finalem
1041 2888 1151 2930 causae
1187 2872 1377 2930 decisionem
1400 2873 1446 2930 in·

181 2977 308 3035 dixisset
331 2979 389 3035 sub
413 2994 512 3052 poena
535 2980 709 3037 amissionis
733 2994 850 3050 causae,
875 2985 978 3036 tamen
1002 2981 1085 3037 cives
1107 2984 1214 3050 terras,
1232 2984 1261 3036 et
1279 2979 1446 3053 praecipue

184 3084 339 3141 Bobichan
373 3086 404 3142 in
439 3083 550 3160 majori
584 3093 672 3159 parte
707 3101 802 3158 quam
838 3086 924 3158 prius
956 3085 994 3143 de
1025 3100 1107 3142 novo
1130 3089 1348 3158 occupassent;
1371 3086 1446 3165 item

180 3191 280 3248 curias
304 3191 453 3248 domuum
480 3191 637 3248 Michaelis
661 3191 807 3263 doctoris,
833 3192 951 3249 Nicolai
976 3191 1014 3248 de
1046 3191 1134 3262 Cilia,
1164 3189 1313 3264 Stephani
1341 3191 1446 3266 hospi-

184 3297 263 3369 talis,
288 3299 506 3355 canonicorum
531 3300 779 3371 zagrabiensium
803 3315 838 3356 ac
862 3300 995 3357 hlathiae
1014 3297 1230 3372 praebendarii
1246 3298 1446 3357 suffodissent

181 3409 212 3460 et
235 3403 365 3462 fluvium
398 3404 589 3463 Chirkvenilr
621 3405 659 3462 de
691 3421 747 3463 suo
781 3422 871 3464 cursu
896 3423 952 3481 per
975 3406 1059 3463 idem
1083 3404 1233 3463 fossatum
1258 3405 1353 3463 fluere
1376 3421 1445 3479 per·

181 3510 344 3582 misissent,
369 3512 423 3584 qui
447 3521 550 3568 tamen
574 3513 667 3582 citati,
691 3527 751 3569 non
775 3518 968 3587 comparent.

286 3647 380 3706 Georg.
409 3648 578 3696 Marcelovid:
608 3650 725 3712 Regesto
751 3649 858 3713 diplom.
888 3649 1048 3712 aliorumque
1076 3657 1233 3701 monument.
1265 3650 1299 3698 In
1323 3648 1444 3701 biblioth.

184 3733 394 3785 archidioecesis.

788 3915 846 3981 37.

284 4053 364 4100 Anno
389 4065 462 4115 1423,
483 4065 523 4115 23.
545 4055 699 4106 novembris.
720 4057 863 4120 Krapinae.

179 4162 355 4232 Ilcrunrtms,
386 4164 480 4221 ciliae
502 4184 590 4222 (curres
613 4173 640 4222 et
661 4165 820 4223 Slavouiuc
842 4168 942 4237 bimus,
965 4169 997 4225 de
1020 4186 1117 4237 ceusu,
1146 4187 1232 4242 quam
1259 4171 1446 4227 coanmunitas

223 4271 252 4326 in
276 4271 457 4341 Mt'cltaelem,
481 4272 565 4328 Petra·
580 4273 714 4346 pellifices
729 4275 838 4347 filium,
861 4276 972 4346 agebar,
996 4295 1089 4348 regem
1112 4277 1280 4333 certitehrem
1296 4277 1399 4335 reddit.

285 4415 486 4474 Serenissime
510 4418 656 4491 princeps
680 4424 709 4475 et
733 4419 865 4489 domine,
890 4420 1014 4478 domine
1030 4423 1276 4494 generosissime,
1300 4438 1372 4480 cum
1396 4423 1445 4482 sui

179 4521 485 4579 recommendaciune
509 4523 731 4594 obsequiorum
756 4539 852 4596 prona
856 4571 1018 4585 ......
1043 4527 1167 4585 Pridem
1198 4529 1296 4587 nostri
1319 4530 1350 4588 in
1373 4545 1444 4604 pre-

178 4627 279 4684 sencia
303 4628 486 4685 constitutus
502 4627 655 4701 providus
671 4627 833 4704 Georgius,
851 4633 928 4690 civis
952 4632 990 4689 de
1006 4632 1150 4704 Buccar0‚
1176 4633 1278 4692 incola
1302 4640 1332 4694 et
1347 4636 1443 4693 homo

177 4727 348 4812 magn(ifici
373 4726 504 4810 domini)
535 4735 657 4793 comitis
679 4736 839 4808 Friderici,
870 4739 965 4797 michi
988 4738 1163 4811 significare
1199 4742 1329 4813 curavit,
1365 4756 1442 4815 quo·

177 4838 271 4897 modo
294 4840 361 4914 ipse
384 4856 401 4897 a
425 4841 562 4914 quodam
586 4842 745 4914 Michaele,
775 4843 842 4901 filio
866 4845 957 4918 Petri,
989 4846 1056 4903 cive
1089 4846 1223 4905 civitatis
1255 4853 1358 4907 vestre
1380 4841 1410 4928 z(
1428 4876 1442 4890 ·
