<?xml version="1.0" encoding="UTF-8"?>
<!DOCTYPE html PUBLIC "-//W3C//DTD XHTML 1.0 Transitional//EN"
    "http://www.w3.org/TR/xhtml1/DTD/xhtml1-transitional.dtd">
<html xmlns="http://www.w3.org/1999/xhtml" xml:lang="en" lang="en">
 <head>
  <title>
</title>
<meta http-equiv="Content-Type" content="text/html;charset=utf-8" />
  <meta name='ocr-system' content='tesseract 3.04.00' />
  <meta name='ocr-capabilities' content='ocr_page ocr_carea ocr_par ocr_line ocrx_word'/>
</head>
<body>
  <div class='ocr_page' id='page_1' title='image "./monumentahistor01laszgoog_0510.png"; bbox 0 0 3278 5348; ppageno 0'>
   <div class='ocr_carea' id='block_1_1' title="bbox 186 397 1021 477">
    <p class='ocr_par' dir='ltr' id='par_1_1' title="bbox 186 397 1021 477">
     <span class='ocr_line' id='line_1_1' title="bbox 186 397 1021 477; baseline -0.007 -17"><span class='ocrx_word' id='word_1_1' title='bbox 186 417 245 477; x_wconf 80' lang='lat'>²42</span> <span class='ocrx_word' id='word_1_2' title='bbox 593 397 666 456; x_wconf 87' lang='lat' dir='ltr'>Doc.</span> <span class='ocrx_word' id='word_1_3' title='bbox 690 409 760 474; x_wconf 83' lang='lat'><em>179.</em></span> <span class='ocrx_word' id='word_1_4' title='bbox 786 431 825 441; x_wconf 95' lang='lat'><em>-</em></span> <span class='ocrx_word' id='word_1_5' title='bbox 851 399 907 455; x_wconf 85' lang='lat' dir='ltr'>An.</span> <span class='ocrx_word' id='word_1_6' title='bbox 932 407 1021 474; x_wconf 62' lang='lat'>1454</span> 
     </span>
    </p>
   </div>
   <div class='ocr_carea' id='block_1_2' title="bbox 181 610 1444 1219">
    <p class='ocr_par' dir='ltr' id='par_1_2' title="bbox 181 610 1444 1219">
     <span class='ocr_line' id='line_1_2' title="bbox 182 610 1441 688; baseline -0.002 -15"><span class='ocrx_word' id='word_1_7' title='bbox 182 614 358 673; x_wconf 88' lang='lat' dir='ltr'>variacione</span> <span class='ocrx_word' id='word_1_8' title='bbox 381 613 512 687; x_wconf 87' lang='lat' dir='ltr'>aliquali</span> <span class='ocrx_word' id='word_1_9' title='bbox 535 619 565 672; x_wconf 91' lang='lat' dir='ltr'>et</span> <span class='ocrx_word' id='word_1_10' title='bbox 588 619 671 672; x_wconf 90' lang='lat' dir='ltr'>statu</span> <span class='ocrx_word' id='word_1_11' title='bbox 694 615 725 671; x_wconf 92' lang='lat' dir='ltr'>in</span> <span class='ocrx_word' id='word_1_12' title='bbox 748 612 858 671; x_wconf 90' lang='lat' dir='ltr'>eodem</span> <span class='ocrx_word' id='word_1_13' title='bbox 882 614 913 671; x_wconf 91' lang='lat' dir='ltr'>in</span> <span class='ocrx_word' id='word_1_14' title='bbox 937 613 1129 687; x_wconf 84' lang='lat' dir='ltr'>presenciam</span> <span class='ocrx_word' id='word_1_15' title='bbox 1147 612 1220 671; x_wconf 87' lang='lat' dir='ltr'>dicti</span> <span class='ocrx_word' id='word_1_16' title='bbox 1237 610 1350 688; x_wconf 87' lang='lat' dir='ltr'>judicis</span> <span class='ocrx_word' id='word_1_17' title='bbox 1364 613 1441 671; x_wconf 90' lang='lat' dir='ltr'>curie</span> 
     </span>
     <span class='ocr_line' id='line_1_3' title="bbox 182 719 1444 794; baseline -0.002 -15"><span class='ocrx_word' id='word_1_18' title='bbox 182 722 266 794; x_wconf 81' lang='lat' dir='ltr'>regie</span> <span class='ocrx_word' id='word_1_19' title='bbox 302 720 460 778; x_wconf 87' lang='lat' dir='ltr'>duxissent</span> <span class='ocrx_word' id='word_1_20' title='bbox 496 720 736 794; x_wconf 81' lang='lat' dir='ltr'><strong>prorogandam,</strong></span> <span class='ocrx_word' id='word_1_21' title='bbox 772 720 869 778; x_wconf 90' lang='lat' dir='ltr'>immo</span> <span class='ocrx_word' id='word_1_22' title='bbox 892 725 1100 794; x_wconf 76' lang='lat' dir='ltr'>prorogarunt</span> <span class='ocrx_word' id='word_1_23' title='bbox 1124 733 1229 777; x_wconf 91' lang='lat' dir='ltr'>coram</span> <span class='ocrx_word' id='word_1_24' title='bbox 1252 719 1345 777; x_wconf 89' lang='lat' dir='ltr'>nobis</span> <span class='ocrx_word' id='word_1_25' title='bbox 1368 719 1444 777; x_wconf 88' lang='lat' dir='ltr'>testi·</span> 
     </span>
     <span class='ocr_line' id='line_1_4' title="bbox 183 823 1444 901; baseline -0.002 -16"><span class='ocrx_word' id='word_1_26' title='bbox 183 829 288 886; x_wconf 90' lang='lat' dir='ltr'>monio</span> <span class='ocrx_word' id='word_1_27' title='bbox 311 827 506 901; x_wconf 87' lang='lat' dir='ltr'>presencium</span> <span class='ocrx_word' id='word_1_28' title='bbox 531 826 693 884; x_wconf 90' lang='lat' dir='ltr'>mediante.</span> <span class='ocrx_word' id='word_1_29' title='bbox 717 826 802 900; x_wconf 79' lang='lat' dir='ltr'>Quas</span> <span class='ocrx_word' id='word_1_30' title='bbox 825 827 930 899; x_wconf 91' lang='lat' dir='ltr'>sigillo</span> <span class='ocrx_word' id='word_1_31' title='bbox 953 826 1070 898; x_wconf 84' lang='lat' dir='ltr'>egregii</span> <span class='ocrx_word' id='word_1_32' title='bbox 1086 824 1221 898; x_wconf 88' lang='lat' dir='ltr'>Georgii,</span> <span class='ocrx_word' id='word_1_33' title='bbox 1238 825 1298 884; x_wconf 89' lang='lat' dir='ltr'>filii</span> <span class='ocrx_word' id='word_1_34' title='bbox 1314 823 1444 883; x_wconf 82' lang='lat' dir='ltr'>Farlrasii</span> 
     </span>
     <span class='ocr_line' id='line_1_5' title="bbox 182 930 1443 1006; baseline -0.004 -14"><span class='ocrx_word' id='word_1_35' title='bbox 182 934 221 994; x_wconf 90' lang='lat' dir='ltr'>de</span> <span class='ocrx_word' id='word_1_36' title='bbox 243 935 349 1005; x_wconf 86' lang='lat' dir='ltr'>Ebres,</span> <span class='ocrx_word' id='word_1_37' title='bbox 373 935 494 992; x_wconf 89' lang='lat' dir='ltr'>comitis</span> <span class='ocrx_word' id='word_1_38' title='bbox 519 935 618 992; x_wconf 80' lang='lat' dir='ltr'>nostri</span> <span class='ocrx_word' id='word_1_39' title='bbox 641 933 847 1006; x_wconf 85' lang='lat' dir='ltr'>zagrabiensis</span> <span class='ocrx_word' id='word_1_40' title='bbox 871 932 1002 991; x_wconf 84' lang='lat' dir='ltr'>fecimus</span> <span class='ocrx_word' id='word_1_41' title='bbox 1035 932 1219 1005; x_wconf 87' lang='lat' dir='ltr'>consignari</span> <span class='ocrx_word' id='word_1_42' title='bbox 1255 932 1372 990; x_wconf 91' lang='lat' dir='ltr'>Datum</span> <span class='ocrx_word' id='word_1_43' title='bbox 1394 930 1443 988; x_wconf 90' lang='lat' dir='ltr'>Za·</span> 
     </span>
     <span class='ocr_line' id='line_1_6' title="bbox 181 1037 1443 1114; baseline -0.004 -16"><span class='ocrx_word' id='word_1_44' title='bbox 181 1041 289 1114; x_wconf 89' lang='lat' dir='ltr'>grabie</span> <span class='ocrx_word' id='word_1_45' title='bbox 313 1040 465 1114; x_wconf 86' lang='lat' dir='ltr'>vigesimo</span> <span class='ocrx_word' id='word_1_46' title='bbox 481 1039 531 1097; x_wconf 90' lang='lat' dir='ltr'>die</span> <span class='ocrx_word' id='word_1_47' title='bbox 551 1045 732 1097; x_wconf 91' lang='lat' dir='ltr'>octavarum</span> <span class='ocrx_word' id='word_1_48' title='bbox 749 1038 819 1097; x_wconf 84' lang='lat' dir='ltr'>festi</span> <span class='ocrx_word' id='word_1_49' title='bbox 836 1039 920 1097; x_wconf 89' lang='lat' dir='ltr'>beati</span> <span class='ocrx_word' id='word_1_50' title='bbox 935 1038 1061 1110; x_wconf 88' lang='lat' dir='ltr'>Georgii</span> <span class='ocrx_word' id='word_1_51' title='bbox 1078 1038 1214 1096; x_wconf 88' lang='lat' dir='ltr'>martiris</span> <span class='ocrx_word' id='word_1_52' title='bbox 1231 1037 1443 1111; x_wconf 88' lang='lat' dir='ltr'>predictarum.</span> 
     </span>
     <span class='ocr_line' id='line_1_7' title="bbox 181 1145 1363 1219; baseline -0.003 -13"><span class='ocrx_word' id='word_1_53' title='bbox 181 1149 271 1206; x_wconf 84' lang='lat' dir='ltr'>Anno</span> <span class='ocrx_word' id='word_1_54' title='bbox 294 1146 413 1205; x_wconf 89' lang='lat' dir='ltr'>domini</span> <span class='ocrx_word' id='word_1_55' title='bbox 437 1147 606 1205; x_wconf 91' lang='lat' dir='ltr'>millesimo</span> <span class='ocrx_word' id='word_1_56' title='bbox 630 1145 935 1219; x_wconf 88' lang='lat' dir='ltr'>quadringentesimo</span> <span class='ocrx_word' id='word_1_57' title='bbox 959 1145 1218 1218; x_wconf 91' lang='lat' dir='ltr'>quinquagesimo</span> <span class='ocrx_word' id='word_1_58' title='bbox 1242 1149 1363 1217; x_wconf 84' lang='lat' dir='ltr'>quarto.</span> 
     </span>
    </p>
   </div>
   <div class='ocr_carea' id='block_1_3' title="bbox 183 1331 1442 1476">
    <p class='ocr_par' dir='ltr' id='par_1_3' title="bbox 183 1331 1442 1476">
     <span class='ocr_line' id='line_1_8' title="bbox 284 1331 1442 1399; baseline -0.003 -16"><span class='ocrx_word' id='word_1_59' title='bbox 284 1334 418 1398; x_wconf 83' lang='lat' dir='ltr'>Origluale</span> <span class='ocrx_word' id='word_1_60' title='bbox 435 1335 463 1384; x_wconf 90' lang='lat' dir='ltr'>iu</span> <span class='ocrx_word' id='word_1_61' title='bbox 482 1334 577 1392; x_wconf 82' lang='lat' dir='ltr'>charta,</span> <span class='ocrx_word' id='word_1_62' title='bbox 597 1350 613 1384; x_wconf 80' lang='lat' dir='ltr'>a</span> <span class='ocrx_word' id='word_1_63' title='bbox 630 1342 703 1399; x_wconf 83' lang='lat' dir='ltr'>tergo</span> <span class='ocrx_word' id='word_1_64' title='bbox 722 1334 859 1398; x_wconf 86' lang='lat' dir='ltr'>vestigium</span> <span class='ocrx_word' id='word_1_65' title='bbox 878 1334 997 1399; x_wconf 82' lang='lat' dir='ltr'>impressi</span> <span class='ocrx_word' id='word_1_66' title='bbox 1017 1333 1107 1397; x_wconf 85' lang='lat' dir='ltr'>sigilli.</span> <span class='ocrx_word' id='word_1_67' title='bbox 1128 1335 1161 1382; x_wconf 90' lang='lat' dir='ltr'>Iu</span> <span class='ocrx_word' id='word_1_68' title='bbox 1180 1333 1277 1384; x_wconf 78' lang='lat' dir='ltr'>archiv.</span> <span class='ocrx_word' id='word_1_69' title='bbox 1297 1333 1358 1384; x_wconf 86' lang='lat' dir='ltr'>incl.</span> <span class='ocrx_word' id='word_1_70' title='bbox 1371 1331 1442 1382; x_wconf 82' lang='lat' dir='ltr'>Acatl</span> 
     </span>
     <span class='ocr_line' id='line_1_9' title="bbox 183 1422 507 1476; baseline 0.009 -4"><span class='ocrx_word' id='word_1_71' title='bbox 183 1423 280 1473; x_wconf 84' lang='lat' dir='ltr'>Scient.</span> <span class='ocrx_word' id='word_1_72' title='bbox 299 1422 399 1476; x_wconf 77' lang='lat' dir='ltr'>Slavor.</span> <span class='ocrx_word' id='word_1_73' title='bbox 418 1424 507 1476; x_wconf 88' lang='lat' dir='ltr'>merid.</span> 
     </span>
    </p>
   </div>
   <div class='ocr_carea' id='block_1_4' title="bbox 292 1656 861 1878">
    <p class='ocr_par' dir='ltr' id='par_1_4' title="bbox 292 1656 861 1878">
     <span class='ocr_line' id='line_1_10' title="bbox 780 1656 861 1724; baseline 0.012 -4"><span class='ocrx_word' id='word_1_74' title='bbox 780 1656 861 1724; x_wconf 84' lang='grc'><strong>179.</strong></span> 
     </span>
     <span class='ocr_line' id='line_1_11' title="bbox 292 1813 798 1878; baseline 0.006 -16"><span class='ocrx_word' id='word_1_75' title='bbox 292 1814 373 1862; x_wconf 85' lang='lat' dir='ltr'>Anno</span> <span class='ocrx_word' id='word_1_76' title='bbox 395 1826 469 1878; x_wconf 85' lang='lat'>1454,</span> <span class='ocrx_word' id='word_1_77' title='bbox 491 1815 531 1866; x_wconf 91' lang='lat'>28.</span> <span class='ocrx_word' id='word_1_78' title='bbox 548 1814 630 1877; x_wconf 90' lang='lat' dir='ltr'>Junii.</span> <span class='ocrx_word' id='word_1_79' title='bbox 650 1813 798 1877; x_wconf 84' lang='lat' dir='ltr'>Zagrabiae.</span> 
     </span>
    </p>
   </div>
   <div class='ocr_carea' id='block_1_5' title="bbox 187 1939 1447 2122">
    <p class='ocr_par' dir='ltr' id='par_1_5' title="bbox 187 1939 1447 2122">
     <span class='ocr_line' id='line_1_12' title="bbox 187 1939 1447 2015; baseline 0 -17"><span class='ocrx_word' id='word_1_80' title='bbox 187 1941 223 1998; x_wconf 89' lang='lat' dir='ltr'>ln</span> <span class='ocrx_word' id='word_1_81' title='bbox 247 1941 368 2001; x_wconf 85' lang='lat' dir='ltr'>Petrum</span> <span class='ocrx_word' id='word_1_82' title='bbox 393 1940 542 1998; x_wconf 76' lang='lat' dir='ltr'>Slotcrkel</span> <span class='ocrx_word' id='word_1_83' title='bbox 558 1940 791 1999; x_wconf 78' lang='lat' dir='ltr'>orchidtitconum</span> <span class='ocrx_word' id='word_1_84' title='bbox 810 1949 930 2014; x_wconf 82' lang='lat' dir='ltr'>propter</span> <span class='ocrx_word' id='word_1_85' title='bbox 943 1941 1107 2015; x_wconf 82' lang='lat' dir='ltr'>solson&#39;om</span> <span class='ocrx_word' id='word_1_86' title='bbox 1130 1939 1277 1999; x_wconf 82' lang='lat' dir='ltr'>cuiusdam</span> <span class='ocrx_word' id='word_1_87' title='bbox 1294 1940 1447 2000; x_wconf 78' lang='lat' dir='ltr'>documenti</span> 
     </span>
     <span class='ocr_line' id='line_1_13' title="bbox 463 2048 1180 2122; baseline 0 -18"><span class='ocrx_word' id='word_1_88' title='bbox 463 2049 634 2122; x_wconf 79' lang='lat' dir='ltr'>capitutorr‘s</span> <span class='ocrx_word' id='word_1_89' title='bbox 655 2048 857 2121; x_wconf 74' lang='lat' dir='ltr'>regillotionem</span> <span class='ocrx_word' id='word_1_90' title='bbox 876 2057 970 2121; x_wconf 83' lang='lat' dir='ltr'>poena</span> <span class='ocrx_word' id='word_1_91' title='bbox 993 2048 1180 2105; x_wconf 79' lang='lat' dir='ltr'>constituitur.</span> 
     </span>
    </p>
   </div>
   <div class='ocr_carea' id='block_1_6' title="bbox 187 2191 1449 3221">
    <p class='ocr_par' dir='ltr' id='par_1_6' title="bbox 187 2191 1449 3221">
     <span class='ocr_line' id='line_1_14' title="bbox 292 2191 1446 2267; baseline 0.002 -19"><span class='ocrx_word' id='word_1_92' title='bbox 292 2191 439 2265; x_wconf 87' lang='lat' dir='ltr'>Sequitur</span> <span class='ocrx_word' id='word_1_93' title='bbox 468 2193 635 2265; x_wconf 81' lang='lat' dir='ltr'>registrum</span> <span class='ocrx_word' id='word_1_94' title='bbox 670 2194 810 2250; x_wconf 89' lang='lat' dir='ltr'>omnium</span> <span class='ocrx_word' id='word_1_95' title='bbox 846 2192 1044 2250; x_wconf 91' lang='lat' dir='ltr'>dominorum</span> <span class='ocrx_word' id='word_1_96' title='bbox 1079 2193 1300 2250; x_wconf 85' lang='lat' dir='ltr'>canonicorum</span> <span class='ocrx_word' id='word_1_97' title='bbox 1324 2194 1446 2267; x_wconf 90' lang='lat' dir='ltr'>capituli</span> 
     </span>
     <span class='ocr_line' id='line_1_15' title="bbox 187 2297 1445 2372; baseline 0.002 -18"><span class='ocrx_word' id='word_1_98' title='bbox 187 2298 403 2370; x_wconf 88' lang='lat' dir='ltr'>zagrabiensis‚</span> <span class='ocrx_word' id='word_1_99' title='bbox 429 2299 482 2371; x_wconf 90' lang='lat' dir='ltr'>qui</span> <span class='ocrx_word' id='word_1_100' title='bbox 505 2298 709 2356; x_wconf 82' lang='lat' dir='ltr'>interfuerunt</span> <span class='ocrx_word' id='word_1_101' title='bbox 732 2299 861 2356; x_wconf 90' lang='lat' dir='ltr'>consilio</span> <span class='ocrx_word' id='word_1_102' title='bbox 885 2304 914 2355; x_wconf 89' lang='lat' dir='ltr'>et</span> <span class='ocrx_word' id='word_1_103' title='bbox 938 2297 1061 2355; x_wconf 90' lang='lat' dir='ltr'>decreto</span> <span class='ocrx_word' id='word_1_104' title='bbox 1083 2314 1141 2372; x_wconf 90' lang='lat' dir='ltr'>per</span> <span class='ocrx_word' id='word_1_105' title='bbox 1157 2298 1241 2371; x_wconf 91' lang='lat' dir='ltr'>ipsos</span> <span class='ocrx_word' id='word_1_106' title='bbox 1265 2307 1372 2357; x_wconf 88' lang='lat' dir='ltr'>contra</span> <span class='ocrx_word' id='word_1_107' title='bbox 1395 2299 1445 2356; x_wconf 91' lang='lat' dir='ltr'>do·</span> 
     </span>
     <span class='ocr_line' id='line_1_16' title="bbox 188 2403 1445 2479; baseline 0.002 -19"><span class='ocrx_word' id='word_1_108' title='bbox 188 2404 308 2461; x_wconf 90' lang='lat' dir='ltr'>minum</span> <span class='ocrx_word' id='word_1_109' title='bbox 333 2403 457 2461; x_wconf 91' lang='lat' dir='ltr'>Petrum</span> <span class='ocrx_word' id='word_1_110' title='bbox 490 2404 652 2463; x_wconf 85' lang='lat' dir='ltr'>Sloterhch</span> <span class='ocrx_word' id='word_1_111' title='bbox 677 2404 768 2476; x_wconf 90' lang='lat' dir='ltr'>dict0,</span> <span class='ocrx_word' id='word_1_112' title='bbox 792 2404 1044 2462; x_wconf 89' lang='lat' dir='ltr'>archidiaconum</span> <span class='ocrx_word' id='word_1_113' title='bbox 1079 2403 1278 2461; x_wconf 90' lang='lat' dir='ltr'>dubicensem</span> <span class='ocrx_word' id='word_1_114' title='bbox 1313 2410 1369 2463; x_wconf 91' lang='lat' dir='ltr'>etc.</span> <span class='ocrx_word' id='word_1_115' title='bbox 1392 2419 1445 2479; x_wconf 94' lang='lat' dir='ltr'>pro</span> 
     </span>
     <span class='ocr_line' id='line_1_17' title="bbox 187 2503 1447 2584; baseline 0.002 -18"><span class='ocrx_word' id='word_1_116' title='bbox 187 2509 314 2567; x_wconf 86' lang='lat' dir='ltr'>falsaria</span> <span class='ocrx_word' id='word_1_117' title='bbox 346 2510 538 2582; x_wconf 87' lang='lat' dir='ltr'>sigillacione</span> <span class='ocrx_word' id='word_1_118' title='bbox 572 2510 732 2568; x_wconf 88' lang='lat' dir='ltr'>cuiusdam</span> <span class='ocrx_word' id='word_1_119' title='bbox 768 2511 869 2569; x_wconf 81' lang='lat' dir='ltr'>littere</span> <span class='ocrx_word' id='word_1_120' title='bbox 903 2526 960 2584; x_wconf 90' lang='lat' dir='ltr'>per</span> <span class='ocrx_word' id='word_1_121' title='bbox 994 2511 1097 2584; x_wconf 92' lang='lat' dir='ltr'>ipsum</span> <span class='ocrx_word' id='word_1_122' title='bbox 1131 2503 1247 2568; x_wconf 79' lang='lat' dir='ltr'>furti‘ve</span> <span class='ocrx_word' id='word_1_123' title='bbox 1280 2516 1311 2569; x_wconf 94' lang='lat' dir='ltr'>et</span> <span class='ocrx_word' id='word_1_124' title='bbox 1334 2512 1447 2569; x_wconf 79' lang='lat' dir='ltr'>occulte</span> 
     </span>
     <span class='ocr_line' id='line_1_18' title="bbox 188 2615 1447 2691; baseline 0.001 -18"><span class='ocrx_word' id='word_1_125' title='bbox 188 2624 293 2689; x_wconf 89' lang='lat' dir='ltr'>preter</span> <span class='ocrx_word' id='word_1_126' title='bbox 315 2617 427 2673; x_wconf 91' lang='lat' dir='ltr'>scitum</span> <span class='ocrx_word' id='word_1_127' title='bbox 458 2616 658 2674; x_wconf 89' lang='lat' dir='ltr'>dominorum</span> <span class='ocrx_word' id='word_1_128' title='bbox 693 2617 829 2674; x_wconf 89' lang='lat' dir='ltr'>aliorum</span> <span class='ocrx_word' id='word_1_129' title='bbox 853 2617 940 2689; x_wconf 87' lang='lat' dir='ltr'>facte,</span> <span class='ocrx_word' id='word_1_130' title='bbox 977 2615 1052 2674; x_wconf 84' lang='lat' dir='ltr'>feria</span> <span class='ocrx_word' id='word_1_131' title='bbox 1083 2621 1170 2674; x_wconf 85' lang='lat' dir='ltr'>sexta</span> <span class='ocrx_word' id='word_1_132' title='bbox 1204 2617 1350 2690; x_wconf 87' lang='lat' dir='ltr'>proxima</span> <span class='ocrx_word' id='word_1_133' title='bbox 1383 2623 1447 2691; x_wconf 92' lang='lat' dir='ltr'>post</span> 
     </span>
     <span class='ocr_line' id='line_1_19' title="bbox 188 2721 1447 2797; baseline 0.002 -18"><span class='ocrx_word' id='word_1_134' title='bbox 188 2721 302 2780; x_wconf 84' lang='lat' dir='ltr'>festum</span> <span class='ocrx_word' id='word_1_135' title='bbox 325 2722 463 2779; x_wconf 89' lang='lat' dir='ltr'>Ladislai</span> <span class='ocrx_word' id='word_1_136' title='bbox 493 2722 575 2795; x_wconf 87' lang='lat' dir='ltr'>regis</span> <span class='ocrx_word' id='word_1_137' title='bbox 598 2728 628 2779; x_wconf 90' lang='lat' dir='ltr'>et</span> <span class='ocrx_word' id='word_1_138' title='bbox 651 2722 843 2792; x_wconf 85' lang='lat' dir='ltr'>contessoris,</span> <span class='ocrx_word' id='word_1_139' title='bbox 868 2738 947 2780; x_wconf 89' lang='lat' dir='ltr'>anno</span> <span class='ocrx_word' id='word_1_140' title='bbox 971 2721 1089 2780; x_wconf 89' lang='lat' dir='ltr'>domini</span> <span class='ocrx_word' id='word_1_141' title='bbox 1112 2722 1282 2781; x_wconf 89' lang='lat' dir='ltr'>millesimo</span> <span class='ocrx_word' id='word_1_142' title='bbox 1307 2723 1447 2797; x_wconf 90' lang='lat' dir='ltr'>quadrin-</span> 
     </span>
     <span class='ocr_line' id='line_1_20' title="bbox 188 2829 1447 2902; baseline 0.001 -17"><span class='ocrx_word' id='word_1_143' title='bbox 188 2830 359 2900; x_wconf 86' lang='lat' dir='ltr'>gentesimo</span> <span class='ocrx_word' id='word_1_144' title='bbox 383 2829 640 2902; x_wconf 89' lang='lat' dir='ltr'>quinquagesimo</span> <span class='ocrx_word' id='word_1_145' title='bbox 665 2835 785 2902; x_wconf 89' lang='lat' dir='ltr'>quarto,</span> <span class='ocrx_word' id='word_1_146' title='bbox 810 2834 840 2887; x_wconf 90' lang='lat' dir='ltr'>et</span> <span class='ocrx_word' id='word_1_147' title='bbox 863 2830 922 2887; x_wconf 93' lang='lat' dir='ltr'>sub</span> <span class='ocrx_word' id='word_1_148' title='bbox 947 2829 1170 2887; x_wconf 91' lang='lat' dir='ltr'>iuramentibus</span> <span class='ocrx_word' id='word_1_149' title='bbox 1201 2829 1343 2902; x_wconf 87' lang='lat' dir='ltr'>ipsorum</span> <span class='ocrx_word' id='word_1_150' title='bbox 1375 2835 1447 2887; x_wconf 91' lang='lat' dir='ltr'>trac·</span> 
     </span>
     <span class='ocr_line' id='line_1_21' title="bbox 190 2934 1448 3009; baseline 0 -17"><span class='ocrx_word' id='word_1_151' title='bbox 190 2943 251 2992; x_wconf 91' lang='lat' dir='ltr'>tate</span> <span class='ocrx_word' id='word_1_152' title='bbox 275 2946 304 2992; x_wconf 91' lang='lat' dir='ltr'>et</span> <span class='ocrx_word' id='word_1_153' title='bbox 327 2935 490 2992; x_wconf 88' lang='lat' dir='ltr'>terminate</span> <span class='ocrx_word' id='word_1_154' title='bbox 513 2936 564 3005; x_wconf 85' lang='lat' dir='ltr'>ita,</span> <span class='ocrx_word' id='word_1_155' title='bbox 590 2935 673 3008; x_wconf 92' lang='lat' dir='ltr'>quod</span> <span class='ocrx_word' id='word_1_156' title='bbox 697 2952 755 3008; x_wconf 89' lang='lat' dir='ltr'>per</span> <span class='ocrx_word' id='word_1_157' title='bbox 788 2941 930 3009; x_wconf 92' lang='lat' dir='ltr'>tempora</span> <span class='ocrx_word' id='word_1_158' title='bbox 955 2935 1017 2993; x_wconf 89' lang='lat' dir='ltr'>vite</span> <span class='ocrx_word' id='word_1_159' title='bbox 1047 2948 1101 2992; x_wconf 90' lang='lat' dir='ltr'>sue</span> <span class='ocrx_word' id='word_1_160' title='bbox 1133 2934 1272 3008; x_wconf 84' lang='lat' dir='ltr'>prefatus</span> <span class='ocrx_word' id='word_1_161' title='bbox 1309 2934 1448 2994; x_wconf 88' lang='lat' dir='ltr'>dominus</span> 
     </span>
     <span class='ocr_line' id='line_1_22' title="bbox 189 3039 1449 3131; baseline 0.001 -34"><span class='ocrx_word' id='word_1_162' title='bbox 189 3041 297 3098; x_wconf 87' lang='lat' dir='ltr'>Petrus</span> <span class='ocrx_word' id='word_1_163' title='bbox 321 3040 464 3097; x_wconf 91' lang='lat' dir='ltr'>exclusus</span> <span class='ocrx_word' id='word_1_164' title='bbox 487 3045 533 3131; x_wconf 79' lang='lat' dir='ltr'>est</span> <span class='ocrx_word' id='word_1_165' title='bbox 556 3040 594 3098; x_wconf 93' lang='lat' dir='ltr'>de</span> <span class='ocrx_word' id='word_1_166' title='bbox 616 3042 775 3099; x_wconf 87' lang='lat' dir='ltr'>consorcio</span> <span class='ocrx_word' id='word_1_167' title='bbox 799 3040 931 3099; x_wconf 87' lang='lat' dir='ltr'>fratrum</span> <span class='ocrx_word' id='word_1_168' title='bbox 955 3047 985 3098; x_wconf 89' lang='lat' dir='ltr'>et</span> <span class='ocrx_word' id='word_1_169' title='bbox 1010 3039 1094 3114; x_wconf 90' lang='lat' dir='ltr'>quod</span> <span class='ocrx_word' id='word_1_170' title='bbox 1118 3055 1278 3113; x_wconf 89' lang='lat' dir='ltr'>nunquam</span> <span class='ocrx_word' id='word_1_171' title='bbox 1304 3042 1449 3100; x_wconf 84' lang='lat' dir='ltr'>interesse</span> 
     </span>
     <span class='ocr_line' id='line_1_23' title="bbox 189 3147 1449 3221; baseline 0.002 -19"><span class='ocrx_word' id='word_1_172' title='bbox 189 3148 301 3220; x_wconf 88' lang='lat' dir='ltr'>poterit</span> <span class='ocrx_word' id='word_1_173' title='bbox 324 3147 518 3218; x_wconf 88' lang='lat' dir='ltr'>sigillacioni‚</span> <span class='ocrx_word' id='word_1_174' title='bbox 541 3154 574 3205; x_wconf 90' lang='lat' dir='ltr'>ut</span> <span class='ocrx_word' id='word_1_175' title='bbox 599 3147 718 3205; x_wconf 89' lang='lat' dir='ltr'>videbit</span> <span class='ocrx_word' id='word_1_176' title='bbox 740 3148 889 3221; x_wconf 86' lang='lat' dir='ltr'>sigillum,</span> <span class='ocrx_word' id='word_1_177' title='bbox 906 3154 936 3206; x_wconf 91' lang='lat' dir='ltr'>et</span> <span class='ocrx_word' id='word_1_178' title='bbox 953 3149 1156 3221; x_wconf 89' lang='lat' dir='ltr'>proventibus</span> <span class='ocrx_word' id='word_1_179' title='bbox 1180 3147 1320 3206; x_wconf 91' lang='lat' dir='ltr'>eiusdem</span> <span class='ocrx_word' id='word_1_180' title='bbox 1336 3149 1449 3206; x_wconf 87' lang='lat' dir='ltr'>carebit</span> 
     </span>
    </p>
   </div>
   <div class='ocr_carea' id='block_1_7' title="bbox 188 3254 1451 4661">
    <p class='ocr_par' dir='ltr' id='par_1_7' title="bbox 190 3254 1240 3326">
     <span class='ocr_line' id='line_1_24' title="bbox 190 3254 1240 3326; baseline 0.002 -18"><span class='ocrx_word' id='word_1_181' title='bbox 190 3257 338 3324; x_wconf 87' lang='lat' dir='ltr'>perpetue</span> <span class='ocrx_word' id='word_1_182' title='bbox 362 3260 390 3308; x_wconf 93' lang='lat' dir='ltr'>et</span> <span class='ocrx_word' id='word_1_183' title='bbox 415 3254 512 3310; x_wconf 89' lang='lat' dir='ltr'>eciam</span> <span class='ocrx_word' id='word_1_184' title='bbox 536 3254 605 3311; x_wconf 89' lang='lat' dir='ltr'>aliis</span> <span class='ocrx_word' id='word_1_185' title='bbox 628 3254 834 3326; x_wconf 89' lang='lat' dir='ltr'>proventibus</span> <span class='ocrx_word' id='word_1_186' title='bbox 857 3254 1088 3311; x_wconf 89' lang='lat' dir='ltr'>canonicalibus</span> <span class='ocrx_word' id='word_1_187' title='bbox 1111 3254 1240 3311; x_wconf 87' lang='lat' dir='ltr'>carebit:</span> 
     </span>
    </p>

    <p class='ocr_par' dir='ltr' id='par_1_8' title="bbox 188 3352 1451 4216">
     <span class='ocr_line' id='line_1_25' title="bbox 295 3352 1449 3418; baseline 0.003 -20"><span class='ocrx_word' id='word_1_188' title='bbox 295 3353 361 3399; x_wconf 86' lang='lat' dir='ltr'>Item</span> <span class='ocrx_word' id='word_1_189' title='bbox 381 3352 470 3415; x_wconf 90' lang='lat' dir='ltr'>primo,</span> <span class='ocrx_word' id='word_1_190' title='bbox 499 3354 619 3402; x_wconf 86' lang='lat' dir='ltr'>dominus</span> <span class='ocrx_word' id='word_1_191' title='bbox 645 3354 723 3402; x_wconf 88' lang='lat' dir='ltr'>Vltus</span> <span class='ocrx_word' id='word_1_192' title='bbox 750 3354 896 3418; x_wconf 80' lang='lat' dir='ltr'>prepositus</span> <span class='ocrx_word' id='word_1_193' title='bbox 923 3353 1104 3417; x_wconf 80' lang='lat' dir='ltr'>zagrabiensis.</span> <span class='ocrx_word' id='word_1_194' title='bbox 1132 3353 1330 3403; x_wconf 86' lang='lat' dir='ltr'>Bartholomens</span> <span class='ocrx_word' id='word_1_195' title='bbox 1356 3362 1449 3404; x_wconf 85' lang='lat' dir='ltr'>cantor.</span> 
     </span>
     <span class='ocr_line' id='line_1_26' title="bbox 189 3440 1450 3504; baseline 0.005 -17"><span class='ocrx_word' id='word_1_196' title='bbox 189 3441 255 3488; x_wconf 87' lang='lat' dir='ltr'>Item</span> <span class='ocrx_word' id='word_1_197' title='bbox 275 3440 388 3487; x_wconf 89' lang='lat' dir='ltr'>Mathias</span> <span class='ocrx_word' id='word_1_198' title='bbox 407 3442 552 3504; x_wconf 90' lang='lat' dir='ltr'>prepositus</span> <span class='ocrx_word' id='word_1_199' title='bbox 571 3443 728 3491; x_wconf 88' lang='lat' dir='ltr'>chasmensis</span> <span class='ocrx_word' id='word_1_200' title='bbox 747 3450 772 3490; x_wconf 90' lang='lat' dir='ltr'>et</span> <span class='ocrx_word' id='word_1_201' title='bbox 792 3443 824 3490; x_wconf 93' lang='lat' dir='ltr'>de</span> <span class='ocrx_word' id='word_1_202' title='bbox 844 3443 958 3491; x_wconf 87' lang='lat' dir='ltr'>Bienico.</span> <span class='ocrx_word' id='word_1_203' title='bbox 977 3444 1044 3491; x_wconf 89' lang='lat' dir='ltr'>Item</span> <span class='ocrx_word' id='word_1_204' title='bbox 1057 3441 1186 3491; x_wconf 81' lang='lat' dir='ltr'>Steffanus</span> <span class='ocrx_word' id='word_1_205' title='bbox 1199 3441 1368 3496; x_wconf 83' lang='lat' dir='ltr'>kathedralis.</span> <span class='ocrx_word' id='word_1_206' title='bbox 1387 3445 1450 3493; x_wconf 88' lang='lat' dir='ltr'>Item</span> 
     </span>
     <span class='ocr_line' id='line_1_27' title="bbox 189 3529 1449 3595; baseline 0.006 -21"><span class='ocrx_word' id='word_1_207' title='bbox 189 3529 307 3575; x_wconf 88' lang='lat' dir='ltr'>dominus</span> <span class='ocrx_word' id='word_1_208' title='bbox 327 3529 417 3576; x_wconf 88' lang='lat' dir='ltr'>Petrus</span> <span class='ocrx_word' id='word_1_209' title='bbox 436 3530 630 3579; x_wconf 83' lang='lat' dir='ltr'>archidiaconus</span> <span class='ocrx_word' id='word_1_210' title='bbox 649 3532 681 3579; x_wconf 88' lang='lat' dir='ltr'>de</span> <span class='ocrx_word' id='word_1_211' title='bbox 700 3531 824 3580; x_wconf 80' lang='lat' dir='ltr'>Kemlelr.</span> <span class='ocrx_word' id='word_1_212' title='bbox 845 3533 912 3580; x_wconf 87' lang='lat' dir='ltr'>Item</span> <span class='ocrx_word' id='word_1_213' title='bbox 930 3532 1111 3595; x_wconf 85' lang='lat' dir='ltr'>Sigismundus</span> <span class='ocrx_word' id='word_1_214' title='bbox 1122 3531 1317 3581; x_wconf 80' lang='lat' dir='ltr'>archidiaconus</span> <span class='ocrx_word' id='word_1_215' title='bbox 1331 3533 1449 3582; x_wconf 84' lang='lat' dir='ltr'>Warosd.</span> 
     </span>
     <span class='ocr_line' id='line_1_28' title="bbox 190 3617 1450 3682; baseline 0.005 -20"><span class='ocrx_word' id='word_1_216' title='bbox 190 3617 256 3664; x_wconf 87' lang='lat' dir='ltr'>Item</span> <span class='ocrx_word' id='word_1_217' title='bbox 282 3617 395 3678; x_wconf 89' lang='lat' dir='ltr'>Jacobus</span> <span class='ocrx_word' id='word_1_218' title='bbox 424 3619 455 3665; x_wconf 89' lang='lat' dir='ltr'>de</span> <span class='ocrx_word' id='word_1_219' title='bbox 483 3619 625 3668; x_wconf 88' lang='lat' dir='ltr'>Placencia.</span> <span class='ocrx_word' id='word_1_220' title='bbox 652 3621 766 3682; x_wconf 88' lang='lat' dir='ltr'>Joannes</span> <span class='ocrx_word' id='word_1_221' title='bbox 795 3621 886 3670; x_wconf 82' lang='lat' dir='ltr'>Bexin.</span> <span class='ocrx_word' id='word_1_222' title='bbox 913 3622 981 3669; x_wconf 87' lang='lat' dir='ltr'>Item</span> <span class='ocrx_word' id='word_1_223' title='bbox 1007 3621 1166 3670; x_wconf 84' lang='lat' dir='ltr'>Franciscns.</span> <span class='ocrx_word' id='word_1_224' title='bbox 1194 3621 1262 3669; x_wconf 88' lang='lat' dir='ltr'>Item</span> <span class='ocrx_word' id='word_1_225' title='bbox 1280 3621 1403 3670; x_wconf 83' lang='lat' dir='ltr'>Matheus</span> <span class='ocrx_word' id='word_1_226' title='bbox 1421 3621 1450 3669; x_wconf 83' lang='lat' dir='ltr'>de</span> 
     </span>
     <span class='ocr_line' id='line_1_29' title="bbox 190 3703 1450 3774; baseline 0.005 -23"><span class='ocrx_word' id='word_1_227' title='bbox 190 3703 306 3752; x_wconf 85' lang='lat' dir='ltr'>Kellred.</span> <span class='ocrx_word' id='word_1_228' title='bbox 334 3706 401 3753; x_wconf 90' lang='lat' dir='ltr'>Item</span> <span class='ocrx_word' id='word_1_229' title='bbox 429 3707 542 3755; x_wconf 87' lang='lat' dir='ltr'>Thomas</span> <span class='ocrx_word' id='word_1_230' title='bbox 567 3710 689 3759; x_wconf 87' lang='lat' dir='ltr'>Iwanich.</span> <span class='ocrx_word' id='word_1_231' title='bbox 717 3712 784 3759; x_wconf 93' lang='lat' dir='ltr'>Item</span> <span class='ocrx_word' id='word_1_232' title='bbox 813 3710 943 3758; x_wconf 87' lang='lat' dir='ltr'>Fabianus</span> <span class='ocrx_word' id='word_1_233' title='bbox 971 3709 1003 3757; x_wconf 93' lang='lat' dir='ltr'>de</span> <span class='ocrx_word' id='word_1_234' title='bbox 1031 3709 1150 3774; x_wconf 88' lang='lat' dir='ltr'>Roycha.</span> <span class='ocrx_word' id='word_1_235' title='bbox 1180 3710 1246 3757; x_wconf 89' lang='lat' dir='ltr'>Item</span> <span class='ocrx_word' id='word_1_236' title='bbox 1271 3708 1403 3759; x_wconf 84' lang='lat' dir='ltr'>Steffauus</span> <span class='ocrx_word' id='word_1_237' title='bbox 1421 3710 1450 3758; x_wconf 88' lang='lat' dir='ltr'>de</span> 
     </span>
     <span class='ocr_line' id='line_1_30' title="bbox 190 3794 1450 3859; baseline 0.001 -17"><span class='ocrx_word' id='word_1_238' title='bbox 190 3794 359 3844; x_wconf 86' lang='lat' dir='ltr'>Cherstwecz.</span> <span class='ocrx_word' id='word_1_239' title='bbox 379 3795 444 3842; x_wconf 90' lang='lat' dir='ltr'>Item</span> <span class='ocrx_word' id='word_1_240' title='bbox 461 3796 595 3859; x_wconf 86' lang='lat' dir='ltr'>Johannes</span> <span class='ocrx_word' id='word_1_241' title='bbox 614 3799 645 3846; x_wconf 88' lang='lat' dir='ltr'>de</span> <span class='ocrx_word' id='word_1_242' title='bbox 660 3799 816 3849; x_wconf 86' lang='lat' dir='ltr'>Morowcha.</span> <span class='ocrx_word' id='word_1_243' title='bbox 836 3801 903 3846; x_wconf 90' lang='lat' dir='ltr'>Item</span> <span class='ocrx_word' id='word_1_244' title='bbox 916 3798 1045 3848; x_wconf 85' lang='lat' dir='ltr'>Stellauus</span> <span class='ocrx_word' id='word_1_245' title='bbox 1058 3799 1090 3846; x_wconf 91' lang='lat' dir='ltr'>de</span> <span class='ocrx_word' id='word_1_246' title='bbox 1103 3797 1211 3850; x_wconf 84' lang='lat' dir='ltr'>Visolra.</span> <span class='ocrx_word' id='word_1_247' title='bbox 1231 3794 1334 3845; x_wconf 87' lang='lat' dir='ltr'>Blasius</span> <span class='ocrx_word' id='word_1_248' title='bbox 1349 3798 1450 3846; x_wconf 86' lang='lat' dir='ltr'>Nemes.</span> 
     </span>
     <span class='ocr_line' id='line_1_31' title="bbox 189 3882 1449 3951; baseline 0.001 -21"><span class='ocrx_word' id='word_1_249' title='bbox 189 3884 255 3931; x_wconf 91' lang='lat' dir='ltr'>Item</span> <span class='ocrx_word' id='word_1_250' title='bbox 276 3882 389 3931; x_wconf 89' lang='lat' dir='ltr'>Michael</span> <span class='ocrx_word' id='word_1_251' title='bbox 407 3884 584 3937; x_wconf 84' lang='lat' dir='ltr'>Thussawecz.</span> <span class='ocrx_word' id='word_1_252' title='bbox 610 3889 675 3936; x_wconf 91' lang='lat' dir='ltr'>Item</span> <span class='ocrx_word' id='word_1_253' title='bbox 693 3888 807 3951; x_wconf 89' lang='lat' dir='ltr'>Jacobus</span> <span class='ocrx_word' id='word_1_254' title='bbox 826 3889 858 3935; x_wconf 88' lang='lat' dir='ltr'>de</span> <span class='ocrx_word' id='word_1_255' title='bbox 877 3888 963 3946; x_wconf 86' lang='lat' dir='ltr'>Tiuer,</span> <span class='ocrx_word' id='word_1_256' title='bbox 984 3888 1079 3936; x_wconf 82' lang='lat' dir='ltr'>doctor.</span> <span class='ocrx_word' id='word_1_257' title='bbox 1099 3887 1167 3935; x_wconf 92' lang='lat' dir='ltr'>Item</span> <span class='ocrx_word' id='word_1_258' title='bbox 1185 3884 1306 3934; x_wconf 87' lang='lat' dir='ltr'>Clemens</span> <span class='ocrx_word' id='word_1_259' title='bbox 1325 3887 1358 3935; x_wconf 90' lang='lat' dir='ltr'>‹le</span> <span class='ocrx_word' id='word_1_260' title='bbox 1377 3886 1449 3935; x_wconf 86' lang='lat' dir='ltr'>Gara.</span> 
     </span>
     <span class='ocr_line' id='line_1_32' title="bbox 190 3971 1450 4026; baseline 0.004 -8"><span class='ocrx_word' id='word_1_261' title='bbox 190 3974 256 4020; x_wconf 89' lang='lat' dir='ltr'>Item</span> <span class='ocrx_word' id='word_1_262' title='bbox 274 3971 387 4020; x_wconf 85' lang='lat' dir='ltr'>Thomas</span> <span class='ocrx_word' id='word_1_263' title='bbox 407 3973 487 4025; x_wconf 85' lang='lat' dir='ltr'>Chad.</span> <span class='ocrx_word' id='word_1_264' title='bbox 514 3978 581 4024; x_wconf 88' lang='lat' dir='ltr'>Item</span> <span class='ocrx_word' id='word_1_265' title='bbox 600 3977 727 4024; x_wconf 85' lang='lat' dir='ltr'>Martinus</span> <span class='ocrx_word' id='word_1_266' title='bbox 746 3977 777 4024; x_wconf 88' lang='lat' dir='ltr'>de</span> <span class='ocrx_word' id='word_1_267' title='bbox 798 3978 988 4025; x_wconf 81' lang='lat' dir='ltr'>Martinowecz.</span> <span class='ocrx_word' id='word_1_268' title='bbox 1007 3977 1074 4024; x_wconf 86' lang='lat' dir='ltr'>Item</span> <span class='ocrx_word' id='word_1_269' title='bbox 1093 3973 1207 4023; x_wconf 85' lang='lat' dir='ltr'>Mathias</span> <span class='ocrx_word' id='word_1_270' title='bbox 1225 3974 1369 4026; x_wconf 80' lang='lat' dir='ltr'>Rakonolt.</span> <span class='ocrx_word' id='word_1_271' title='bbox 1388 3976 1450 4024; x_wconf 87' lang='lat' dir='ltr'>Item</span> 
     </span>
     <span class='ocr_line' id='line_1_33' title="bbox 188 4061 1451 4128; baseline 0.003 -21"><span class='ocrx_word' id='word_1_272' title='bbox 188 4061 321 4123; x_wconf 88' lang='lat' dir='ltr'>Johannes</span> <span class='ocrx_word' id='word_1_273' title='bbox 340 4062 372 4109; x_wconf 90' lang='lat' dir='ltr'>de</span> <span class='ocrx_word' id='word_1_274' title='bbox 392 4063 471 4114; x_wconf 87' lang='lat' dir='ltr'>Stain.</span> <span class='ocrx_word' id='word_1_275' title='bbox 492 4066 559 4112; x_wconf 91' lang='lat' dir='ltr'>Item</span> <span class='ocrx_word' id='word_1_276' title='bbox 578 4065 658 4128; x_wconf 85' lang='lat' dir='ltr'>Elyns</span> <span class='ocrx_word' id='word_1_277' title='bbox 678 4066 709 4112; x_wconf 80' lang='lat' dir='ltr'>tle</span> <span class='ocrx_word' id='word_1_278' title='bbox 730 4065 880 4128; x_wconf 82' lang='lat' dir='ltr'>Soploucza‚</span> <span class='ocrx_word' id='word_1_279' title='bbox 900 4067 944 4128; x_wconf 92' lang='lat' dir='ltr'>qui</span> <span class='ocrx_word' id='word_1_280' title='bbox 970 4066 1072 4113; x_wconf 89' lang='lat' dir='ltr'>decreto</span> <span class='ocrx_word' id='word_1_281' title='bbox 1097 4071 1122 4111; x_wconf 90' lang='lat' dir='ltr'>et</span> <span class='ocrx_word' id='word_1_282' title='bbox 1147 4061 1256 4112; x_wconf 87' lang='lat' dir='ltr'>consilio</span> <span class='ocrx_word' id='word_1_283' title='bbox 1281 4065 1412 4113; x_wconf 87' lang='lat' dir='ltr'>consensit</span> <span class='ocrx_word' id='word_1_284' title='bbox 1428 4070 1451 4112; x_wconf 86' lang='lat' dir='ltr'>et</span> 
     </span>
     <span class='ocr_line' id='line_1_34' title="bbox 190 4149 1450 4216; baseline 0.001 -18"><span class='ocrx_word' id='word_1_285' title='bbox 190 4149 305 4198; x_wconf 86' lang='lat' dir='ltr'>interfuit</span> <span class='ocrx_word' id='word_1_286' title='bbox 324 4166 353 4198; x_wconf 86' lang='lat' dir='ltr'>ac</span> <span class='ocrx_word' id='word_1_287' title='bbox 370 4152 471 4214; x_wconf 84' lang='lat' dir='ltr'>juravit,</span> <span class='ocrx_word' id='word_1_288' title='bbox 492 4154 572 4201; x_wconf 88' lang='lat' dir='ltr'>eciam</span> <span class='ocrx_word' id='word_1_289' title='bbox 591 4154 709 4201; x_wconf 89' lang='lat' dir='ltr'>dominus</span> <span class='ocrx_word' id='word_1_290' title='bbox 726 4154 840 4216; x_wconf 87' lang='lat' dir='ltr'>Jacobus</span> <span class='ocrx_word' id='word_1_291' title='bbox 860 4154 1054 4202; x_wconf 87' lang='lat' dir='ltr'>archidiaconus</span> <span class='ocrx_word' id='word_1_292' title='bbox 1079 4150 1241 4215; x_wconf 84' lang='lat' dir='ltr'>goriczeusis,</span> <span class='ocrx_word' id='word_1_293' title='bbox 1266 4150 1328 4200; x_wconf 90' lang='lat' dir='ltr'>licet</span> <span class='ocrx_word' id='word_1_294' title='bbox 1352 4152 1450 4201; x_wconf 83' lang='lat' dir='ltr'>debilis.</span> 
     </span>
    </p>

    <p class='ocr_par' dir='ltr' id='par_1_9' title="bbox 189 4240 1451 4661">
     <span class='ocr_line' id='line_1_35' title="bbox 295 4240 1451 4306; baseline 0.002 -19"><span class='ocrx_word' id='word_1_295' title='bbox 295 4240 330 4287; x_wconf 88' lang='lat' dir='ltr'>Et</span> <span class='ocrx_word' id='word_1_296' title='bbox 359 4241 401 4289; x_wconf 90' lang='lat' dir='ltr'>isti</span> <span class='ocrx_word' id='word_1_297' title='bbox 427 4243 562 4305; x_wconf 90' lang='lat' dir='ltr'>prescripti</span> <span class='ocrx_word' id='word_1_298' title='bbox 586 4242 683 4290; x_wconf 85' lang='lat' dir='ltr'>domini</span> <span class='ocrx_word' id='word_1_299' title='bbox 712 4243 760 4290; x_wconf 92' lang='lat' dir='ltr'>sub</span> <span class='ocrx_word' id='word_1_300' title='bbox 786 4243 930 4306; x_wconf 87' lang='lat' dir='ltr'>juramento</span> <span class='ocrx_word' id='word_1_301' title='bbox 958 4242 1130 4306; x_wconf 88' lang='lat' dir='ltr'>promiserunt</span> <span class='ocrx_word' id='word_1_302' title='bbox 1148 4248 1231 4289; x_wconf 85' lang='lat' dir='ltr'>astare</span> <span class='ocrx_word' id='word_1_303' title='bbox 1251 4246 1277 4288; x_wconf 87' lang='lat' dir='ltr'>et</span> <span class='ocrx_word' id='word_1_304' title='bbox 1292 4240 1379 4305; x_wconf 85' lang='lat' dir='ltr'>jurare</span> <span class='ocrx_word' id='word_1_305' title='bbox 1397 4255 1451 4289; x_wconf 91' lang='lat' dir='ltr'>cum</span> 
     </span>
     <span class='ocr_line' id='line_1_36' title="bbox 190 4323 1451 4395; baseline 0.004 -22"><span class='ocrx_word' id='word_1_306' title='bbox 190 4326 303 4390; x_wconf 89' lang='lat' dir='ltr'>ipsorum</span> <span class='ocrx_word' id='word_1_307' title='bbox 323 4330 447 4392; x_wconf 87' lang='lat' dir='ltr'>personis,</span> <span class='ocrx_word' id='word_1_308' title='bbox 468 4331 543 4377; x_wconf 89' lang='lat' dir='ltr'>rebus</span> <span class='ocrx_word' id='word_1_309' title='bbox 562 4338 586 4377; x_wconf 87' lang='lat' dir='ltr'>et</span> <span class='ocrx_word' id='word_1_310' title='bbox 605 4330 680 4378; x_wconf 92' lang='lat' dir='ltr'>bonis</span> <span class='ocrx_word' id='word_1_311' title='bbox 699 4347 728 4378; x_wconf 85' lang='lat' dir='ltr'>ac</span> <span class='ocrx_word' id='word_1_312' title='bbox 752 4330 850 4378; x_wconf 89' lang='lat' dir='ltr'>honore</span> <span class='ocrx_word' id='word_1_313' title='bbox 875 4333 918 4386; x_wconf 86' lang='lat' dir='ltr'>ita,</span> <span class='ocrx_word' id='word_1_314' title='bbox 938 4331 1007 4392; x_wconf 90' lang='lat' dir='ltr'>quod</span> <span class='ocrx_word' id='word_1_315' title='bbox 1027 4330 1048 4378; x_wconf 90' lang='lat' dir='ltr'>si</span> <span class='ocrx_word' id='word_1_316' title='bbox 1062 4323 1136 4378; x_wconf 84' lang='lat' dir='ltr'>idem</span> <span class='ocrx_word' id='word_1_317' title='bbox 1155 4329 1274 4378; x_wconf 89' lang='lat' dir='ltr'>dominus</span> <span class='ocrx_word' id='word_1_318' title='bbox 1298 4329 1391 4378; x_wconf 90' lang='lat' dir='ltr'>Petrus</span> <span class='ocrx_word' id='word_1_319' title='bbox 1410 4343 1451 4395; x_wconf 85' lang='lat' dir='ltr'>per</span> 
     </span>
     <span class='ocr_line' id='line_1_37' title="bbox 191 4415 1451 4483; baseline 0.002 -20"><span class='ocrx_word' id='word_1_320' title='bbox 191 4415 333 4478; x_wconf 85' lang='lat' dir='ltr'>singulares</span> <span class='ocrx_word' id='word_1_321' title='bbox 352 4433 481 4480; x_wconf 84' lang='lat' dir='ltr'>personas,</span> <span class='ocrx_word' id='word_1_322' title='bbox 501 4419 636 4466; x_wconf 84' lang='lat' dir='ltr'>canonicos</span> <span class='ocrx_word' id='word_1_323' title='bbox 665 4427 812 4483; x_wconf 88' lang='lat' dir='ltr'>prenotatos</span> <span class='ocrx_word' id='word_1_324' title='bbox 837 4419 915 4467; x_wconf 79' lang='lat' dir='ltr'>vellet</span> <span class='ocrx_word' id='word_1_325' title='bbox 941 4419 1123 4480; x_wconf 86' lang='lat' dir='ltr'>quoquomodo</span> <span class='ocrx_word' id='word_1_326' title='bbox 1148 4433 1248 4475; x_wconf 84' lang='lat' dir='ltr'>vexare,</span> <span class='ocrx_word' id='word_1_327' title='bbox 1271 4417 1343 4479; x_wconf 89' lang='lat' dir='ltr'>quod</span> <span class='ocrx_word' id='word_1_328' title='bbox 1367 4431 1451 4467; x_wconf 84' lang='lat' dir='ltr'>omnes</span> 
     </span>
     <span class='ocr_line' id='line_1_38' title="bbox 189 4504 1450 4572; baseline 0.001 -19"><span class='ocrx_word' id='word_1_329' title='bbox 189 4511 309 4553; x_wconf 88' lang='lat' dir='ltr'>tenentur</span> <span class='ocrx_word' id='word_1_330' title='bbox 327 4505 459 4554; x_wconf 82' lang='lat' dir='ltr'>defensare</span> <span class='ocrx_word' id='word_1_331' title='bbox 478 4508 526 4554; x_wconf 86' lang='lat' dir='ltr'>sub</span> <span class='ocrx_word' id='word_1_332' title='bbox 543 4509 687 4570; x_wconf 87' lang='lat' dir='ltr'>juramento</span> <span class='ocrx_word' id='word_1_333' title='bbox 707 4514 849 4572; x_wconf 85' lang='lat' dir='ltr'>prenotato.</span> <span class='ocrx_word' id='word_1_334' title='bbox 869 4515 894 4555; x_wconf 88' lang='lat' dir='ltr'>et</span> <span class='ocrx_word' id='word_1_335' title='bbox 914 4508 935 4556; x_wconf 91' lang='lat' dir='ltr'>si</span> <span class='ocrx_word' id='word_1_336' title='bbox 955 4508 1013 4569; x_wconf 90' lang='lat' dir='ltr'>quis</span> <span class='ocrx_word' id='word_1_337' title='bbox 1037 4523 1070 4555; x_wconf 85' lang='lat' dir='ltr'>ex</span> <span class='ocrx_word' id='word_1_338' title='bbox 1094 4507 1225 4571; x_wconf 84' lang='lat' dir='ltr'>premissis</span> <span class='ocrx_word' id='word_1_339' title='bbox 1250 4507 1358 4568; x_wconf 79' lang='lat' dir='ltr'>(fecerit)</span> <span class='ocrx_word' id='word_1_340' title='bbox 1384 4504 1450 4555; x_wconf 75' lang='lat' dir='ltr'>aliud</span> 
     </span>
     <span class='ocr_line' id='line_1_39' title="bbox 190 4594 1058 4661; baseline 0.005 -20"><span class='ocrx_word' id='word_1_341' title='bbox 190 4595 233 4657; x_wconf 84' lang='lat' dir='ltr'>(et)</span> <span class='ocrx_word' id='word_1_342' title='bbox 252 4594 358 4643; x_wconf 83' lang='lat' dir='ltr'>axilium</span> <span class='ocrx_word' id='word_1_343' title='bbox 378 4596 427 4643; x_wconf 88' lang='lat' dir='ltr'>sibi</span> <span class='ocrx_word' id='word_1_344' title='bbox 447 4597 565 4659; x_wconf 84' lang='lat' dir='ltr'>prebebit</span> <span class='ocrx_word' id='word_1_345' title='bbox 585 4598 691 4645; x_wconf 86' lang='lat' dir='ltr'>eandem</span> <span class='ocrx_word' id='word_1_346' title='bbox 710 4598 921 4661; x_wconf 85' lang='lat' dir='ltr'>dampnacionem</span> <span class='ocrx_word' id='word_1_347' title='bbox 940 4597 1058 4645; x_wconf 87' lang='lat' dir='ltr'>incurrat.</span> 
     </span>
    </p>
   </div>
   <div class='ocr_carea' id='block_1_8' title="bbox 296 4771 1450 4837">
    <p class='ocr_par' dir='ltr' id='par_1_10' title="bbox 296 4771 1450 4837">
     <span class='ocr_line' id='line_1_40' title="bbox 296 4771 1450 4837; baseline 0.001 -16"><span class='ocrx_word' id='word_1_348' title='bbox 296 4773 374 4821; x_wconf 88' lang='lat' dir='ltr'>Liber</span> <span class='ocrx_word' id='word_1_349' title='bbox 394 4772 487 4820; x_wconf 83' lang='lat' dir='ltr'>rubeus</span> <span class='ocrx_word' id='word_1_350' title='bbox 506 4789 562 4823; x_wconf 83' lang='lat' dir='ltr'>ven.</span> <span class='ocrx_word' id='word_1_351' title='bbox 583 4773 667 4837; x_wconf 79' lang='lat' dir='ltr'>Capit,</span> <span class='ocrx_word' id='word_1_352' title='bbox 687 4774 786 4835; x_wconf 81' lang='lat' dir='ltr'>zagrab.</span> <span class='ocrx_word' id='word_1_353' title='bbox 807 4776 838 4822; x_wconf 89' lang='lat' dir='ltr'>Iu</span> <span class='ocrx_word' id='word_1_354' title='bbox 858 4775 953 4825; x_wconf 89' lang='lat' dir='ltr'>archiv.</span> <span class='ocrx_word' id='word_1_355' title='bbox 974 4774 1034 4825; x_wconf 84' lang='lat' dir='ltr'>incl.</span> <span class='ocrx_word' id='word_1_356' title='bbox 1055 4774 1139 4825; x_wconf 83' lang='lat' dir='ltr'>Acad.</span> <span class='ocrx_word' id='word_1_357' title='bbox 1158 4772 1256 4826; x_wconf 86' lang='lat' dir='ltr'>Scient.</span> <span class='ocrx_word' id='word_1_358' title='bbox 1276 4771 1345 4823; x_wconf 81' lang='lat' dir='ltr'>Slav.</span> <span class='ocrx_word' id='word_1_359' title='bbox 1366 4771 1450 4822; x_wconf 70' lang='lat' dir='ltr'>meriti</span> 
     </span>
    </p>
   </div>
   <div class='ocr_carea' id='block_1_9' title="bbox 0 0 1654 5348">
    <p class='ocr_par' dir='ltr' id='par_1_11' title="bbox 0 0 1654 5348">
     <span class='ocr_line' id='line_1_41' title="bbox 0 0 1654 5348; baseline 0 0"><span class='ocrx_word' id='word_1_360' title='bbox 0 0 1654 5348; x_wconf 95' lang='lat' dir='ltr'> </span> 
     </span>
    </p>
   </div>
  </div>
 </body>
</html>
