3278 5348
613 400 685 457 Dor.
710 412 779 476 242.
803 431 845 440 —
870 396 925 454 Are
948 391 1042 473 1465.

768 714 857 780 242.

290 877 372 926 Anno
394 878 468 941 1465,
489 889 530 939 24.
550 875 648 941 aprilis.
667 874 766 927 Budae,

183 1005 327 1073 Mathias,
350 1005 527 1077 Hungan'ae
548 1011 596 1060 etc.
619 1022 682 1071 rex,
705 1001 835 1069 concedit,
859 1008 992 1074 utquam
1015 1017 1034 1054 a
1052 997 1161 1056 civibus
1184 1003 1244 1052 tam
1271 1013 1290 1050 a
1305 992 1428 1060 nobilibus,

183 1110 250 1166 dum
273 1112 383 1178 mount,
412 1118 441 1167 et
468 1108 543 1166 horo
566 1110 677 1178 ultima,
708 1108 782 1165 bona
812 1107 1026 1164 monasterias.
1051 1104 1173 1161 ll't'colai
1200 1098 1265 1160 ord.
1290 1098 1427 1158 Praedica-

696 1222 790 1270 torum
813 1214 948 1286 legentur.

894 1349 1048 1399 Commissio
1067 1349 1170 1413 propria
1190 1347 1289 1396 domini
1307 1344 1377 1408 regis,

291 1466 354 1524 Nos
387 1467 519 1524 Mathias
551 1464 600 1523 dei
630 1465 734 1537 gracia
764 1480 818 1521 rex
851 1462 1017 1535 Hungarie,
1049 1461 1220 1529 Dalmacie,
1244 1459 1367 1517 Croacie
1387 1462 1431 1512 etc.

187 1571 337 1630 Memorie
360 1572 615 1630 commendamus
632 1578 737 1630 tenore
758 1570 950 1643 presencium
966 1568 1172 1641 significantes
1190 1567 1306 1640 quibus
1321 1561 1430 1637 expedit

193 1679 353 1735 universis.
376 1677 468 1750 Quod
492 1693 563 1733 cum
586 1677 632 1734 nil
655 1677 755 1748 magis
778 1675 816 1732 ad
841 1676 958 1747 regiam
983 1675 1135 1747 pertineat
1153 1673 1205 1730 vel
1227 1670 1377 1748 justiciam
1393 1665 1434 1724 rel

192 1784 383 1856 religionem,
408 1800 502 1857 quarn
527 1783 671 1841 ecclesias
694 1781 744 1840 dei
767 1780 945 1838 honorificis
971 1779 1079 1837 dotare
1102 1779 1287 1853 privilegiis,
1303 1778 1346 1834 sic
1367 1773 1435 1832 enin

189 1888 294 1946 divina
318 1889 545 1963 propiciabitur
560 1889 704 1946 maiestas
720 1888 751 1946 in
768 1902 863 1960 quarn
887 1892 1064 1944 sanctorum
1080 1885 1146 1942 eius
1169 1885 1273 1942 omnis
1289 1879 1436 1940 veneracio

184 1995 323 2053 recurrit.
347 1995 443 2067 Igitur
474 2009 529 2052 nos
552 1995 594 2052 ob
618 1994 787 2068 specialem
811 1992 1013 2050 devocionem
1040 1998 1189 2059 nostram,
1214 2005 1310 2064 quarn
1334 1987 1371 2045 ad
1393 1987 1436 2044 be

184 2108 270 2158 atum
303 2101 466 2158 Nicolaum
498 2102 680 2175 episcopum
709 2107 739 2157 et
763 2097 978 2170 confessorem,
1002 2099 1033 2155 in
1057 2098 1143 2155 cuius
1166 2096 1306 2169 glorioso
1327 2093 1438 2152 nomine

185 2208 356 2265 claustrum
386 2206 502 2264 ordinis
533 2205 667 2264 fratrum
689 2204 922 2263 Predicatorum
945 2203 1095 2277 Zagrabie
1120 2201 1288 2260 fundatum
1311 2215 1375 2258 esse
1400 2197 1438 2255 di·

186 2313 333 2382 noscitur,
356 2313 505 2384 cuiusque
535 2312 680 2386 precibus
710 2326 867 2368 successus
897 2316 1018 2368 nostros
1049 2309 1229 2384 prosperari
1258 2323 1296 2366 ac
1325 2313 1387 2366 tam
1413 2305 1439 2363 iu

186 2419 274 2475 terris
298 2432 392 2490 quam
423 2418 550 2475 incelis
574 2419 624 2491 pie
647 2416 802 2475 credimus
825 2416 993 2486 confoveri,
1016 2417 1153 2488 gerimus
1176 2420 1207 2472 et
1229 2410 1439 2484 habemuqin

184 2523 387 2582 sublevamen
419 2523 494 2581 dicti
517 2523 686 2580 monasteri
709 2529 739 2580 et
764 2523 888 2595 collegii
911 2521 1092 2580 eorumdem
1117 2520 1251 2578 fratrum
1275 2520 1308 2578 in
1330 2533 1367 2577 eo
1389 2530 1440 2592 pro

185 2635 327 2703 ternpore
350 2629 543 2701 degencium,
568 2627 607 2685 de
626 2629 756 2702 penuria
779 2628 843 2699 illa,
866 2644 961 2701 quam
985 2630 1016 2686 in
1043 2628 1137 2685 rebus
1160 2627 1387 2700 temporalibus
1407 2620 1441 2681 ad

184 2735 232 2792 sui
256 2735 467 2808 provisionem
491 2745 520 2791 ct
544 2735 800 2792 sustentacionem
824 2734 1003 2791 necessariis
1026 2732 1286 2806 frequentissime,
1309 2739 1343 2790 ut
1365 2744 1441 2789 acoe-

185 2842 298 2915 pimus,
322 2842 494 2914 paciuntur,
517 2840 618 2899 eidem
650 2841 786 2898 claustro
816 2846 845 2897 et
876 2856 933 2913 per
956 2854 1145 2913 consequens
1169 2837 1292 2913 prefato
1316 2837 1442 2910 collegio

184 2947 339 3004 dictorum
371 2947 504 3004 fratrum
535 2948 565 3005 in
596 2946 705 3004 eodem
738 2961 796 3019 pro
828 2952 968 3020 tempore
992 2945 1175 3017 degencium
1197 2944 1230 3002 id
1253 2947 1393 3018 graciose
1414 2947 1441 3000 et

185 3052 223 3109 de
247 3053 439 3125 plenitudine
471 3053 631 3126 potestatis
655 3054 738 3125 regie
761 3052 907 3110 duximus
931 3050 1129 3109 annuendum
1153 3055 1182 3108 et
1207 3049 1444 3117 concedendum,

184 3165 217 3215 ut
241 3173 347 3215 omnes
370 3165 399 3215 et
423 3160 537 3232 singuli
561 3159 683 3216 nobiles
706 3165 758 3216 aut
781 3159 909 3216 alterius
933 3158 1068 3215 cuiusvis
1091 3164 1188 3214 status
1216 3158 1368 3228 homines,
1381 3169 1444 3230 pos·

184 3265 341 3334 sessiones,
375 3265 475 3334 villas,
509 3264 625 3337 predia,
658 3266 771 3335 vincas,
806 3264 916 3321 domos
939 3270 967 3320 et
991 3263 1068 3321 alias
1092 3278 1307 3336 quascumque
1330 3261 1445 3321 heredi·

184 3377 262 3426 tates
287 3376 316 3425 et
338 3367 408 3442 jura
431 3385 539 3427 corum
558 3372 795 3443 possessionaria
813 3369 1107 3444 quomodocumque
1130 3370 1307 3443 appellatas
1323 3376 1353 3426 et
1369 3368 1447 3426 voci·

187 3475 244 3531 tari
275 3473 367 3530 solita
399 3480 461 3530 tam
494 3476 523 3532 in
559 3477 714 3534 territorio
738 3477 871 3534 civitatis
894 3483 997 3533 nostre
1020 3476 1134 3533 montis
1158 3474 1332 3546 Grecensis,
1355 3489 1447 3549 quam

184 3581 260 3636 alias
294 3579 396 3636 ubivis
420 3580 451 3636 in
475 3596 569 3652 regno
593 3589 699 3639 nostro
722 3583 843 3640 habitas
867 3590 895 3639 et
919 3583 1082 3639 existentes
1107 3596 1231 3654 semper
1254 3580 1448 3640 dumvolue·

186 3687 246 3742 rint
271 3685 301 3741 in
326 3685 388 3741 vita
412 3686 528 3743 scilicet
552 3695 581 3744 ct
606 3695 745 3761 ternpore
770 3690 879 3745 mortis
903 3688 1024 3762 prefato
1047 3688 1185 3745 claustro
1208 3693 1239 3744 et
1262 3702 1320 3759 per
1343 3701 1446 3744 conse·

187 3807 283 3863 quens
300 3791 433 3863 collegio
451 3792 676 3850 antedictorum
695 3794 826 3851 fratrum
852 3797 882 3852 in
904 3795 1015 3852 eodem
1033 3809 1090 3867 pro
1108 3799 1249 3867 tempore
1266 3792 1451 3866 degencium

183 3900 213 3956 in
237 3899 436 3956 elemosinam
469 3906 620 3972 perpetuo
643 3901 741 3957 libere
765 3902 913 3971 conferre,
937 3901 1061 3971 donare,
1083 3899 1188 3972 legare
1211 3905 1241 3956 et
1262 3900 1342 3957 alias
1359 3905 1452 3973 prout

183 4008 227 4063 eis
251 4006 407 4064 videbitur
440 4008 558 4075 locare;
582 4007 695 4079 prefati
719 4009 818 4064 eciam
842 4007 951 4065 fratres
976 4005 1153 4064 huiusmodi
1176 4006 1257 4063 bona
1280 4021 1342 4079 pro
1364 4021 1399 4064 se
1423 4013 1454 4064 et

183 4113 266 4170 dicto
303 4113 439 4172 claustro
478 4128 587 4170 eorum
619 4120 728 4184 tenere,
761 4113 927 4187 possidere,
960 4128 996 4169 ac
1029 4113 1101 4183 illis,
1133 4112 1248 4185 quibus
1271 4112 1453 4185 maluerint,

182 4219 316 4278 vendere
347 4228 376 4277 ct
406 4221 510 4277 locare
541 4225 570 4276 et
594 4219 670 4275 alias
695 4217 780 4292 juxta
805 4235 912 4275 eorum
937 4219 1063 4276 libitum
1087 4218 1125 4275 de
1148 4216 1265 4276 eisdem
1289 4233 1352 4292 pro
1368 4219 1455 4278 utili·

183 4332 244 4384 tate
276 4328 403 4384 claustri
434 4333 463 4383 et
495 4324 620 4396 collegii
644 4339 751 4380 corum
777 4324 940 4397 disponere
965 4325 1083 4397 possint
1107 4331 1136 4381 et
1159 4300 1294 4381 valeant
1311 4322 1455 4397 Quibus·

182 4434 309 4508 quidem
340 4435 513 4494 collacioni.
545 4433 707 4490 donacioni
737 4438 789 4488 aut
821 4432 981 4504 legacioni‚
1013 4431 1173 4500 locacioni,
1205 4427 1452 4505 vendicionique

182 4558 219 4600 ex
243 4558 324 4599 nunc
347 4549 440 4614 prout
463 4546 601 4611 extunc,
626 4554 698 4595 cum
719 4539 837 4595 scilicet
861 4538 938 4595 facte
963 4537 1085 4610 fuerint,
1108 4543 1138 4594 et
1154 4542 1267 4594 extunc
1290 4543 1392 4610 prout
1415 4553 1456 4596 ex

181 4666 262 4707 nunc
292 4649 396 4706 animo
427 4646 599 4703 deliberato
622 4652 652 4703 et
681 4661 719 4701 ex
742 4652 825 4702 certa
848 4651 952 4702 nostra
976 4644 1113 4715 sciencia,
1136 4644 1402 4718 prelatorumque
1424 4651 1456 4704 et

182 4757 336 4814 baronum
367 4757 543 4810 nostrorum
575 4752 705 4809 consilio
736 4758 875 4808 nostrum
908 4752 1029 4823 regium
1054 4763 1237 4807 consensum
1261 4749 1457 4821 prebuimus

181 4862 363 4923 benivolum
394 4859 511 4934 pariter
549 4867 579 4919 et
609 4874 776 4930 assensum,
808 4859 906 4915 immo
930 4858 1095 4914 annuimus
1127 4860 1157 4913 et
1179 4853 1387 4916 concedimus
1421 4874 1460 4918 ac
