3278 5348
271 423 328 481 108
704 421 775 477 Duc.
801 416 849 494 85.
879 454 911 463 -
939 420 995 478 An.
1019 428 1109 494 1455.

266 637 356 695 dictis
379 636 487 693 ceteris
510 649 617 691 eorum
652 636 831 694 concivibus
866 653 922 710 per
956 649 1012 692 nos
1040 634 1078 691 de
1112 630 1265 703 condigno
1294 627 1372 704 juris
1402 626 1538 687 remedio

268 742 436 818 provideri.
454 741 542 799 Unde
562 757 633 799 cum
652 749 706 799 nos
722 758 912 817 quemquam
929 741 1158 815 regnicolarum
1175 741 1354 796 nostrorum
1377 750 1438 793 suo
1459 733 1538 810 justo

265 847 333 925 jure
361 848 495 905 indebite
518 846 642 905 destitui
667 849 813 919 nolentes,
838 849 917 906 inter
940 847 1065 906 eosdem
1089 847 1173 904 cives
1194 846 1317 901 nostros
1340 855 1378 899 ac
1400 839 1539 914 prelatos

266 954 445 1013 Ladislaum
469 958 498 1010 et
520 953 692 1035 Juliannem
715 952 866 1029 judicium
890 955 958 1012 fieri
981 962 1011 1010 et
1035 951 1173 1010 debitam
1196 947 1351 1025 justiciam
1369 946 1538 1004 ministrari

268 1062 411 1131 velimus,
435 1061 529 1131 igitur
551 1059 693 1117 fidelitati
718 1066 769 1117 tue
792 1060 924 1119 firmiter
947 1060 1151 1135 precipientes
1175 1055 1370 1125 mandamus,
1388 1058 1539 1127 quatenus

266 1167 380 1224 habitis
405 1159 606 1238 presentibus
631 1165 760 1239 prelatis
791 1166 946 1224 ambabus
978 1166 1120 1240 partibus
1153 1162 1323 1220 simulcum
1354 1159 1538 1218 earumdem

266 1273 417 1330 universis
441 1272 552 1329 litteris
575 1277 604 1329 et
621 1272 809 1330 litteralibus
831 1273 1032 1330 munimentis
1049 1270 1166 1328 iactum
1183 1272 1402 1325 annotatarum
1418 1281 1537 1340 posses·

268 1379 390 1436 sionum
414 1378 609 1448 tangentibus
635 1379 680 1436 tui
703 1380 821 1435 vocatis
844 1386 874 1434 et
896 1378 1051 1436 accersitis
1074 1377 1104 1433 in
1128 1374 1332 1450 presenciam,
1362 1372 1539 1446 auditisque

268 1486 409 1558 ipsarum
445 1486 586 1558 parcium
619 1486 897 1558 proposicionibus,
922 1482 1167 1557 allegacionibus
1196 1488 1226 1538 et
1249 1480 1483 1538 obieceionibus
1504 1493 1538 1535 ac

266 1592 375 1650 revisis
391 1599 421 1648 et
437 1591 601 1662 diligenter
613 1593 793 1648 examinatis
808 1589 986 1648 huiusmodi
1002 1604 1111 1647 eorum
1124 1587 1311 1645 litteralibus
1324 1586 1536 1644 instrumentis

266 1698 344 1753 inter
367 1696 491 1753 easdem
514 1704 619 1770 partes
635 1713 729 1770 super
745 1696 826 1754 lacto
843 1696 1053 1769 predictarum
1070 1694 1300 1767 possessionum
1316 1691 1402 1765 apud
1428 1706 1537 1749 manus

265 1804 402 1877 ipsorum
420 1802 556 1859 Ladislai
571 1809 601 1860 et
617 1803 765 1885 Johunuis
788 1804 978 1875 occupative,
995 1809 1029 1858 ut
1052 1799 1173 1871 dicitur,
1197 1799 1385 1868 habitarum,
1412 1813 1535 1855 merum

264 1907 415 1985 judicium
439 1923 474 1964 ac
499 1907 635 1965 debitam
660 1906 814 1982 justiciam
849 1924 955 1966 recusa
986 1914 1016 1965 et
1047 1905 1298 1965 dissimulacione
1329 1905 1451 1978 absque
1481 1905 1536 1961 ali·

265 2015 360 2089 quali,
383 2015 470 2086 regni
493 2015 589 2070 nostri
613 2014 832 2072 consvetudine
856 2014 989 2072 dictante
1013 2013 1101 2084 adeo,
1126 2021 1158 2071 ut
1183 2026 1241 2086 pro
1268 2009 1392 2068 delectu
1416 2008 1537 2087 justicie

263 2127 372 2178 neutra
394 2122 534 2193 ipsarum
559 2121 699 2192 parcium
724 2128 827 2178 nostre
851 2120 961 2177 exinde
986 2137 1041 2193 per
1064 2119 1202 2192 amplius
1223 2124 1353 2190 cogatur
1375 2117 1535 2191 querulari

266 2227 427 2295 maiestati,
460 2224 561 2282 lacere
590 2231 620 2282 et
654 2225 834 2299 impendere
871 2226 973 2284 modis
997 2226 1143 2282 omnibus
1180 2223 1294 2282 debeas
1329 2227 1360 2282 et
1393 2224 1536 2280 secusia

263 2333 424 2406 premissis
457 2346 520 2388 non
554 2330 701 2390 facturus.
737 2331 853 2389 Datum
896 2333 1020 2390 Posonii
1044 2332 1120 2390 leria
1156 2332 1251 2389 tercia
1286 2332 1433 2406 proxima
1467 2336 1535 2404 post

263 2438 451 2495 dominicam
476 2438 593 2495 Letare.
618 2441 706 2496 Anno
724 2438 841 2496 domini
865 2440 1035 2497 millesimo
1052 2438 1357 2512 quadringentesimo
1381 2437 1536 2495 tricesimo

264 2546 379 2618 quintu.
403 2545 581 2615 Regnorum
605 2552 782 2602 nostrorum
806 2559 885 2602 anno
905 2546 1063 2617 liungarie
1080 2552 1135 2603 etc.
1152 2543 1392 2618 quadragesimo
1416 2552 1537 2602 octavo.

263 2653 474 2709 Romanorum
503 2652 653 2722 vigesimo
681 2653 796 2725 quinto.
831 2651 977 2708 Bohemie
1028 2650 1268 2724 quintodecimo.
1300 2651 1429 2725 Imperii
1461 2655 1536 2708 vero

263 2756 407 2815 secundo.

368 2946 501 3009 Originale
521 2947 547 2994 iu
565 2946 660 3004 charla,
679 2947 707 2996 in
725 2948 838 3011 margine
852 2947 967 2995 inferiori
981 2946 1134 3011 impressum
1148 2946 1262 3011 sigillum
1275 2947 1366 2998 maius.
1386 2949 1419 2996 In
1439 2948 1534 2997 archiv.

263 3034 324 3085 incl.
344 3036 427 3084 Acacl.
447 3037 542 3085 Scient.
563 3036 632 3087 Slav.
652 3037 740 3089 merid.

367 3519 447 3567 Anno
470 3531 543 3582 1435.

319 3663 454 3737 lnjurtize
475 3680 494 3717 a
517 3663 641 3734 cupr'tulu
666 3663 782 3733 currat.
806 3662 914 3719 cr'ru'bus
944 3659 1132 3719 Greccasibus
1155 3662 1265 3730 illutue,
1291 3662 1472 3735 reseruntur.

367 3823 453 3892 ltem,
478 3823 508 3879 in
533 3825 666 3896 presenti
690 3825 821 3895 registro
843 3830 990 3882 notantur
1012 3830 1041 3882 et
1065 3825 1261 3883 continentur
1291 3824 1390 3882 multe
1421 3826 1533 3885 iniurie

261 3936 292 3987 et
314 3930 487 4002 obprobria
511 3946 546 3988 ac
569 3929 705 4004 dampna
728 3936 757 3988 et
780 3937 973 4001 nocumenta,
999 3947 1138 4004 quasque
1170 3930 1370 3989 honorabiles
1394 3932 1456 3990 viri
1479 3932 1533 3990 do·

262 4037 338 4093 mini
361 4036 400 4094 de
423 4036 561 4109 capitulo
581 4038 708 4095 ecclesie
731 4039 938 4109 zagrabiensis
962 4039 993 4095 in
1016 4053 1095 4095 anno
1120 4037 1239 4096 domini
1262 4036 1433 4096 millesimo
1456 4054 1532 4113 qua·

261 4141 502 4211 dringentesimo
531 4143 620 4199 XXX
652 4144 768 4216 quinto,
801 4160 882 4201 nunc
913 4145 1056 4218 presenti,
1088 4150 1160 4218 post
1190 4158 1347 4201 recessum
1371 4144 1531 4217 magnifici

258 4247 378 4307 domini
400 4247 574 4306 Mathkonis
598 4249 636 4307 de
660 4250 838 4308 Thallovvcz
862 4258 917 4309 etc.
941 4252 1158 4323 gubernatoris
1181 4252 1339 4324 prioratus
1358 4251 1484 4309 Aurane
1501 4257 1531 4310 et

260 4355 457 4429 episcopatus
487 4356 695 4427 zagrabiensis
726 4373 761 4415 ac
792 4359 925 4416 civitatis
954 4359 1068 4416 montis
1091 4357 1277 4416 Grechensis
1300 4356 1340 4415 de
1362 4357 1450 4416 iuxta
1476 4357 1532 4416 Za·

259 4461 411 4534 grabiam,
435 4476 491 4534 per
514 4463 647 4520 eundem
671 4464 832 4523 dominum
857 4462 1055 4522 Mathlronem
1087 4466 1169 4522 circa
1192 4464 1425 4523 serenissimum
1445 4465 1531 4540 prin·
1594 4440 1598 4449 ’

260 4567 361 4640 cipum
385 4565 548 4625 dominum
580 4568 822 4642 sigismundum,
846 4570 897 4629 dei
927 4572 1031 4643 gracia
1062 4570 1274 4630 Romanorum
1304 4572 1529 4645 imperatorem

260 4678 315 4730 etc.
348 4671 463 4731 factum
495 4674 605 4732 diebus
628 4675 841 4750 infrascriptis,
873 4693 968 4751 super
990 4678 1081 4748 cives,
1107 4678 1225 4735 incolas
1248 4682 1279 4737 et
1300 4676 1524 4736 inhabitatores

260 4777 340 4837 dicte
370 4780 503 4838 civitatis
539 4783 653 4839 montis
687 4780 870 4841 Grechensis
904 4788 1011 4842 contra
1046 4784 1201 4855 mandata,
1233 4781 1465 4858 prohibiciones
1500 4788 1530 4842 et

258 4885 451 4961 obligamina
473 4889 572 4963 ipsius
595 4887 715 4948 domini
738 4888 912 4948 Mathlronis
936 4890 1107 4950 literatoria
1138 4892 1219 4950 inter
1241 4889 1369 4950 eosdem
1391 4889 1529 4969 civesget
