3256 5346
271 457 334 519 450
689 438 764 497 Doc.
780 433 859 515 346.
884 471 925 481 -
950 431 1119 515 An.1487.

269 662 367 715 strum
391 655 563 738 Johannem
587 653 734 726 Posegay,
750 653 940 726 legittimum
963 657 1199 728 procuratorem
1216 653 1292 713 dicti
1309 654 1433 716 domini
1447 657 1541 715 nostri

269 763 359 835 regis,
384 763 414 820 in
437 775 569 835 persona
592 758 730 818 eiusdem
754 760 900 833 congruis
924 759 1035 818 diebus
1058 760 1199 834 ipsarum
1222 768 1411 820 octavarum
1436 777 1538 821 eoram

270 868 353 927 dicto
376 868 503 928 domino
527 867 676 924 Michaele
705 866 846 941 palatino
869 873 1076 940 expectatum,
1108 866 1139 925 in
1169 868 1369 940 presenciam
1402 868 1540 927 eiusdem

270 989 332 1032 non
355 975 489 1032 venisset
510 988 611 1047 neque
634 973 776 1044 misisset,
799 988 832 1031 se
855 970 1066 1030 mediantibus
1089 973 1160 1031 aliis
1184 972 1299 1032 litteris
1319 974 1465 1034 eiusdem
1488 974 1540 1033 do·

271 1081 348 1138 mini
371 1081 530 1138 Michaelis
554 1079 684 1153 palatini
705 1078 906 1155 ,iudicialibus
929 1078 1041 1137 exinde
1063 1078 1211 1138 confectis
1235 1081 1266 1138 in
1288 1079 1412 1156 judicio
1435 1096 1539 1155 aggra-

271 1187 339 1244 vari
362 1188 584 1261 permittentes,
608 1185 770 1259 postulans
799 1183 939 1259 prefatus
971 1191 1155 1259 procurator
1185 1184 1260 1244 dicti
1290 1185 1417 1246 domini
1446 1187 1540 1247 nostri

270 1293 351 1366 regis
374 1293 405 1350 in
428 1307 562 1365 persona
586 1290 735 1363 eiusdem,
751 1290 853 1349 eidem
876 1297 1025 1365 exparte
1047 1292 1212 1350 memorati
1227 1293 1258 1349 in
1273 1307 1407 1351 causam
1422 1293 1540 1353 attracti

270 1414 326 1474 per
349 1400 453 1473 ipsum
474 1397 606 1456 condam
631 1396 792 1455 dominum
817 1397 1002 1456 Michaelem
1026 1397 1198 1472 palatinum
1221 1398 1255 1456 in
1277 1399 1443 1473 premissis
1465 1397 1539 1475 juris

269 1507 439 1579 equitatem
463 1505 607 1578 elargiri;
630 1511 660 1562 et
683 1505 757 1578 quia
780 1504 863 1563 idern
888 1504 1061 1579 capitulum
1093 1505 1133 1563 ad
1158 1505 1313 1579 premissa
1335 1507 1466 1565 evocari
1489 1505 1538 1564 de·

269 1613 388 1683 buerat‚
406 1626 464 1686 pro
480 1628 517 1670 eo
535 1611 708 1685 prelibatus
724 1609 857 1668 condam
873 1610 1018 1668 dominus
1034 1611 1167 1669 Michael
1184 1611 1342 1684 palatinus
1365 1612 1539 1671 amiciciam

268 1719 398 1793 capituli
421 1718 549 1777 ecclesie
580 1718 769 1776 chasmensis
800 1717 981 1775 litteratorie
1013 1719 1146 1791 pecierat
1178 1716 1354 1791 diligenter,
1386 1724 1536 1792 quatenus

267 1826 409 1899 ipsorum
431 1825 567 1882 mitteret
590 1824 749 1883 hominem
774 1838 833 1898 pro
855 1824 1033 1882 testimonio
1056 1822 1260 1897 fidedignum,
1286 1839 1352 1897 quo
1384 1830 1534 1899 presente,

268 1933 362 1990 homo
374 1947 447 1989 suus
460 1932 646 2007 palatinalis,
664 1930 744 1989 inira
757 1930 970 2002 declarandus,
987 1935 1195 1989 memoratum
1212 1930 1389 2004 capitulum
1409 1932 1536 1991 ecclesie

267 2038 475 2111 zagrabiensis
498 2038 686 2112 prescriptas
709 2038 829 2096 litteras
852 2042 883 2095 et
913 2037 1062 2095 litteralia
1093 2053 1148 2095 sua
1178 2038 1386 2096 instrumenta
1415 2038 1536 2097 exhibi-

268 2150 373 2203 turum
397 2144 492 2202 aede
514 2142 630 2221 judicio
653 2145 748 2202 trium
770 2158 948 2203 marcarum
979 2143 1080 2202 eidem
1111 2143 1237 2202 domino
1271 2144 1421 2203 Michaeli
1449 2144 1535 2219 pala·

267 2252 331 2309 tino
355 2263 385 2309 et
408 2252 490 2324 parti
512 2251 642 2310 adverse
658 2250 889 2309 satisfacturum
904 2255 1011 2309 contra
1025 2251 1196 2309 antelatum
1212 2249 1377 2309 dominum
1392 2259 1534 2310 nostrum

266 2373 373 2430 regem
396 2357 437 2414 ad
461 2364 585 2415 octavas
608 2357 679 2416 festi
701 2359 785 2416 beati
799 2357 959 2416 Michaelis
983 2357 1170 2431 archangeli,
1193 2362 1267 2415 tunc
1283 2364 1441 2429 venturas,
1457 2358 1533 2416 eius·

267 2461 339 2520 dem
370 2462 501 2521 condam
534 2462 653 2521 domini
683 2463 842 2522 Michaelis
873 2463 1005 2539 palatini
1035 2469 1178 2522 evocaret
1206 2463 1237 2521 in
1268 2464 1475 2537 presenciam,
1504 2469 1533 2523 et

266 2575 337 2643 post
367 2570 425 2628 hec
455 2570 553 2643 ipsius
584 2570 777 2629 evocacionis
807 2571 920 2628 seriem
950 2586 1021 2628 cum
1052 2570 1177 2628 nomine
1200 2571 1321 2629 evocati
1345 2578 1473 2629 octavas
1493 2569 1530 2627 ad

267 2675 421 2749 predictas
444 2675 545 2734 eidern
569 2676 697 2734 domino
721 2676 865 2734 Michaeli
888 2676 1027 2751 palatino
1051 2675 1259 2735 amicabiliter
1280 2676 1469 2735 rescriberet
1484 2690 1532 2735 ca·

264 2781 400 2857 pitulnm
423 2782 551 2841 ecclesie
574 2782 763 2841 chasmensis
788 2789 992 2857 prenotatum.
1017 2785 1044 2840 Α
1068 2781 1446 2856 quibusquidemoctavis
1463 2781 1530 2841 festi

266 2888 349 2946 beati
372 2890 532 2947 Michaelis
552 2889 732 2962 archangeli
760 2890 934 2964 prescripta
965 2889 1209 2948 instrumentalis
1240 2888 1398 2948 exhibicio
1428 2894 1530 2964 partes

264 2994 344 3052 inter
367 2995 491 3053 easdem
523 2996 662 3053 seriebus
692 2995 867 3054 litterarum
896 2995 1035 3054 eiusdem
1066 2996 1185 3054 domini
1216 2995 1378 3054 Michaelis
1401 2996 1530 3070 palatini

262 3102 478 3175 prorogatorie
509 3102 701 3160 ventillanda
735 3101 774 3159 ad
810 3108 935 3160 octavas
969 3102 1040 3160 festi
1069 3103 1316 3177 Epiphaniarum
1348 3102 1470 3161 domini
1500 3104 1529 3160 in

262 3219 342 3263 anno
365 3207 505 3264 eiusdem
529 3208 698 3265 millesimo
730 3207 1035 3280 quadringentesimo
1065 3208 1277 3281 octuagesimo
1300 3207 1439 3267 secundo
1463 3224 1528 3283 pre·

262 3313 345 3371 teriti
367 3312 556 3385 deveniente,
588 3313 769 3386 eisdemque
800 3314 995 3386 instantibus,
1026 3312 1164 3388 prefatus
1194 3314 1345 3387 magister
1374 3314 1528 3397 Johannes

262 3418 401 3491 Posegay
418 3419 553 3477 director
569 3435 733 3477 causarum
750 3419 823 3477 dicti
848 3420 966 3477 domini
981 3420 1078 3478 nostri
1094 3421 1175 3493 regis
1198 3435 1256 3494 pro
1272 3420 1385 3480 eodem
1402 3420 1527 3480 domino

259 3531 366 3582 nostro
389 3541 462 3598 rege
487 3525 624 3584 eiusdem
650 3524 782 3583 condam
807 3527 925 3584 domini
948 3526 1108 3584 Michaelis
1131 3528 1232 3600 Orzag
1253 3527 1387 3601 palatini
1402 3530 1526 3587 veniens

258 3630 290 3688 in
312 3633 514 3705 presenciam,
539 3633 659 3689 litteras
683 3634 815 3706 pretacti
838 3632 966 3706 capituli
990 3632 1118 3691 ecclesie
1142 3634 1333 3692 chasmensis
1349 3650 1446 3709 super
1460 3636 1525 3709 ipsa

258 3739 441 3796 evocacione
466 3740 627 3796 relatorias
651 3738 753 3795 eidem
777 3738 903 3796 domino
926 3739 1071 3796 Michaeli
1095 3739 1233 3813 palatino
1254 3748 1473 3813 presentasset,
1495 3741 1524 3799 in

258 3844 372 3915 quibus
397 3862 452 3918 per
476 3846 608 3902 Paulum
624 3847 648 3901 F
650 3846 783 3918 ynthycz
799 3845 837 3902 de
854 3845 950 3903 Zenth
966 3847 1051 3903 iwan
1074 3845 1212 3904 eiusdem
1229 3846 1349 3906 domini
1366 3849 1524 3907 Michaelis

257 3949 387 4020 palatini
411 3966 446 4007 ac
469 3951 637 4010 discretum
661 3951 859 4009 Benedictum
885 3953 1095 4026 presbiterum
1127 3959 1280 4011 rectorem
1311 3955 1420 4013 altaris
1443 3955 1523 4013 beati

256 4052 382 4127 Georgii
406 4059 542 4114 martiris
566 4058 647 4115 dicte
671 4059 799 4115 ecclesie
822 4059 1012 4116 chasmensis
1035 4059 1289 4132 prebendarium,
1312 4060 1455 4119 eiusdem
1476 4075 1523 4118 ca·

253 4158 347 4230 pituli
369 4160 567 4234 ehamensis,
591 4165 741 4234 homines,
767 4163 842 4221 seria
867 4173 986 4237 quarta,
1010 4165 1128 4223 scilicet
1148 4165 1180 4223 in
1206 4165 1283 4224 festo
1316 4165 1523 4226 decolacionis

253 4263 338 4322 beati
360 4266 509 4347 Johannis
534 4268 678 4341 baptiste,
703 4278 774 4327 tunc
797 4271 941 4343 proxime
965 4272 1123 4343 preterito,
1156 4270 1315 4345 prefatum
1347 4274 1522 4347 capitulum

254 4370 382 4428 ecclesie
399 4373 606 4443 zagrabiensis
623 4376 653 4432 in
669 4377 863 4448 possessione
880 4377 1018 4450 ipsorum
1038 4376 1190 4450 Popowcz
1205 4382 1317 4435 vocata
1334 4395 1392 4453 per
1408 4380 1522 4438 Franci

252 4473 386 4533 Gerdew
416 4477 541 4549 dictum,
573 4477 771 4554 jobagionem
804 4481 944 4539 eiusdem
974 4485 1005 4540 in
1030 4483 1139 4541 eadem
1170 4492 1429 4558 commorantem,
1453 4500 1521 4561 pre·

250 4581 381 4655 scriptas
405 4584 524 4641 litteras
548 4593 578 4642 et
601 4586 747 4644 litteralia
770 4603 825 4644 sua
849 4589 1056 4647 instrumenta
1078 4590 1292 4648 exhibiturum
1316 4605 1353 4649 ac
1376 4591 1416 4650 de
1439 4591 1521 4650 dicto

248 4683 364 4761 judicio
388 4691 484 4747 trium
507 4707 687 4749 marcarum
710 4694 867 4766 prelibato
892 4693 1019 4753 domino
1043 4697 1189 4754 Michaeli
1220 4696 1362 4770 palatino
1385 4703 1416 4755 et
1440 4696 1521 4771 parti

247 4793 376 4852 adverte
409 4797 642 4856 satisfacturum
673 4807 782 4856 contra
813 4809 1023 4859 memoratum
1055 4801 1217 4861 dominum
1248 4808 1392 4861 nostrum
1413 4818 1522 4878 regem

247 4899 287 4956 ad
309 4903 465 4975 predictas
489 4913 614 4962 octavas
639 4904 709 4964 festi
734 4907 816 4964 beati
840 4908 1001 4966 Michaelis
1024 4910 1205 4983 archangeli
1235 4907 1377 4970 eiusdem
1401 4910 1528 4971 domini·
