3278 5348
606 400 678 458 Doe.
697 414 772 476 333.
794 431 838 441 -
860 398 917 456 Ar.
940 393 1033 475 1483,

289 969 370 1016 Anno
391 968 465 1030 1483,
486 979 510 1026 9.
529 967 598 1018 maii.
617 967 714 1018 Budae.

183 1110 328 1180 Mothias,
353 1111 529 1184 Hungorioe
551 1117 598 1168 ete.
622 1128 685 1180 rex,
707 1110 835 1167 omm'bus
856 1109 1003 1176 nobilibus,
1026 1110 1079 1183 qui
1098 1109 1128 1165 irr
1145 1107 1369 1182 possessionibus
1391 1108 1451 1165 suis

182 1234 292 1291 tributa
315 1241 416 1305 terrent,
440 1233 589 1291 identidem
617 1234 768 1307 praecipit,
790 1241 823 1291 ut
843 1252 863 1290 o
884 1233 1087 1291 mercatoribus
1109 1231 1342 1306 zograbiensibus
1365 1231 1447 1289 uecti-

621 1358 709 1437 galia
732 1358 845 1431 exigere
866 1357 1011 1414 desr'starrt.

893 1548 1046 1596 Commissio
1065 1547 1168 1612 propria
1187 1546 1284 1595 domini
1302 1546 1378 1609 regis.

292 1679 423 1735 Mathias
445 1676 493 1734 dei
518 1677 621 1748 gracia
645 1692 699 1734 rex
724 1677 889 1748 Hungarie‚
914 1675 1059 1734 Bohemie
1081 1680 1136 1734 etc.
1159 1674 1319 1733 Fidelibus
1335 1676 1448 1734 nostris

185 1783 340 1841 universis
369 1791 400 1841 et
434 1782 564 1854 singulis
598 1782 757 1839 nobilibus
790 1786 820 1839 et
853 1782 980 1839 alterius
1012 1781 1148 1839 cuiusvis
1172 1786 1269 1839 status
1290 1787 1320 1839 et
1344 1781 1448 1842 condi-

183 1890 285 1948 cionis
308 1888 487 1965 hominibus
511 1887 614 1944 ubivis
638 1903 695 1960 per
717 1902 811 1959 regna
835 1897 940 1944 nostra
963 1887 1131 1960 Hungarie‚
1147 1885 1313 1945 Sclauonie
1329 1893 1359 1945 et
1375 1886 1450 1946 Cro·

187 1996 254 2053 acie
278 1995 394 2052 tributa
416 1993 611 2064 habentibus,
636 1993 809 2050 tenentibus
840 2010 893 2051 seu
921 1994 1124 2067 exigentibus,
1148 1999 1305 2068 presentes
1328 1993 1450 2065 visuris,

183 2104 316 2161 salutem
341 2108 370 2159 et
386 2101 532 2174 graciam.
552 2099 632 2157 Cum
649 2099 758 2157 fideles
773 2102 870 2159 nostri
887 2101 1054 2174 prudentes
1069 2107 1099 2158 et
1117 2101 1334 2175 circumspecti
1349 2097 1451 2175 judex,

182 2207 285 2285 jurati,
307 2208 462 2280 ceterique
485 2207 568 2264 cives
591 2212 621 2263 et
645 2206 744 2264 incole
768 2207 900 2265 civitatis
931 2213 1034 2265 nostre
1065 2207 1179 2265 montis
1210 2206 1374 2265 Grecensis
1396 2221 1450 2264 an·

183 2315 271 2388 tiqua
294 2314 447 2372 libertatis
471 2313 611 2384 ipsorum
635 2312 834 2385 prerogativa
858 2313 1033 2386 requirente
1056 2314 1097 2370 ab
1121 2313 1205 2371 omni
1221 2312 1384 2370 tributaria
1400 2326 1449 2370 so·

183 2423 305 2480 lucione
328 2420 462 2477 ubilibet
485 2434 541 2491 per
564 2418 717 2475 ambitum
742 2417 896 2476 dictorum
920 2434 1088 2492 regnorum
1112 2422 1291 2477 nostrorum
1307 2418 1444 2491 exempti

183 2529 243 2585 sint
267 2535 297 2584 et
320 2525 496 2600 supportati
518 2525 711 2594 habeantur;
741 2525 937 2599 velimusque
962 2525 1088 2584 eosdem
1110 2531 1141 2584 et
1170 2525 1312 2600 ipsorum
1344 2539 1451 2597 quem-

184 2634 261 2692 libet
283 2633 400 2704 ubique
421 2646 476 2705 per
498 2632 566 2704 ipsa
590 2645 685 2703 regna
708 2636 822 2702 nostra,
840 2636 1005 2705 partesque
1020 2631 1160 2690 eiusdem
1176 2636 1205 2689 et
1228 2646 1315 2688 sacre
1338 2645 1451 2689 corone

183 2740 347 2806 subiectas,
363 2753 457 2812 penes
480 2736 662 2795 huiusmodi
685 2737 825 2811 ipsorum
848 2739 1002 2796 libertatis
1026 2739 1152 2797 omnino
1176 2742 1258 2795 tutos
1281 2752 1356 2807 esse,
1372 2736 1451 2794 libe·

184 2860 297 2918 rosque
320 2851 349 2902 et
373 2858 503 2901 securos.
527 2842 683 2900 Fidelitati
706 2842 800 2914 igitur
825 2850 926 2901 vestre
957 2852 987 2901 et
1011 2844 1138 2901 cuilibet
1172 2849 1311 2901 vestrum
1334 2844 1446 2900 barum

184 2954 262 3010 serie
294 2950 426 3008 firmiter
458 2950 664 3024 precipientes
695 2949 888 3022 mandamus,
918 2957 1069 3023 quatenus
1103 2949 1217 3007 amodo
1240 2947 1378 3022 prefatos
1401 2946 1448 3024 ju·

185 3057 293 3129 dicem,
317 3057 408 3127 cives,
432 3056 548 3114 incolas
572 3061 601 3112 et
626 3064 812 3113 mercatores
835 3055 915 3114 dicte
945 3057 1078 3114 civitatis
1109 3061 1212 3113 nostre
1235 3054 1348 3112 montis
1372 3052 1448 3113 Gre-

184 3166 282 3221 eensis
316 3162 355 3219 ad
386 3161 576 3219 solucionem
609 3159 820 3234 predictorum
850 3162 1039 3219 tributorum
1071 3176 1124 3218 seu
1149 3160 1371 3219 thelloniorum
1395 3176 1447 3218 ve·

185 3278 320 3327 strorum
344 3277 450 3326 contra
473 3267 608 3325 formam
640 3267 791 3341 premisse
822 3268 963 3340 ipsorum
993 3267 1146 3325 libertatis
1177 3276 1206 3323 et
1237 3266 1447 3340 exempcionis

184 3384 284 3433 artare
307 3384 337 3433 et
360 3374 557 3448 compellere,
582 3378 635 3430 aut
659 3388 719 3444 eos,
744 3372 795 3430 vel
817 3374 958 3446 ipsorum
981 3373 1124 3444 alterum,
1141 3377 1306 3447 propterea
1330 3373 1361 3430 in
1377 3388 1445 3446 per·

184 3483 276 3553 sonis,
299 3482 455 3554 rebusque
478 3485 531 3537 aut
556 3479 719 3552 quibusvis
743 3479 831 3537 bonis
855 3478 1038 3537 eorumdem
1063 3478 1223 3553 impedire,
1246 3479 1373 3535 turbare
1397 3478 1449 3536 vel
1510 3508 1513 3515 .

185 3586 405 3661 quoquomodo
436 3585 659 3660 dampnifieare
693 3601 848 3658 nusquam
883 3593 913 3644 et
943 3601 1139 3660 nequaquam
1175 3586 1361 3659 presumatis
1393 3600 1449 3643 nec

184 3694 251 3752 sitis
285 3694 352 3751 ausi
387 3692 481 3751 modo
515 3692 654 3765 aliquali.
689 3691 845 3765 Quoniam
880 3693 1020 3766 alioquin
1054 3693 1267 3750 commisimus
1300 3690 1448 3749 fidelibus

184 3800 297 3858 nostris
321 3799 409 3856 banis
431 3799 483 3856 vel
507 3798 665 3856 vicebanis
687 3797 870 3856 eorumdem
893 3813 1060 3871 regnorum
1084 3803 1263 3856 nostrorum
1284 3794 1448 3854 Sclauonie

186 3911 216 3964 et
240 3904 376 3978 Croacie,
407 3905 576 3979 ceterisque
609 3904 776 3963 comitibus
799 3905 850 3962 vel
875 3904 1108 3962 vicecomitibus
1131 3909 1161 3960 et
1183 3895 1339 3977 judicibus
1361 3902 1449 3959 nobi·

187 4012 266 4069 lium
289 4026 559 4084 quorumcumque
583 4011 786 4069 comitatuum
810 4010 992 4068 eorumdem
1017 4014 1047 4067 et
1069 4007 1201 4081 predicti
1231 4007 1318 4080 regni
1349 4007 1447 4064 nostri

184 4117 343 4189 Hungarie
367 4117 569 4189 parciumque
593 4117 653 4173 sibi
675 4117 894 4188 subiectarum,
919 4117 949 4173 in
973 4116 1087 4188 quibus
1110 4113 1226 4171 scilicet
1250 4114 1341 4171 huius
1364 4128 1452 4170 man·

184 4222 247 4281 dati
271 4223 369 4281 nostri
399 4239 455 4296 per
486 4223 667 4296 quempiam
691 4238 728 4279 ex
758 4223 850 4281 vobis
874 4223 1064 4281 contrarium
1086 4224 1297 4291 attentaretur,
1321 4225 1351 4277 et
1375 4235 1442 4293 pre·

184 4330 322 4389 sentibus
345 4329 467 4387 firmius
491 4328 683 4400 mandamus,
707 4333 742 4386 ut
764 4329 825 4402 ipsi
849 4330 1026 4402 tributaque
1050 4333 1078 4385 et
1104 4327 1252 4385 thellonia
1277 4327 1307 4383 in
1331 4326 1445 4398 quibus

185 4436 276 4494 huius
300 4437 489 4494 contrarium
520 4435 616 4506 fieret,
642 4451 699 4509 pro
722 4437 880 4493 maiestate
904 4441 1008 4492 nostra
1032 4449 1185 4507 occupare
1209 4438 1238 4491 et
1261 4431 1381 4490 tamdiu
1404 4437 1447 4489 te·

184 4558 256 4601 nere
280 4541 421 4612 debeant,
446 4541 543 4599 donec
567 4556 584 4598 a
607 4542 697 4599 nobis
720 4541 806 4600 aliud
830 4542 1004 4615 acceperint
1029 4542 1059 4598 in
1083 4539 1252 4610 mandatis;
1276 4544 1306 4596 et
1321 4539 1378 4596 hec
1394 4552 1448 4595 vo·

183 4649 289 4706 lumus
313 4649 410 4706 eciam
434 4663 490 4721 per
514 4646 634 4705 futuros
653 4649 758 4720 banos,
775 4648 950 4718 visebanos‚
974 4647 1163 4718 comitesque
1180 4645 1231 4703 vel
1247 4644 1445 4704 vicecomites

183 4770 218 4813 ac
240 4754 357 4831 judices
388 4755 542 4812 nobilium
572 4753 753 4812 eorumdem
786 4769 955 4826 regnorum
985 4759 1163 4811 nostrorum
1187 4757 1217 4810 et
1241 4751 1445 4808 comitatuum

183 4860 315 4920 firmiter
337 4862 505 4920 observari.
528 4859 623 4919 Secus
646 4861 739 4934 igitur
762 4873 824 4918 non
855 4859 974 4919 facturi.
996 4859 1194 4917 Presentibus
1217 4857 1372 4931 perlectis,
1395 4871 1447 4912 ex·
