3278 5348
220 434 276 492 182
471 386 474 393 Ι
628 431 701 488 Doc.
727 444 795 504 129.
822 463 859 473 -
885 430 941 488 An.
965 442 1057 506 1439.

213 655 316 706 tarum
339 644 521 720 injuriarum
545 651 652 704 contra
675 646 854 719 quempiam
879 645 957 703 adeo
980 643 1154 714 extendere,
1184 653 1220 702 ut
1243 645 1356 704 exinde
1376 654 1476 705 nostre

213 753 297 826 regie
319 750 503 822 auctoritati,
539 765 557 806 a
591 766 652 823 qua
675 752 888 824 unusquisque
922 749 1042 826 justicie
1076 756 1179 825 potest
1212 752 1475 826 complementum

213 859 345 932 assequi,
378 856 584 932 preiudicium
608 864 639 915 et
672 858 999 931 contemptibilitatem
1034 857 1204 929 contigeret
1237 859 1390 931 generari
1413 859 1477 932 Qua

214 966 252 1024 de
275 981 308 1024 re
329 981 396 1035 nos,
419 965 473 1037 qui
496 979 591 1037 super
614 963 760 1021 omnibus
783 964 998 1036 questionibus
1020 979 1060 1021 er
1083 969 1172 1038 parte
1196 965 1326 1023 antelati
1346 965 1477 1040 capituli

212 1072 305 1130 vobis
327 1069 481 1146 J'usticiam
504 1070 568 1127 suis
591 1071 662 1127 loco
678 1075 708 1126 et
727 1076 868 1144 tempore
884 1070 985 1142 parati
1008 1084 1116 1127 sumus
1139 1070 1308 1141 ministare,
1331 1071 1477 1129 volumus

213 1184 243 1237 et
265 1177 410 1236 fidelitati
433 1182 534 1234 vestre
558 1176 767 1234 universitatis
791 1180 821 1234 et
843 1176 973 1235 cuilibet
988 1181 1128 1234 vestrum
1144 1175 1203 1234 sub
1224 1177 1315 1251 penis
1338 1177 1474 1252 capitum

213 1291 243 1344 et
276 1285 485 1342 ammissionis
519 1285 660 1341 omnium
696 1298 802 1341 rerum
827 1289 856 1341 et
890 1284 1046 1341 bonorum
1080 1287 1259 1341 vestrorum
1296 1282 1478 1341 firmissimo

212 1398 319 1450 nostro
341 1390 428 1463 regio
450 1392 510 1448 sub
533 1390 634 1448 edicto
665 1406 703 1448 ex
726 1396 810 1448 certa
843 1391 974 1448 sciencia
1010 1390 1201 1464 precipimus
1231 1396 1262 1447 et
1285 1389 1479 1459 mandamus,

214 1503 365 1572 quatenus
387 1497 494 1554 nullus
529 1498 655 1554 omnino
690 1503 830 1554 vestrum
866 1496 977 1569 quavis
1013 1495 1173 1553 occasione
1203 1494 1315 1552 ductus
1338 1501 1479 1569 pretextu

215 1619 483 1678 quarumcumque
507 1602 701 1677 injuriarum,
724 1604 750 1660 si
774 1618 834 1676 que
857 1602 986 1661 forsitan
1017 1618 1074 1676 per
1104 1603 1276 1660 antelatum
1306 1602 1480 1674 capitulum

213 1711 304 1768 vobis
327 1710 379 1767 vel
403 1710 562 1782 aliquibus
586 1725 623 1767 er
648 1710 739 1767 vobis
761 1709 849 1766 illate
872 1715 943 1766 sunt
964 1716 1017 1766 aut
1048 1706 1226 1778 inferentur,
1259 1711 1367 1765 contra
1399 1707 1479 1765 idem

215 1817 388 1890 capitulum
411 1815 542 1889 propria
578 1815 817 1889 presumpcione
850 1814 1021 1872 vindictam
1054 1820 1208 1887 expetere,
1243 1818 1297 1870 aut
1329 1812 1477 1871 adversus

213 1924 298 1996 ipsos
321 1921 576 1979 communitatem
600 1922 763 1990 concitare,
787 1919 853 1978 sive
868 1936 926 1978 vos
942 1920 1158 1979 universaliter
1173 1920 1205 1977 in
1221 1921 1364 1994 ipsorum
1388 1918 1478 1977 detri-

214 2034 353 2087 mentum
377 2027 544 2098 insurgere,
569 2042 622 2085 seu
656 2025 843 2084 antedictam
879 2032 1015 2085 vestram
1050 2041 1182 2100 pravam
1208 2026 1416 2084 intencionem
1440 2022 1479 2082 ad

215 2136 363 2193 affectum
386 2132 538 2191 deducere
571 2132 709 2190 audeatis
744 2149 798 2191 seu
831 2133 1074 2206 presumpmatis
1109 2130 1350 2205 quoquomodo;
1373 2131 1429 2190 sed
1452 2130 1479 2189 si

220 2241 395 2315 quidquam
418 2240 551 2298 accionis
586 2239 637 2296 vel
669 2240 838 2312 questionis
872 2245 978 2296 contra
1012 2239 1117 2312 ipsum
1151 2237 1326 2311 capitulum
1359 2237 1479 2296 habetis

212 2348 265 2405 vel
288 2346 458 2405 habueritis
481 2345 513 2403 id
537 2346 567 2403 in
591 2346 749 2418 presencia
771 2351 875 2404 nostre
899 2345 1067 2403 maiestatis
1090 2350 1144 2402 aut
1162 2345 1251 2417 regni
1272 2345 1372 2403 nostri
1393 2342 1478 2402 Scla-

212 2454 303 2512 uonie
326 2453 400 2510 bani
419 2449 549 2527 juridice
579 2452 812 2524 prosequamini
847 2458 954 2509 contra
988 2449 1123 2522 eosdem,
1158 2456 1309 2523 exparte
1344 2464 1479 2523 quorum

214 2560 305 2618 vobis
328 2557 479 2634 judicium
503 2564 533 2616 et
556 2556 675 2630 justicia
698 2572 760 2615 non
783 2557 881 2616 deerit
904 2555 1031 2614 evidens
1054 2562 1085 2613 et
1106 2554 1267 2628 condigna,
1290 2570 1379 2614 secus
1405 2569 1478 2628 ergo

213 2671 307 2739 prout
331 2681 425 2738 penas
456 2671 609 2738 pretactas
643 2664 760 2722 evitare
794 2665 915 2738 cupitis,
950 2662 1050 2721 facere
1072 2676 1134 2721 non
1168 2662 1282 2720 ausuri
1305 2660 1349 2721 Ut
1371 2666 1475 2719 autem

213 2772 409 2846 presencium
432 2772 608 2829 litterarum
630 2777 808 2828 nostrarum
830 2771 977 2828 noticiam
1000 2769 1141 2827 habeatis
1156 2769 1326 2827 cerciorem
1349 2767 1476 2826 easdem

214 2894 270 2951 per
293 2878 505 2936 testimonium
528 2877 658 2950 capituli
681 2877 809 2934 ecclesie
838 2876 1035 2947 chasmensis,
1073 2875 1158 2949 quod
1188 2890 1245 2948 per
1266 2875 1373 2949 ipsum
1396 2874 1479 2948 capi·

215 2985 317 3041 tulum
340 2984 380 3041 ad
403 2985 461 3041 hoc
496 2984 574 3041 serie
609 2983 806 3055 presencium
838 2982 1006 3039 transmitti
1034 2978 1189 3056 jubemus,
1212 2981 1305 3039 vobis
1328 2981 1477 3039 volumus

213 3090 403 3163 presentari;
438 3087 523 3164 cujus
556 3088 680 3146 tandem
714 3088 917 3146 exhibicionis
951 3103 1005 3144 seu
1037 3086 1278 3160 presentacionis
1308 3086 1423 3144 seriem
1446 3092 1475 3143 et

214 3201 353 3252 vestrum
376 3195 414 3252 ad
439 3195 563 3252 easdem
595 3194 733 3252 fiendum
768 3209 953 3266 responsum
977 3192 1140 3267 peridem
1176 3190 1351 3266 capitulum
1373 3197 1478 3251 nostre

214 3301 349 3358 fideliter
370 3303 500 3360 rescribi
532 3303 680 3359 volumus
711 3301 872 3358 maiestati.
907 3298 1105 3357 Presentibus
1135 3299 1290 3373 perlectis,
1320 3298 1479 3357 exhibenti

213 3408 371 3467 restitutis.
396 3408 511 3465 Datum
528 3407 612 3465 Bude
635 3407 760 3466 infesto
784 3408 873 3464 beate
890 3406 1083 3479 Margarethe
1099 3405 1235 3479 virginis.
1251 3406 1342 3463 Anno
1358 3403 1478 3464 domini

213 3513 383 3571 millesimo
407 3514 711 3587 quadringentesimo
735 3514 892 3573 tricesimo
915 3528 1004 3571 non0.

319 3653 342 3700 E
362 3658 521 3716 transumpto
541 3652 647 3717 capituli
672 3650 734 3703 eccl.
760 3652 918 3701 chasmensis
936 3668 959 3704 e.
979 3667 1001 3702 a.
1031 3652 1063 3700 In
1081 3650 1177 3702 archiv.
1196 3665 1253 3701 ven.
1273 3648 1359 3714 Capit.
1378 3648 1479 3714 zagrab.

214 3740 276 3791 Act.
297 3740 380 3804 Capit.
400 3748 450 3790 ant.
471 3742 532 3791 fasc.
556 3754 594 3792 10.
615 3757 652 3789 nr.
675 3753 713 3791 12.

803 3970 885 4037 129.

318 4114 399 4163 Anno
421 4126 494 4175 1439,
515 4116 555 4166 28.
573 4113 647 4177 Julii.
668 4098 782 4163 Casmae.

219 4222 382 4297 capitulum
406 4223 547 4280 lasrneuse
568 4224 792 4279 cotrimum'tatcm
815 4223 940 4279 claritatis
962 4221 1065 4278 virentis
1101 4218 1253 4278 Grccenst's
1283 4220 1315 4277 in
1336 4223 1394 4297 jus
1423 4239 1479 4279 csse

606 4330 721 4385 celatum
744 4329 861 4386 Albcrto
883 4329 947 4401 regi
967 4329 1093 4386 truncat.

319 4470 521 4531 Serenissimo
537 4472 671 4545 principi
687 4480 716 4529 ct
733 4472 866 4541 domino,
880 4470 1007 4529 domino
1023 4471 1155 4528 Alberto
1172 4469 1221 4528 dei
1234 4469 1341 4543 gracia
1364 4470 1477 4529 Roma·

211 4593 323 4637 norum
346 4579 421 4651 regi,
444 4594 569 4652 semper
590 4584 729 4650 augusto
753 4594 788 4635 ac
804 4578 971 4651 ilungarie,
995 4577 1150 4649 Bohemie‚
1167 4576 1336 4649 Dalmacie,
1350 4576 1478 4637 Croacic

214 4691 269 4742 etc.
305 4683 372 4756 regi
405 4690 435 4741 et
458 4683 530 4742 duci
563 4683 687 4741 Austrie
722 4690 777 4740 etc.
812 4683 938 4742 domino
971 4684 1112 4757 ipsorum
1135 4682 1279 4755 naturali,
1303 4684 1477 4759 capitulum

213 4790 341 4849 ecclesie
376 4790 565 4848 chasmensis
600 4789 779 4847 oracionum
815 4789 964 4862 suffragia
998 4789 1183 4847 devotarum
1218 4803 1292 4846 cum
1325 4795 1476 4865 perpetua

211 4895 371 4957 fidelitate.
395 4897 527 4956 Litteras
549 4897 689 4956 eiusdem
705 4903 807 4955 vestre
822 4898 993 4956 serenitatis
1008 4903 1156 4972 patentes,
1171 4898 1263 4957 nobis
1278 4899 1474 4974 preceptorie
