3278 5348
184 389 243 457 278
588 384 660 441 Dec.
684 377 755 440 218.
781 416 819 424 -
845 382 900 439 An.
925 376 1015 458 1461.

182 601 279 674 ipsius
303 607 332 658 et
354 615 545 658 successores
569 599 698 656 abbates
718 613 777 672 pro
801 603 942 669 tempore
965 598 1130 655 existentes
1152 595 1224 673 juro
1248 604 1402 671 perpetuo
1419 605 1447 655 et

182 708 429 765 irrevocabiliter
452 705 681 781 possidendam,
713 704 877 762 tenendam
901 704 1018 777 pariter
1041 710 1072 761 et
1094 704 1282 776 habendam,
1306 705 1354 761 nil
1376 703 1447 779 juris

182 812 267 871 nilve
290 807 491 886 proprietatis
508 856 755 871 .........
777 811 877 882 nobis,
900 811 1074 883 nostrisque
1097 810 1267 869 heredibus
1290 812 1322 868 in
1347 810 1448 868 eadem

181 919 315 977 sessione
330 917 521 994 jogabionali
546 919 756 987 reservientes,
777 916 831 974 sed
854 931 946 974 omne
962 914 1010 992 jus
1038 922 1068 974 et
1091 916 1268 990 quamlibet
1296 918 1372 974 iuris
1400 932 1449 974 seu

182 1023 311 1082 dominii
325 1025 376 1082 vel
393 1026 592 1099 proprietatis
606 1023 845 1098 prerogativam,
870 1039 930 1095 que
950 1023 1040 1081 nobis
1052 1024 1227 1096 nostrisque
1240 1022 1410 1080 heredibus
1422 1025 1451 1081 in

181 1129 289 1187 eadem
309 1132 477 1188 babuimus
492 1138 522 1188 et
544 1131 704 1200 habemus,
720 1129 879 1201 nostrique
895 1128 1198 1199 heredes-haberent,
1214 1129 1247 1185 in
1264 1128 1395 1186 eandem
1408 1145 1451 1186 ec·

181 1237 309 1293 clesiam
322 1236 411 1293 beate
428 1237 523 1294 llarie
546 1237 675 1308 virginis
699 1241 729 1293 et
751 1235 973 1292 monasterium
999 1249 1034 1292 ac
1057 1235 1186 1292 abbates
1210 1239 1241 1292 et
1264 1240 1449 1292 conventum

181 1342 356 1415 predictum
380 1342 574 1400 refundimus
590 1347 621 1399 et
637 1341 816 1399 derivamus
831 1355 867 1397 ac
884 1355 994 1397 manus
1019 1347 1048 1397 et
1062 1345 1250 1413 potestatem
1269 1348 1393 1398 nostras
1416 1339 1452 1397 de

182 1447 290 1505 eadem
315 1449 439 1521 penitus
463 1455 492 1506 et
515 1450 546 1506 in
569 1454 634 1506 toto
651 1447 833 1520 excipiendo
856 1452 886 1503 et
910 1493 915 1504 .
940 1492 946 1504 .
970 1494 975 1503 .
999 1462 1035 1503 ac
1053 1446 1258 1518 exonerando,
1273 1447 1317 1504 ita
1341 1454 1452 1512 tamen,

183 1554 267 1628 quod
292 1553 430 1628 predicta
453 1557 547 1613 sessio
570 1554 777 1631 jobagionalis
808 1555 848 1610 ab
872 1553 981 1611 eadem
1015 1553 1145 1611 ecclesia
1175 1569 1230 1610 seu
1264 1554 1454 1611 monasterio

184 1661 273 1718 beate
297 1661 392 1717 Marie
416 1662 545 1733 virginis
569 1669 598 1718 et
615 1667 768 1718 conventu
785 1661 962 1717 nullatenus
980 1675 1036 1732 per
1059 1659 1188 1716 abbates
1211 1665 1243 1716 et
1266 1665 1453 1717 conventum

185 1767 258 1825 dicti
285 1762 489 1845 (monasterii)
521 1769 650 1826 alienari
683 1769 780 1841 possit
803 1784 859 1824 nec
888 1766 992 1824 valeat
1015 1765 1110 1823 modo
1133 1766 1273 1838 aliquali.
1310 1764 1347 1822 ln
1371 1767 1454 1823 cuius

184 1876 229 1933 rei
252 1875 448 1945 memoriam,
465 1874 709 1947 firmitatemque
726 1881 910 1947 perpetuam
931 1871 1127 1945 presentibus
1150 1871 1290 1943 sigillum
1315 1880 1452 1929 nostrum

186 1980 332 2037 duximus
356 1980 604 2053 appendendum.
629 1980 744 2037 Datum
769 1981 800 2037 in
824 1979 905 2037 dicta
922 1976 1072 2036 Rakonolr
1094 1978 1126 2034 in
1149 1975 1228 2034 festo
1244 1977 1452 2036 Exaltacionis

185 2093 289 2143 sancte
313 2087 420 2143 crucis.
453 2088 542 2144 Anno
566 2086 684 2144 domini
707 2086 879 2144 millesimo
908 2083 1213 2158 quadringentesimo
1231 2128 1451 2142 ........

289 2273 311 2338 ’)
331 2275 504 2340 Wynnandus
522 2274 602 2323 abbas
620 2274 731 2339 praefuit
750 2275 885 2322 conventui
904 2273 965 2322 huic
984 2273 1017 2322 ab
1035 2290 1102 2323 anno
1125 2275 1190 2339 1458
1201 2286 1307 2337 —1479.

290 2433 424 2498 Originale
450 2435 477 2483 in
496 2434 644 2482 membrana
663 2434 725 2482 satis
743 2432 863 2484 lacerum.
883 2435 909 2482 Α
930 2449 994 2482 zoua
1013 2435 1109 2483 sericea
1125 2433 1203 2482 rubra
1221 2440 1248 2481 et
1272 2432 1387 2482 violacea
1410 2449 1451 2496 ap·

186 2523 282 2588 pendet
302 2522 424 2584 sigillum.
444 2525 476 2570 In
495 2522 666 2575 archimen.
688 2522 771 2586 Capit.
790 2521 890 2585 zagrab.

781 2804 861 2869 218.

292 2984 372 3032 Anno
394 2982 468 3044 1461,
489 2994 530 3033 21.
548 2982 666 3044 januarii.
688 2982 835 3043 Zagrabiae.

186 3114 214 3169 Α
244 3113 369 3185 (tepitudo
400 3110 585 3183 zagrabiensr'
612 3110 810 3167 communitati
838 3112 962 3168 civitatis
989 3112 1122 3184 precanti
1149 3111 1285 3169 clausula
1314 3113 1452 3186 quaedam

178 3219 401 3293 privilegiorum
424 3218 452 3273 ci
473 3236 491 3272 a
517 3215 699 3289 Sagismuudo
727 3235 792 3290 rege
814 3235 1013 3286 concessorum,
1037 3217 1139 3274 litteris
1160 3217 1333 3290 consignata
1355 3218 1453 3278 caletur.

291 3362 355 3418 Nos
377 3362 549 3434 capitulum
575 3361 702 3418 ecclesie
722 3362 937 3433 zagrabicnsis.
962 3361 1110 3418 Memorie
1127 3360 1385 3420 commendamus
1401 3378 1454 3437 per

187 3473 352 3542 presentes,
377 3466 460 3538 quod
485 3466 609 3538 providi
634 3473 662 3523 et
686 3468 903 3540 circumspecti
927 3468 986 3525 viri
1010 3466 1157 3525 Nicolaus
1180 3473 1282 3524 sartor
1297 3474 1329 3525 et
1344 3469 1453 3527 Deme·

188 3575 265 3630 trius
296 3571 388 3647 jurati
420 3573 502 3627 cives
538 3572 671 3629 civitatis
704 3575 817 3630 montis
848 3572 1009 3632 Grecensis
1033 3573 1071 3630 de
1093 3571 1180 3648 juxta
1203 3574 1399 3646 Zagrabiam,
1421 3577 1451 3633 in

188 3679 338 3750 ipsorum,
362 3692 479 3734 necnon
503 3675 621 3751 judicis,
646 3678 829 3754 juratorum,
847 3681 1094 3737 consiliariorum
1118 3695 1154 3736 ac
1177 3681 1396 3739 universorum
1416 3683 1454 3739 ci·

187 3785 272 3841 vium
306 3790 335 3839 et
367 3784 464 3840 tocius
495 3785 726 3841 communitatis
756 3786 889 3843 civitatis
921 3785 1058 3859 predicte
1081 3786 1260 3843 nominibus
1279 3790 1310 3844 et
1333 3787 1365 3845 in
1389 3803 1454 3861 per·

187 3891 269 3947 sonis
300 3895 437 3947 nostram
470 3891 625 3946 venientes
650 3893 679 3947 in
713 3893 913 3987 presencpam,
944 3892 1151 3949 exbibuerunt
1181 3891 1272 3949 nobis
1296 3893 1454 3966 quoddam

188 3997 391 4070 privilegium
415 4013 466 4053 seu
492 3997 610 4053 litteras
641 3998 853 4070 privilegiales
888 3997 1019 4054 condam
1043 3998 1231 4056 serenissimi
1254 3999 1406 4073 principis
1427 4005 1455 4057 et

188 4103 315 4173 domini,
339 4103 455 4161 domini
481 4103 680 4175 sigismundi,
713 4104 761 4161 dei
786 4105 889 4175 gracia
920 4106 1086 4177 Hungarie,
1117 4104 1287 4176 Dalmacie,
1321 4105 1455 4176 Croacie,

187 4211 294 4279 Rame,
317 4208 432 4281 Seruie,
456 4209 588 4267 Gallicie
612 4210 799 4280 Ladamerie,
826 4210 983 4282 Cumanie‚
1018 4211 1237 4284 Bulgarieque‘
1253 4212 1345 4284 regis,
1377 4228 1456 4270 mar·

187 4316 305 4373 chionis
336 4316 654 4389 Brandemburgensis
687 4332 721 4372 ac
753 4318 832 4374 sacri
864 4318 994 4375 Romani
1030 4317 1153 4392 imperii
1187 4318 1456 4391 archycamerarii,

186 4437 304 4480 necnon
317 4422 461 4480 Bohemie
473 4430 502 4479 et
515 4424 793 4496 Lucemburgensis
810 4423 940 4495 heredis,
965 4423 1064 4481 felicis
1081 4423 1310 4481 reminiscencie
1335 4424 1453 4483 domini

186 4529 284 4586 nostri
307 4529 465 4598 naturalis,
489 4529 595 4600 sigillo
619 4529 760 4586 eiusdem
784 4544 866 4587 novo
898 4530 1049 4603 dupplici,
1081 4531 1127 4587 uti
1157 4543 1236 4602 pura
1259 4528 1339 4588 facie
1361 4547 1457 4607 appa·

186 4636 276 4693 rebat
300 4636 331 4692 in
344 4634 489 4708 pendenti
506 4636 710 4706 consignatas,
735 4642 872 4709 petentes
888 4651 944 4693 nos
960 4637 1064 4693 debita
1084 4651 1156 4693 cum
1179 4635 1330 4695 instancia
1346 4642 1381 4697 ut
1404 4653 1458 4697 nos

187 4740 304 4799 eisdem
328 4758 366 4798 ex
384 4749 488 4798 tenore
510 4740 648 4798 eiusdem
666 4743 825 4815 privilegii
842 4742 999 4815 quandam
1017 4743 1192 4801 clausulam
1209 4757 1263 4801 seu
1279 4744 1458 4816 articulum,

124 4930 125 4934 Ἰ
187 4848 331 4924 excipere
364 4863 399 4904 ac
432 4846 470 4904 de
504 4848 601 4906 verbo
633 4848 672 4905 ad
704 4850 835 4907 verbum
861 4851 1026 4908 transsumi
1050 4856 1080 4908 et
1104 4849 1269 4911 transcribi
1291 4856 1325 4909 et
1346 4850 1459 4911 litteris
