3278 5348
644 420 714 479 Doc.
731 431 785 496 35.
809 453 850 462 —
875 419 930 477 An.
955 433 1044 497 1423.

215 522 245 533 Q

207 636 382 695 earumdem
407 636 564 707 omnium,
588 636 700 709 quovis
723 636 818 694 modo
840 640 894 693 aut
918 636 1038 708 quesito
1062 636 1165 693 colore
1189 651 1242 693 seu
1269 635 1401 705 ingenio,
1433 634 1477 691 in·

202 745 401 801 tromissione
437 741 529 800 factis
565 743 617 799 vel
650 741 760 800 fiendis
791 742 952 815 prohibuit
977 741 1215 799 contradicendo
1239 746 1269 798 et
1291 739 1477 798 contradixit

200 848 376 908 inhibendo
400 864 509 907 coram
531 848 623 906 nobis
646 848 825 906 testimonio
849 849 1045 922 presencium
1077 847 1239 905 mediante.
1271 847 1386 903 Datum
1422 845 1477 902 Za·

198 956 312 1028 grabie
336 955 496 1013 sedecimo
521 953 573 1013 die
595 962 777 1012 octavarum
801 954 1021 1029 predictarum.
1054 956 1143 1011 Anno
1167 952 1284 1011 domini
1309 952 1477 1009 millesimo

198 1060 514 1135 quadringentesimo
539 1061 691 1133 vigesimo
715 1061 819 1119 tercio.

314 1196 451 1259 originale
470 1197 497 1246 iu
517 1196 615 1245 charla.
642 1197 669 1245 A
690 1204 762 1260 tergo
791 1197 900 1260 vestigia
928 1197 1004 1245 trium
1030 1196 1181 1261 sigillorum.
1212 1200 1242 1245 In
1262 1197 1322 1245 arch
1356 1196 1401 1246 lib.
1422 1212 1474 1257 reg.

199 1286 274 1336 civil.
294 1285 397 1348 zagrab.

814 1463 873 1528 35.

314 1622 393 1669 Auno
416 1633 490 1683 1423,
514 1621 553 1672 16.
572 1622 653 1685 Junii.
674 1622 822 1685 Zagrabiae.

217 1730 408 1787 Cummrmr‘lus
430 1731 507 1788 civil.
530 1732 633 1788 litantis
662 1730 813 1788 Grrceusr's
828 1748 924 1786 coram
938 1731 1072 1786 currrr'lulu
1096 1731 1280 1802 :apaliensi
1299 1739 1420 1800 refusal,
1442 1748 1477 1785 ue

201 1837 355 1912 Jobannes
383 1838 528 1910 episscopus
549 1844 578 1895 et
598 1837 777 1910 Radalpluaes,
799 1837 859 1894 eius
875 1838 986 1910 furter,
1016 1838 1121 1893 nubiles
1151 1837 1185 1892 de
1216 1837 1315 1904 clides,
1347 1856 1383 1892 cs
1410 1837 1476 1908 pni-

212 1943 324 2001 busdam
361 1944 571 2001 corruumu‘lalis
593 1944 833 2016 possessionibus,
870 1962 945 2017 pirus
977 1945 1037 1999 illis
1067 1962 1121 1999 rex
1157 1942 1229 1999 douo
1265 1944 1360 2007 cessit,
1389 1944 1474 2016 sruc-

742 2057 801 2106 lum
823 2051 946 2123 captent.

312 2195 375 2252 Nos
399 2193 555 2266 Georgius
578 2200 608 2252 et
632 2193 869 2251 bartholomeus
893 2194 1022 2251 comites
1046 2195 1260 2266 zagrabienses
1295 2207 1331 2248 ac
1357 2190 1475 2266 judices

216 2302 362 2360 nobilium
386 2301 552 2359 comitatus
575 2300 722 2359 eiusdem.
746 2301 895 2357 Memorie
928 2300 1183 2357 commendamus
1218 2316 1274 2373 per
1305 2304 1473 2373 presentes,

215 2408 289 2479 quod
312 2409 405 2467 nobis
440 2408 471 2465 in
505 2408 624 2465 octavis
659 2407 729 2465 festi
753 2406 968 2464 Penthecostes
991 2423 1124 2463 unacum
1149 2407 1309 2463 nobilibus
1333 2407 1419 2477 regni
1442 2406 1472 2462 in

214 2515 276 2572 sede
299 2520 407 2573 nostra
429 2512 592 2589 judiciaria
615 2529 673 2588 pro
697 2513 838 2573 faciendo
862 2514 1057 2571 moderalivo
1080 2512 1196 2588 judicio
1213 2513 1411 2570 causantibus
1429 2529 1473 2568 se·

214 2617 360 2692 dentibus,
398 2620 548 2695 providus
582 2621 632 2679 vir
667 2620 814 2690 Andreas,
839 2619 924 2677 filius
948 2619 1069 2676 Nicolai
1093 2619 1131 2676 de
1156 2619 1316 2689 Zu'inaria,
1341 2618 1472 2675 condam

212 2720 300 2796 judex
322 2733 354 2785 et
378 2742 459 2784 nune
482 2727 559 2784 civis
583 2727 717 2785 civitatis
739 2727 853 2784 montis
877 2726 1039 2785 Grecensis
1063 2726 1101 2783 de
1124 2723 1210 2800 juxta
1233 2725 1418 2797 Zagrabiam
1443 2724 1473 2780 in

206 2834 346 2900 personis
369 2832 492 2909 judicis
514 2831 689 2908 juratorum
712 2840 743 2892 et
766 2835 984 2892 universorum
1007 2834 1124 2889 civium
1148 2848 1183 2889 ac
1207 2832 1306 2888 tocius
1331 2845 1473 2886 commu·

200 2942 307 2999 uitatis
344 2939 481 3015 predicte
515 2940 650 2998 civitatis
685 2957 756 2999 cum
791 2942 1013 3014 procuratoriis
1038 2941 1151 2997 litteris
1180 2940 1277 3012 ipsius
1302 2938 1472 2995 communi·

194 3042 273 3106 laris
298 3045 339 3104 ad
363 3052 502 3105 nostram
520 3045 673 3104 veniendo
689 3048 881 3120 presenciam
897 3047 988 3104 nobis
1005 3053 1034 3103 et
1059 3046 1176 3104 eisdem
1201 3047 1287 3118 regni
1313 3045 1473 3102 nobilibus

188 3158 257 3219 Der
281 3151 416 3211 modurn
439 3152 674 3226 protestaciouis
697 3160 727 3209 et
751 3153 948 3210 inhibicionis
970 3153 1144 3224 significare
1168 3154 1290 3210 curavit
1324 3154 1354 3209 in
1387 3152 1469 3207 hunc

185 3259 352 3318 modum:
387 3258 470 3331 quod
506 3265 600 3331 prout
635 3259 695 3332 ipsi
730 3260 940 3332 percepissent
964 3259 1157 3316 reverendus
1182 3260 1211 3316 in
1236 3260 1359 3316 Christo
1385 3265 1473 3331 pater

181 3360 349 3425 dominus
370 3364 525 3447 Jobannes
548 3366 714 3439 episcopus
737 3367 953 3439 cambrensis,
971 3382 1174 3438 summusque
1198 3366 1400 3422 cancellarius
1423 3381 1470 3420 re·

186 3474 283 3546 galis
320 3477 350 3529 et
387 3472 532 3544 reginalis
566 3472 772 3542 maiestatum‚
798 3488 929 3530 unacum
964 3473 1063 3529 nobili
1101 3474 1167 3529 viro
1203 3472 1380 3544 Rodolph0,
1405 3470 1472 3526 filio

192 3572 368 3651 Rodolphi
392 3576 486 3635 fratre
511 3592 567 3636 suo
589 3579 711 3636 uterino
735 3578 773 3635 de
797 3579 898 3635 Alben
923 3577 1004 3636 etde
1022 3579 1215 3648 lledwewar,
1234 3577 1384 3650 quasdam
1402 3592 1473 3648 pos·

190 3686 355 3742 sessiones
371 3682 573 3742 hereditarias
590 3685 731 3758 ipsorum
747 3686 863 3742 civium
881 3692 910 3741 et
927 3685 1024 3742 tocius
1043 3686 1275 3741 communitatis
1297 3683 1471 3753 Kraleweh,

203 3789 385 3863 Kobylyalr,
416 3789 575 3862 Zwyblya,
607 3790 705 3848 Narth
735 3797 765 3848 et
798 3791 997 3849 Nouakowch
1027 3792 1104 3849 alias
1136 3792 1257 3863 Cherya
1290 3808 1388 3865 prope
1414 3791 1470 3848 Bo·

210 3897 337 3969 syakow
362 3901 495 3968 vocatas,
519 3897 640 3955 habitas
664 3904 693 3954 et
718 3898 882 3955 existentes
906 3897 1024 3954 dudum
1061 3905 1091 3955 et
1125 3900 1287 3970 nuperime
1321 3900 1362 3956 ab
1395 3901 1471 3972 ipsis

210 4003 345 4061 indebite
380 4003 510 4064 ablatas.
547 4002 586 4061 de
608 4018 767 4073 consensu,
799 4011 832 4061 ut
856 4004 977 4073 dicitur,
1001 4004 1119 4062 domini
1144 4006 1239 4062 nostri
1264 4007 1354 4078 regis,
1378 4023 1471 4080 super

208 4110 366 4167 ecclesiam
391 4110 488 4167 sancti
511 4108 660 4183 Stephani
684 4111 765 4181 regis
789 4115 818 4167 et
835 4111 993 4184 quoddam
1011 4113 1117 4177 altare,
1136 4127 1192 4184 pro
1210 4114 1371 4169 animabas
1393 4114 1469 4170 olim

209 4214 322 4274 domini
348 4215 519 4274 Eberhardi
542 4216 682 4290 episcopi
706 4217 767 4274 loci
802 4217 932 4290 predicti
969 4227 998 4275 et
1035 4219 1191 4289 magnifici
1230 4221 1287 4276 viri
1320 4220 1470 4301 Jobannis

210 4319 338 4381 fratrum
362 4323 503 4396 ipsorum
528 4330 677 4396 perpetue
700 4323 896 4395 legavissent,
915 4324 1079 4382 donassent
1103 4332 1132 4382 et
1156 4326 1357 4382 contulissent
1374 4326 1471 4397 possi·

211 4426 322 4487 dendas
345 4435 376 4486 et
400 4427 549 4486 tenendas
571 4429 602 4486 in
627 4429 834 4503 preludicium
859 4430 1000 4503 ipsorum
1032 4433 1146 4489 civium
1180 4439 1210 4488 et
1242 4431 1472 4488 communitatis

211 4534 298 4592 valde
321 4549 480 4607 magnum.
504 4534 594 4594 Unde
627 4534 708 4593 facta
743 4536 921 4594 huiusmodi
956 4540 1181 4612 protestacione
1216 4538 1301 4595 idem
1330 4529 1472 4594 Andreas

211 4640 384 4699 nominibus
407 4645 437 4697 et
461 4642 642 4698 auctoritate
666 4644 881 4715 procuratoria
901 4643 1112 4718 sepefatorurir
1138 4646 1256 4703 civium
1280 4648 1310 4702 et
1333 4656 1472 4700 commu·

210 4747 317 4817 nitatis,
340 4752 504 4805 annotatos
527 4746 691 4806 dominum
713 4749 887 4831 Jobannem
910 4752 1094 4824 episcopum
1117 4756 1147 4808 et
1164 4750 1364 4824 Rodolphum
1388 4764 1406 4805 a
1429 4750 1472 4806 le·

209 4854 339 4925 gacione,
364 4853 535 4913 donacione
557 4859 588 4913 et
611 4854 782 4912 collacione
816 4855 1027 4930 predictarum
1063 4857 1294 4929 possessionum
1329 4856 1471 4929 superius
