3278 5348
503 456 576 513 Dec.
594 452 670 533 376.
695 488 735 499 -
760 456 818 514 An.
843 466 934 533 1495.

668 686 753 755 376.

187 827 267 875 Anno
289 838 363 891 1495,
387 827 426 878 18.
445 827 576 878 februarii.
599 827 764 880 Viroviticae.

80 943 108 1001 A
138 943 287 1000 Vlodisloo
309 944 410 1017 Hung.
434 951 482 1001 etc.
505 963 572 1017 rege
600 952 690 1014 octus,
726 962 782 1018 quo
815 952 953 1018 qnotmor
984 945 1120 1002 sessiones
1145 945 1348 1021 jobagionales

78 1050 182 1106 sacello
206 1068 230 1111 s.
253 1051 373 1124 spiritus
394 1058 463 1107 sunt
477 1050 604 1108 redditae
620 1051 826 1125 comprobatur,
844 1069 959 1124 unoque
973 1052 1019 1108 ius
1041 1053 1139 1124 regale
1160 1051 1347 1109 condonatur.

802 1170 957 1221 Commissio
976 1172 1080 1237 propria
1099 1173 1197 1220 domini
1216 1173 1292 1236 regis.

185 1299 248 1358 Nos
278 1296 471 1358 Wladislaus
502 1300 552 1359 dei
574 1301 678 1373 gracia
709 1317 763 1358 rex
787 1302 944 1374 Hungarie
967 1307 996 1358 et
1020 1301 1165 1360 Bohemie
1194 1309 1250 1361 etc.
1281 1303 1345 1360 Me·

79 1407 180 1463 morie
203 1405 459 1464 commendamus
490 1413 596 1464 tenore
626 1407 821 1482 presencium
844 1407 1060 1480 significantes,
1084 1408 1199 1481 quibus
1220 1407 1347 1483 expedit

77 1513 239 1584 universis,
271 1512 355 1586 quod
386 1511 488 1570 fidelis
525 1520 629 1571 noster
661 1513 813 1571 discretus
836 1515 968 1571 Michael
993 1515 1147 1587 presbiter
1170 1514 1209 1572 de
1233 1515 1343 1574 Zenth·

80 1619 326 1691 gyewrghwara,
353 1619 504 1692 plebanus
528 1620 716 1693 parochialis
739 1621 867 1678 ecclesie
891 1621 980 1679 beate
1004 1621 1198 1693 Margarethe
1215 1621 1344 1693 virginis

77 1724 115 1782 de
145 1726 297 1783 suburbio
335 1726 469 1783 civitatis
500 1726 614 1783 montis
646 1725 816 1798 Grecensis,
841 1733 945 1784 nostre
970 1727 1137 1785 maiestatis
1162 1727 1288 1784 veniens
1313 1728 1345 1785 iu

76 1832 278 1904 presenciam,
302 1833 443 1889 exhibuit
467 1847 573 1889 coram
597 1832 687 1890 nobis
711 1839 740 1890 et
757 1832 905 1907 produxit
928 1833 1079 1907 quasdam
1105 1834 1192 1891 binas
1216 1833 1346 1903 litteras,

76 1952 162 2009 unas,
186 1936 289 1996 fidelis
312 1939 409 1996 nostri
441 1938 573 1996 illustris
595 1938 744 2021 johannis
768 1938 904 2008 Coruini,
928 1939 1071 2013 Oppauie
1094 1945 1124 1996 et
1146 1939 1345 2011 Lyppthouie

76 2042 164 2100 ducis
194 2050 252 2101 etc.
276 2044 390 2117 quibus
421 2042 631 2102 mediantibus
662 2042 746 2101 idem
766 2045 922 2127 Johannes
946 2045 1009 2102 dux
1033 2044 1185 2118 quasdam
1209 2050 1343 2119 quatuor

75 2150 227 2207 sessiones
250 2148 464 2225 jobagionales
488 2151 519 2207 in
536 2150 730 2222 possessione
747 2150 973 2208 Chemomercz
996 2157 1114 2220 vocata,
1139 2151 1170 2208 iu
1193 2151 1341 2208 comitatu

74 2255 267 2328 zagrabiensi
289 2256 447 2327 existente,
470 2256 602 2328 habitas,
618 2255 656 2313 ad
680 2257 835 2329 capellam
859 2259 955 2314 sancti
972 2257 1100 2329 spiritus
1123 2257 1155 2314 in
1179 2256 1261 2315 dicta
1284 2271 1339 2332 pa·

74 2361 206 2419 rochiali
228 2362 357 2420 ecclesia
380 2362 469 2420 beate
493 2362 686 2435 Margarethe
709 2363 839 2435 virginis
863 2362 1024 2421 fundatam
1047 2363 1242 2436 pertinentes,
1266 2379 1340 2436 que·

75 2466 203 2541 quidem
234 2473 367 2541 quatuor
397 2469 547 2526 sessiones
577 2469 658 2526 circa
693 2476 828 2526 castrum
863 2484 954 2526 suum
986 2468 1106 2526 Medwe
1129 2476 1283 2540 vocatum,
1307 2470 1338 2528 in

73 2575 222 2631 comitatu
246 2574 386 2648 predicto
413 2575 565 2645 habitum,
600 2574 653 2632 diu
688 2582 836 2648 occupate
870 2576 1043 2645 extiterant,
1074 2574 1176 2633 eidem
1214 2576 1335 2650 capelle

74 2681 173 2738 sancti
196 2681 331 2753 spiritus,
356 2686 639 2754 consequenterque
663 2681 835 2738 rectoribus
858 2681 995 2740 eiusdem
1019 2696 1078 2754 pro
1101 2687 1242 2756 tempore
1266 2697 1340 2740 con·

73 2788 190 2845 stitutis
214 2787 308 2845 modo
335 2793 365 2845 et
389 2787 496 2845 ordine
520 2786 648 2845 inferius
671 2787 702 2845 in
733 2794 837 2846 tenore
861 2787 1041 2846 earumdem
1065 2788 1242 2845 litterarum
1267 2803 1339 2845 con·

74 2896 174 2966 tentis,
208 2895 362 2952 remisisse
397 2900 426 2951 et
462 2895 632 2952 restituisse
667 2909 702 2951 ac
729 2894 970 2968 inperpetuum
1002 2893 1122 2952 dedisse
1146 2894 1338 2965 dinoscitur;

73 3001 151 3058 alias
185 3015 260 3058 vero
291 3001 420 3075 capituli
454 3000 582 3059 ecclesie
613 3001 820 3074 zagrabiensis
851 3016 945 3075 super
978 3001 1131 3073 legittima
1164 3001 1337 3060 statucioue

73 3104 253 3165 huiusmodi
295 3112 427 3179 quatuor
468 3108 642 3164 sessionum
686 3105 848 3178 confectas,
884 3113 1025 3164 terrorum
1059 3106 1338 3180 infrascriptorum,

72 3213 254 3287 supplicans
291 3212 375 3270 idem
413 3214 545 3270 Michael
580 3213 736 3285 presbiter
769 3219 874 3270 nostre
908 3213 1061 3269 maiestati
1093 3212 1279 3284 humillime,
1302 3219 1338 3271 ut

74 3316 200 3376 easdem
230 3323 377 3392 utrasque
408 3320 527 3376 litteras
558 3334 593 3376 ac
624 3319 729 3376 omnia
755 3320 786 3376 in
809 3319 926 3377 eisdem
950 3324 1091 3376 contenta
1113 3326 1205 3390 ratas,
1228 3326 1332 3392 gratas

74 3432 105 3484 et
126 3431 252 3499 accepta
275 3426 400 3496 habere,
424 3426 535 3483 litteris
558 3425 671 3483 nostris
695 3426 944 3498 privilegialibus
968 3424 1006 3482 de
1030 3425 1127 3483 verbo
1145 3423 1185 3482 ad
1202 3425 1334 3483 verbum

73 3531 202 3589 inscribi
214 3530 322 3600 facere,
340 3530 561 3604 premissisque
579 3532 754 3590 remissioni
766 3537 795 3588 et
811 3531 1010 3605 restitucioni,
1035 3531 1167 3604 aliisque
1189 3531 1335 3589 omnibus

75 3643 106 3694 et
128 3638 260 3710 singulis
291 3637 323 3695 in
358 3637 517 3695 tenoribus
541 3637 721 3695 earumdem
745 3638 920 3695 litterarum
943 3637 1101 3709 contentis,
1124 3643 1266 3694 nostrum
1289 3652 1337 3695 re-

75 3744 163 3817 gium
200 3758 383 3802 consensum
415 3744 547 3817 prebere
583 3741 789 3816 dignaremur.
826 3743 966 3817 Quarum
989 3743 1117 3817 quidem
1154 3743 1339 3814 litterarum,

72 3850 175 3924 prime
205 3849 351 3908 videlicet
382 3856 469 3907 tenor
500 3850 571 3908 talis
601 3856 662 3908 est:
685 3844 768 3929 (vide
793 3851 869 3908 Doc.
903 3850 973 3924 362.
998 3849 1036 3906 de
1059 3864 1138 3907 anno
1166 3864 1257 3924 1492,
1284 3863 1335 3924 13.

72 3948 163 4033 julii).
193 3957 337 4015 Aliarum
368 3971 443 4013 vero
475 3957 569 4014 series
593 3957 730 4015 verbalis
754 3959 893 4030 sequitur
918 3958 949 4014 in
974 3957 1055 4014 hunc
1079 3955 1223 4015 modum:
1249 3949 1333 4034 (vide

72 4062 147 4119 Doc.
173 4060 244 4137 364.
266 4078 346 4120 anno
373 4078 466 4138 1492.
495 4061 541 4120 16.
555 4056 707 4141 Augusti).
722 4063 785 4120 Nos
796 4064 889 4136 igitur
902 4063 1132 4137 supplicacione
1157 4060 1337 4120 huiusmodi

73 4213 80 4226 .
104 4213 110 4226 .
132 4214 138 4226 .
161 4169 320 4227 Michaelis
343 4162 521 4246 (presbiteri
555 4170 708 4228 maiestati
730 4164 846 4246 nostre)
871 4175 1021 4243 porrecta,
1038 4171 1123 4242 regia
1147 4169 1336 4241 benignitate

72 4274 217 4333 exaudita
233 4281 263 4333 et
281 4274 449 4333 clementer
464 4275 607 4348 admissa,
625 4276 812 4349 prescriptos
830 4283 976 4349 utrasque
991 4275 1111 4334 litteras
1127 4290 1188 4333 non
1212 4276 1339 4332 abrasas

72 4396 134 4439 nou
157 4382 342 4439 cancellatas
366 4382 475 4440 necin
499 4382 605 4455 aliqua
635 4383 683 4440 sui
706 4388 794 4456 parte
826 4388 984 4456 suspectas
1008 4381 1202 4456 presentibus
1226 4381 1338 4439 litteris

71 4487 184 4545 nostris
207 4488 457 4561 privilegialibus
481 4487 518 4546 de
542 4491 641 4546 verbo
665 4489 705 4546 ad
728 4491 861 4548 verbum
884 4491 949 4547 sine
971 4489 1178 4547 diminucione
1202 4493 1231 4544 et
1265 4501 1340 4558 aug·

71 4599 176 4651 mento
209 4594 340 4668 aliquali
371 4596 509 4667 insertas,
541 4595 644 4668 quoad
668 4611 775 4654 omnes
799 4596 956 4654 clausulas
979 4605 1009 4652 et
1032 4594 1180 4652 articulos
1202 4598 1336 4665 eatenus,

72 4705 224 4772 quatenus
247 4700 356 4758 eedem
379 4702 437 4759 rite
461 4709 490 4759 et
513 4702 666 4774 legittime
689 4703 824 4761 existunt
848 4709 997 4774 emanate,
1022 4701 1203 4775 viribusque
1226 4715 1334 4759 earum

71 4805 186 4863 veritas
216 4807 413 4879 suffragatur,
445 4815 536 4879 ratas,
566 4814 670 4881 gratas
699 4814 730 4867 et
752 4815 894 4883 acceptas
917 4809 1074 4878 habentes,
1106 4807 1267 4882 premissis
1290 4823 1337 4865 re·

72 4910 212 4970 missioni
235 4917 265 4970 et
288 4914 487 4987 restitucioni,
511 4914 643 4988 aliisque
673 4916 819 4974 omnibus
841 4915 874 4974 in
896 4916 1056 4974 tenoribus
1086 4913 1267 4975 earumdem
1292 4913 1342 4972 lit·

1237 5014 1255 5054 e
