3256 5346
652 408 726 466 Doc.
751 402 800 464 81.
826 439 863 449 -
889 416 978 484 1435.
1387 423 1443 477 105

179 630 349 688 vulnerum
374 627 475 703 plagis
499 626 668 684 affecerunt
683 630 713 681 et
727 624 898 683 semivivos
914 624 1033 683 ibidem
1052 624 1252 697 reliquerunt,
1268 628 1299 682 et
1321 624 1448 698 insuper

181 736 279 794 boves
303 748 414 792 eorum
437 738 508 790 octo
530 745 668 804 magnos,
691 744 752 787 una
775 746 846 789 cum
869 731 939 789 aliis
956 745 1064 790 eorum
1084 730 1179 787 rebus
1196 731 1236 787 ab
1266 730 1343 802 ipsis
1365 746 1448 788 rece·

180 846 293 917 perunt
317 857 356 899 ex
379 854 529 898 consensu
551 843 582 896 et
604 836 791 895 admissione
814 842 907 910 atque
930 838 1090 895 voluntate
1114 836 1326 910 predictorum
1349 835 1447 896 domi-

181 962 293 1007 norum
317 946 446 1020 capituli
470 943 632 1018 prenotati,
655 943 797 1018 potencia
819 942 983 1014 mediante,
1006 943 1038 1001 in
1061 942 1267 1017 preludicium
1291 946 1321 999 et
1349 942 1447 1000 viola-

184 1056 305 1113 cionem
328 1053 443 1111 furium
467 1056 498 1109 et
528 1050 710 1108 libertatum
745 1063 781 1105 ac
812 1049 961 1107 territorii
994 1049 1126 1107 ciuitatis
1159 1053 1339 1121 prenotate,
1362 1048 1446 1121 quod

182 1131 280 1219 eciam
304 1158 421 1217 factum
444 1156 571 1215 domino
594 1152 753 1212 Mathkoni
778 1159 808 1212 et
837 1153 964 1213 domino
988 1154 1128 1224 Perkoni,
1161 1152 1249 1212 fratri
1272 1168 1337 1226 suo,
1368 1154 1446 1212 bene

180 1270 288 1324 notum
312 1270 365 1322 est.
388 1263 426 1321 Et
448 1251 530 1320 dum¹
548 1259 714 1336 superinde
736 1261 778 1317 ab
801 1261 878 1335 ipsis
901 1260 1035 1318 dominis
1056 1260 1187 1334 capituli
1209 1258 1340 1332 sepefati
1362 1261 1447 1319 iusti·

182 1373 263 1430 ciam
285 1371 376 1429 nobis
400 1369 554 1442 impertiri
577 1367 830 1440 postulassemus,
854 1368 883 1424 in
908 1369 1046 1425 sacristia
1069 1382 1178 1424 eorum
1203 1367 1448 1440 postulassemus

182 1485 212 1535 et
233 1476 488 1546 satisfaccionem,
512 1480 583 1532 tunc
606 1474 638 1531 in
662 1474 819 1546 presencia
842 1475 976 1531 hominis
998 1474 1198 1531 dominorum
1217 1471 1392 1530 llathlronis
1417 1477 1448 1531 et

182 1582 327 1642 Perkonis
352 1581 455 1640 fratris
475 1581 531 1650 sui,
551 1580 699 1637 curiensis
730 1579 874 1638 videlicet
902 1581 986 1638 curie
1009 1580 1197 1654 episcopalis
1226 1579 1446 1652 zagrabiensis,

183 1705 286 1748 coram
318 1687 430 1745 eodem
459 1687 598 1744 curiense
621 1686 742 1743 nullam
766 1687 856 1743 nobis
878 1685 1032 1762 justiciam
1057 1703 1112 1744 nec
1136 1688 1275 1759 aliquam
1311 1684 1448 1744 satisfac·

183 1798 301 1854 cionem
324 1793 504 1868 impendere
527 1794 694 1850 voluerunt
717 1792 835 1850 domini
859 1792 988 1867 capituli
1011 1792 1148 1866 sepefati,
1173 1794 1203 1850 in
1234 1796 1449 1866 contemptum

184 1912 212 1962 et
235 1900 424 1976 der'ogamen
447 1917 483 1959 ac
506 1901 739 1975 oppressionem
762 1898 878 1977 jurium
903 1904 932 1958 et
946 1902 1128 1959 libertatum
1144 1899 1277 1958 civitatis
1300 1898 1447 1973 sepefate.

285 2048 475 2096 Documentum
503 2044 709 2097 transactiouale.
736 2046 768 2093 In
791 2045 886 2097 archiv.
906 2062 964 2098 ven.
984 2046 1068 2110 Capit.
1090 2047 1189 2109 zagrab.
1210 2047 1272 2097 Act.
1292 2046 1376 2112 Capit.
1396 2050 1448 2097 ant.

183 2136 240 2187 ase.
264 2148 304 2188 ro.
324 2150 361 2186 nr.
384 2134 423 2184 16.

784 2312 840 2376 81.

289 2474 370 2522 Anno
392 2485 466 2538 1435,
490 2485 511 2525 1.
529 2471 647 2537 januarii.
667 2472 815 2536 Zagrabiae.

183 2603 343 2678 lohannes,
373 2602 506 2660 cistercii.
530 2600 647 2674 zagrab.
671 2601 769 2670 abbas,
801 2602 997 2658 communitati
1015 2602 1141 2659 citu'tale's
1162 2602 1279 2674 zqgrrab.
1302 2603 1452 2675 excrnplar

185 2710 258 2782 regis
281 2705 466 2783 Sigismmrdi
485 2708 658 2777 litterarum,
680 2707 786 2782 quibus
815 2709 1000 2766 cortrmum'tas
1022 2709 1153 2782 ciuesque
1175 2708 1205 2764 in
1228 2709 1345 2765 tutelam
1368 2726 1449 2766 assu·

685 2822 811 2883 nrunmr,
834 2815 868 2872 dc
884 2823 935 2874 ert.

287 2958 350 3016 Nos
373 2957 469 3016 frater
491 2958 654 3041 JohanneS,
679 2959 778 3017 abbas
802 2961 980 3018 monasterii
1006 2960 1096 3018 beate
1119 2962 1215 3018 llario
1239 2976 1364 3034 semper
1387 2962 1450 3020 vir·

184 3066 262 3138 ginis
284 3064 323 3122 de
347 3063 506 3138 Zagrabia,
530 3065 648 3123 ordinis
668 3064 801 3123 fratrum
826 3066 1087 3138 Cisterciensium,
1112 3072 1257 3141 totusque
1280 3074 1449 3126 conventus

183 3170 313 3229 fratrum
336 3172 400 3229 loci
422 3171 571 3230 eiusdem.
596 3170 813 3245 significamus
837 3180 942 3231 tenore
965 3176 1169 3247 presencium,
1186 3175 1301 3248 quibus
1321 3174 1448 3248 expedit

184 3279 344 3349 universis,
370 3278 452 3351 quod
477 3279 638 3359 JohanneS,
662 3279 747 3337 filius
771 3280 858 3352 Pero,
883 3281 977 3338 iudex
1000 3288 1030 3340 et
1061 3283 1237 3340 Anthonius
1260 3296 1296 3338 ac
1318 3281 1446 3354 Fryche‚

184 3383 275 3441 iurati
297 3385 380 3442 cives
404 3385 538 3442 civitatis
561 3387 675 3444 montis
698 3385 869 3457 Grecensis,
891 3403 950 3462 pro
973 3404 1006 3446 se
1029 3393 1059 3445 et
1075 3403 1133 3464 pro
1158 3389 1311 3445 universis
1328 3388 1450 3445 civibus

185 3504 220 3548 ac
242 3505 300 3564 pro
324 3495 388 3548 tota
411 3492 632 3549 communitate
662 3492 800 3550 ciusdem
833 3495 973 3565 civitatis,
1006 3494 1045 3552 ad
1075 3502 1215 3553 nostram
1245 3493 1451 3567 personaliter

186 3598 341 3655 venientes
370 3599 571 3670 presenciam,
606 3599 812 3657 exhibuerunt
846 3600 936 3657 nobis
972 3600 1124 3673 quasdam
1159 3602 1279 3659 litteras
1310 3605 1449 3673 patentes

186 3703 438 3761 excellentissimi
472 3706 621 3791 principis
651 3705 771 3763 domini
801 3704 1001 3780 sigismundi,
1028 3708 1078 3766 dei
1109 3709 1213 3780 gracia
1237 3708 1449 3764 Romanorum

181 3809 387 3884 imperatoris,
411 3826 535 3884 semper
558 3813 688 3885 augusti,
712 3827 748 3870 ac
770 3812 937 3884 ilungarie,
961 3814 1115 3885 Bohemie,
1134 3815 1304 3883 Dalmacic,
1322 3814 1450 3873 Croacie

185 3921 239 3974 etc.
263 3917 353 3988 regis,
377 3914 495 3975 domini
518 3921 615 3975 nostri
638 3924 667 3975 et
691 3933 800 3976 eorum
816 3920 975 3991 naturalis,
992 3921 1166 3993 plurimum
1184 3921 1341 3979 metuendi
1357 3927 1449 3994 atque

182 4024 330 4094 generosi,
354 4023 460 4096 sigillo
482 4039 535 4081 sue
559 4026 731 4082 serenitatis
754 4026 838 4097 regie
862 4024 981 4082 dudum
1005 4028 1207 4098 consignatas,
1233 4033 1370 4101 petentes
1393 4042 1450 4085 nos

184 4126 289 4187 debita
311 4145 440 4203 precum
464 4146 534 4187 cum
559 4132 715 4202 instancia,
739 4137 772 4188 ut
796 4138 935 4189 tenorem
959 4132 1138 4190 earumdem
1159 4133 1335 4192 litterarum
1351 4134 1449 4206 ipsius

183 4232 301 4293 domini
323 4236 422 4293 nostri
444 4237 527 4310 regis
557 4237 752 4311 presentibus
787 4237 898 4295 litteris
933 4240 1045 4296 nostris
1081 4240 1257 4313 patentibus
1293 4241 1385 4298 inseri
1419 4243 1450 4297 et

182 4340 287 4413 sigillo
310 4348 418 4399 nostro
440 4350 470 4400 et
493 4344 690 4401 conventuali
712 4345 886 4416 consignari
911 4344 1064 4417 facientes,
1089 4345 1205 4403 eisdem
1239 4362 1277 4403 ex
1307 4360 1343 4403 eo
1375 4345 1449 4402 dare

181 4443 389 4520 dignaremur,
413 4465 451 4506 ne
476 4465 531 4523 per
555 4448 733 4506 discrimina
757 4451 880 4508 viarum
906 4451 989 4524 ipsas
1014 4453 1132 4509 litteras
1161 4451 1300 4509 eiusdem
1331 4450 1449 4509 domini

180 4555 278 4612 nostri
307 4556 399 4628 regis,
430 4555 556 4613 eosdem
587 4557 670 4612 cives
693 4554 774 4613 dicte
798 4558 931 4614 civitatis
966 4557 1188 4631 quoquomodo
1211 4558 1353 4615 amittere
1376 4570 1447 4615 con·

180 4661 285 4735 tingat.
309 4661 580 4735 Quacumquidem
604 4663 779 4720 litterarum
796 4668 884 4722 tenor
899 4665 970 4722 talis
986 4670 1047 4722 est:
1065 4659 1139 4743 (vid
1157 4664 1226 4722 Vol.
1243 4663 1264 4721 1.
1279 4663 1354 4721 Doc.
1372 4678 1447 4739 404·

179 4766 217 4825 de
232 4782 314 4826 anno
335 4781 426 4842 1397.
445 4783 492 4828 ar.
509 4761 633 4845 martii).
651 4767 714 4827 Nos
731 4769 834 4842 itaque
851 4771 1057 4844 peticionibus
1075 4776 1321 4828 memoratorum
1337 4768 1447 4826 iudicis

177 4878 208 4933 et
230 4874 405 4935 iuratorum
427 4875 546 4933 civium
569 4875 702 4933 civitatis
725 4881 894 4950 prenotate,
917 4877 1005 4934 iustis
1041 4883 1150 4952 utputa
1180 4881 1211 4932 et
1240 4873 1444 4937 iuriconsonis
