3278 5348
280 482 321 542 34
707 462 780 522 Duc.
798 475 852 538 32.
876 493 919 505 —
941 463 998 519 An.
1022 475 1111 542 1422.

261 679 419 745 ,diversas
443 677 661 751 multipliciter
684 691 856 750 provocare
879 678 998 752 pariter
1019 682 1050 735 et
1082 681 1229 753 persequi
1259 681 1290 739 in
1321 679 1426 753 oapite
1452 685 1536 752 atque

279 785 438 844 membris.
462 783 654 856 Quinymmo
676 798 695 840 a
719 799 797 840 voce
821 784 918 858 patris
941 785 1082 857 ipsorum
1099 787 1272 858 spiritualis
1287 801 1384 844 suum
1400 784 1536 843 auditum

278 896 462 961 avertentes,
487 890 655 948 execrabili
679 897 708 948 et
731 890 932 948 horribilium
948 905 1102 948 novorum
1128 892 1280 950 scelerum
1304 908 1416 951 eorum
1438 891 1540 951 odiosa

279 998 520 1071 presumpcione
555 1002 585 1054 et
620 997 867 1070 parviprivitatis
901 995 1039 1067 licencia,
1072 996 1188 1055 nedum
1222 996 1261 1055 ad
1300 999 1391 1056 illam
1429 1012 1541 1056 novam

278 1103 471 1162 crudelitatis
494 1104 639 1160 seviciem
664 1117 773 1159 manus
796 1101 997 1174 extendendo,
1021 1118 1116 1175 quam
1140 1103 1275 1176 quilibet
1298 1103 1404 1162 fidelis
1419 1110 1542 1162 actenus

277 1211 413 1283 cogitare
436 1209 583 1267 horrebat
606 1208 657 1264 vel
680 1207 787 1266 audire
810 1222 921 1266 verum
945 1211 1043 1266 eciam
1066 1209 1174 1283 pavidi
1196 1216 1227 1267 et
1256 1208 1408 1268 vecordes
1431 1210 1545 1269 redditi

279 1323 308 1374 et
332 1317 362 1374 in
386 1316 503 1372 multos
526 1314 599 1372 facti
622 1314 803 1372 audaciores
825 1314 864 1371 ad
888 1315 1013 1374 insolita
1036 1322 1067 1373 et
1089 1317 1255 1374 attrociora
1287 1316 1410 1389 flagicia
1434 1332 1544 1390 perpe·

278 1422 397 1491 tranda,
420 1421 458 1478 de
481 1435 561 1477 anno
583 1421 727 1478 similiter
750 1421 885 1495 presenti
909 1422 1029 1478 malum
1052 1422 1137 1479 malo
1160 1422 1388 1479 accumulando
1408 1428 1439 1481 et
1463 1424 1545 1497 ipso-

279 1544 348 1586 rum
375 1528 547 1599 malignum
572 1542 607 1582 ac
630 1527 861 1599 iniquissimum
884 1528 1081 1601 propositum
1106 1529 1325 1599 continuantes,
1356 1534 1392 1585 ut
1422 1529 1544 1587 clerum

277 1637 380 1709 ipsum
400 1633 535 1690 finaliter
559 1633 771 1704 extinguerent
795 1640 824 1690 et
847 1633 976 1690 ecclesie
997 1633 1094 1706 ipsius
1118 1633 1295 1691 libertatem
1319 1634 1535 1707 deprimerent

277 1743 307 1798 in
333 1740 383 1797 die
406 1740 585 1796 beatissime
608 1740 803 1810 llargarethe
827 1739 958 1811 virginis
981 1746 1012 1797 et
1035 1740 1171 1797 martiris
1195 1739 1233 1798 de
1256 1755 1362 1798 meuse
1376 1740 1544 1821 Juliianni

277 1848 437 1920 presentis,
462 1861 522 1919 qua
546 1846 659 1902 exteris
694 1847 791 1902 eciam
815 1853 844 1902 et
869 1847 978 1903 ceteris
1008 1862 1045 1903 ex
1068 1846 1227 1918 regalibus
1258 1846 1434 1920 privilegiis
1466 1863 1546 1905 nun·

277 1952 421 2010 dinarum
446 1959 586 2024 tempore
609 1951 727 2008 ibidem
751 1958 856 2008 asvete
879 1952 1060 2009 habitarum
1083 1967 1146 2025 pax
1170 1952 1262 2011 datur
1283 1959 1313 2009 et
1336 1958 1446 2024 status,
1461 1958 1546 2012 tran·

278 2059 417 2130 quillitas
441 2057 586 2115 omnibus
610 2065 759 2127 servatur,
782 2073 890 2129 ymmo
913 2057 1062 2130 quietudo
1089 2058 1263 2116 criminosis
1282 2058 1415 2127 illibata,
1440 2059 1544 2133 ipsam

277 2165 438 2221 ecclesiam
463 2167 654 2220 nostramet
678 2163 797 2221 clerum
822 2170 962 2220 nostrum
985 2162 1136 2237 replendo
1166 2164 1372 2222 amaritudine
1404 2165 1546 2238 populus

277 2287 350 2328 suus
385 2284 492 2341 ymmo
527 2276 610 2326 certe
644 2286 724 2327 nunc
754 2286 814 2327 non
839 2286 921 2340 suuS,
946 2270 1019 2343 quia
1043 2285 1121 2342 quos
1144 2271 1192 2329 ius
1214 2269 1379 2345 spirituale
1402 2269 1492 2328 dedit
1514 2272 1545 2328 iu

277 2379 429 2451 proprios,
453 2377 582 2448 laycalis
606 2376 708 2433 reddit
731 2378 841 2435 iniuria
865 2377 991 2447 alienos,
1015 2377 1207 2448 insurgentes
1239 2377 1270 2433 in
1302 2382 1438 2433 matrem
1476 2376 1545 2447 filii,

276 2498 293 2539 a
328 2482 505 2555 pastoribus
538 2497 613 2539 oves
646 2482 825 2553 oberantes‚
860 2483 972 2540 iniuria
1004 2483 1202 2556 superiorum
1235 2496 1364 2539 suorum
1399 2482 1545 2541 iniuriosi

276 2589 415 2657 subiecti,
439 2588 565 2644 sathane
586 2588 745 2658 satellites,
769 2587 953 2645 desudantes
977 2604 1102 2645 rursum
1125 2587 1272 2645 videlicet
1303 2588 1388 2646 cives
1418 2588 1469 2647 illi
1500 2590 1547 2647 ni·

277 2694 375 2750 mium
399 2693 565 2750 inciviliter
589 2693 627 2749 de
643 2694 726 2751 dicto
743 2701 846 2751 monte
862 2693 1008 2751 Grecensi
1024 2708 1122 2766 prope
1139 2692 1324 2765 Zagrabiam
1341 2709 1397 2751 sue
1413 2710 1547 2768 prorsus

277 2800 477 2856 immemores
501 2799 602 2868 saluti,
627 2798 728 2855 adhuc
752 2816 845 2857 manu
869 2801 1010 2873 ipsorum
1034 2805 1157 2856 extenta
1188 2799 1227 2856 ad
1257 2800 1403 2873 rapinam
1436 2805 1468 2858 et
1500 2802 1546 2859 in·

276 2905 385 2961 stantis
408 2906 607 2962 continuitate
631 2906 807 2963 vexacionis
830 2906 873 2962 sic
897 2907 1006 2963 matris
1029 2905 1201 2963 honoribus
1224 2905 1355 2977 onerosi,
1372 2905 1458 2978 quod
1483 2908 1545 2965 sibi

276 3011 336 3067 sint
372 3012 465 3082 oneri,
501 3012 682 3069 ancillantes
716 3016 849 3068 matrem
880 3013 982 3084 ipsam
1018 3027 1135 3081 eorum,
1166 3017 1284 3069 utnon
1308 3018 1460 3069 vocentur
1483 3011 1543 3070 filii

277 3117 376 3175 libere
411 3117 462 3173 sed
498 3119 619 3185 ancille,
655 3117 750 3175 simili
787 3116 879 3173 modo
910 3119 941 3175 in
971 3134 1068 3175 unum
1104 3117 1239 3188 adunati,
1273 3117 1380 3174 habito
1403 3118 1486 3176 inter
1509 3133 1543 3175 se

281 3224 394 3280 iterum
421 3238 527 3280 eorum
553 3223 661 3280 odioso
685 3222 876 3295 malignandi
900 3224 1028 3279 consilio
1060 3239 1095 3279 ac
1131 3225 1161 3280 in
1195 3223 1288 3280 malis
1322 3223 1395 3297 plus
1428 3225 1544 3287 soluto,

276 3345 363 3385 more
399 3331 511 3386 iterum
546 3330 712 3402 predonico
747 3335 777 3386 et
811 3336 918 3387 asveto
952 3330 1149 3386 innocentum
1184 3330 1365 3401 sanguinem
1388 3328 1545 3400 sicientes,

277 3449 370 3490 manu
395 3435 535 3507 ipsorum
560 3442 679 3491 armata
704 3441 733 3491 et
757 3435 916 3507 sacrilega,
941 3434 979 3491 de
1003 3436 1071 3508 ipsa
1095 3434 1247 3506 sacrilega
1268 3434 1393 3492 civitate
1409 3435 1440 3492 in
1459 3437 1544 3510 capi·

278 3540 395 3595 tulares
430 3555 515 3596 areas
549 3540 767 3597 descendentes
804 3540 843 3597 ad
881 3540 1007 3613 pulsum
1044 3555 1194 3613 campane
1224 3541 1365 3613 ipsorum
1397 3540 1545 3600 similiter

276 3646 403 3701 maioris
427 3646 466 3701 ad
484 3647 583 3702 curias
600 3645 799 3703 dominorum
817 3648 1035 3703 canonicorum
1054 3647 1196 3719 nequiter
1212 3645 1415 3718 declinarunt,
1431 3646 1545 3706 domos

276 3751 480 3807 subintrando
516 3751 706 3821 eorumdem,
743 3768 873 3823 quarum
911 3753 1063 3825 quasdam
1098 3755 1193 3811 rebus
1225 3758 1255 3812 et
1283 3753 1374 3811 bouis
1396 3755 1545 3813 omnibus

277 3857 352 3912 inibi
377 3857 507 3929 repertis
531 3863 561 3915 et
584 3858 795 3929 existentibus,
828 3858 991 3916 confractis
1023 3861 1132 3917 hostiis
1163 3859 1330 3916 domorum
1358 3858 1543 3918 eorumdem

276 3975 311 4018 ac
334 3963 451 4034 apertis
474 3963 601 4019 omnino
624 3963 799 4036 spoliarunt
822 3969 852 4020 et
875 3980 979 4022 secum
1011 3967 1041 4022 in
1077 3964 1207 4037 predam
1242 3968 1472 4037 ausportarunt
1507 3967 1544 4023 Et

276 4068 337 4140 ipsi
360 4069 515 4139 rugientes
551 4070 642 4125 belue
675 4085 709 4125 ac
742 4071 839 4126 bestie
863 4070 1020 4128 indomate
1044 4069 1214 4127 secundum
1238 4069 1322 4143 quod
1346 4070 1447 4129 facere
1473 4087 1544 4130 con·

276 4178 443 4230 sueverunt
466 4189 613 4246 personas
639 4176 791 4247 plurimas
812 4177 1034 4233 ecclesiasticas
1058 4182 1088 4232 et
1111 4176 1269 4233 seculares
1300 4191 1399 4250 usque
1431 4178 1543 4235 mortis

276 4280 433 4336 interitum
459 4279 643 4337 vulneribus
667 4281 743 4338 diris
767 4283 951 4352 sauciarunt,
965 4283 1176 4354 gravibusque
1200 4288 1230 4338 et
1254 4281 1385 4340 diversis
1401 4282 1543 4356 plurima

277 4384 444 4442 homicidia
468 4391 690 4457 perpetrantes,
714 4403 847 4459 quorum
880 4389 1004 4459 sanguis
1036 4388 1073 4444 de
1105 4393 1188 4445 terra
1218 4387 1258 4445 ad
1289 4388 1393 4445 celum
1425 4388 1543 4447 clamat

275 4490 423 4547 nimirum
459 4505 517 4563 pro
553 4493 697 4562 vindicta,
734 4494 924 4565 clericosque
960 4500 990 4550 et
1025 4496 1224 4567 presbiteros,
1260 4509 1395 4567 quorum
1430 4494 1543 4552 domos

275 4596 372 4652 eciam
407 4597 638 4669 confringend0‚
674 4598 717 4655 sic
751 4606 784 4656 ut
818 4598 981 4672 prefertur,
1013 4601 1236 4671 subintrarunt,
1268 4600 1370 4673 ruptis
1393 4601 1543 4659 similiter

275 4701 383 4759 hostiis
406 4702 588 4759 eorumdem
613 4703 707 4758 rebus
731 4704 858 4761 infinitis
880 4707 1055 4779 spoliarunt
1079 4713 1108 4763 et
1133 4706 1232 4775 libris,
1257 4705 1347 4764 novis
1371 4721 1497 4780 quoque
1513 4712 1544 4765 et

275 4808 437 4879 exquisitis
461 4808 625 4881 suppliciis
649 4822 684 4864 ac
708 4811 869 4867 tormentis
893 4812 1061 4868 enormiter
1085 4811 1371 4884 irrecuperabiliter
1393 4826 1430 4869 ac
1453 4813 1542 4871 inhu-

274 4912 407 4970 maniter
430 4920 459 4969 et
483 4929 608 4986 semper
631 4930 729 4987 usque
752 4917 910 4988 sanguinis
926 4918 1119 4988 effusionem,
1136 4933 1214 4991 quos
1230 4917 1347 4976 habere
1363 4924 1542 4997 potuerunt,
