3278 5348
194 446 252 514 158
618 441 691 498 Doc.
717 432 786 498 120.
810 473 853 483 -
875 441 932 499 An.
958 435 1049 518 1438.

189 660 308 718 litteras
332 663 452 716 vestras
476 658 687 732 inquisitorias
709 663 740 715 et
762 657 954 729 evocatorias
975 656 1102 715 domino
1118 654 1321 730 sigismundo
1336 656 1402 729 regi
1416 653 1452 713 ad

188 781 280 822 suum
304 766 426 838 regium
456 765 677 822 litteratorium
709 762 890 821 mandatum
921 763 1096 836 rescriptas,
1126 777 1267 821 asserens
1298 762 1452 820 aecionem

188 878 217 930 et
242 872 494 946 proposicionem
519 869 593 928 dicti
617 870 747 944 capituli
770 869 883 928 litteris
903 869 1052 928 contineri
1075 869 1107 928 in
1130 869 1257 940 eisdem,
1281 867 1385 926 eidem
1407 882 1456 926 co·

188 978 273 1037 mitis
303 979 443 1035 Matheus
475 982 666 1051 presentasse
696 974 898 1034 declarando:
932 974 1016 1050 quod
1040 975 1169 1046 Blasius,
1192 974 1279 1033 filius
1301 972 1457 1032 Benedicti

188 1084 227 1141 de
242 1083 425 1142 Therste'nik
442 1084 546 1156 regius
569 1088 598 1140 et
621 1081 773 1140 discretus
798 1083 846 1140 vir
868 1081 1021 1154 Georgius
1044 1081 1202 1156 presbiter
1223 1081 1312 1138 chori
1329 1081 1456 1138 ecclesie

189 1195 292 1249 vestre
315 1190 455 1264 predicte
469 1188 702 1263 prebendarius
726 1194 837 1260 vester,
860 1188 1010 1259 homines,
1026 1187 1067 1245 ad
1089 1188 1210 1261 regium
1234 1187 1457 1245 litteratorium

188 1297 370 1355 mandatum
394 1296 574 1368 transmissi,
599 1294 675 1354 feria
699 1295 806 1370 quinta
837 1295 982 1368 proxima
1011 1298 1083 1367 post
1113 1293 1302 1351 dominicam
1335 1293 1456 1350 Ramis-

188 1406 365 1478 palmamm
390 1405 422 1462 in
445 1403 528 1461 dicto
551 1418 631 1460 anno
656 1403 802 1476 preterito
826 1402 857 1459 in
880 1402 1030 1459 comitatu
1044 1399 1237 1474 zagrabiensi
1253 1398 1458 1473 procedentes

188 1511 229 1567 ab
252 1511 397 1568 omnibus
421 1510 535 1583 quibus
558 1508 711 1566 decuisset
732 1515 762 1565 et
784 1508 922 1565 licuisset
946 1507 1052 1580 palam
1075 1512 1106 1564 et
1136 1505 1256 1564 occulte
1287 1504 1327 1562 de
1358 1504 1455 1563 infra·

187 1618 311 1691 scriptis
329 1616 528 1690 inquirendo,
544 1616 639 1673 talem
653 1615 814 1673 scivissent
832 1615 1013 1672 veritatem:
1038 1612 1196 1687 quomodo
1219 1611 1331 1684 Chyin,
1354 1611 1457 1686 judex,

187 1721 376 1791 Valentinus,
407 1720 537 1779 Gobech
567 1721 675 1792 dictus,
713 1721 887 1778 Anthonius
913 1719 951 1777 de
982 1719 1151 1790 Floreneia,
1181 1718 1348 1801 Johannes,
1373 1717 1457 1776 filius

187 1827 322 1902 Peronis,
346 1827 532 1898 Demetrius,
558 1829 709 1886 Martinus
733 1834 843 1897 sartor,
866 1833 938 1884 tunc
961 1824 1105 1895 decanus,
1130 1824 1283 1898 Georgius
1315 1824 1356 1882 de
1388 1825 1456 1882 vico

190 1942 341 2004 sutorum,
365 1935 514 2006 Andreas,
537 1934 622 1992 filius
644 1935 735 2005 Petri,
760 1933 874 1991 Paulus
897 1933 1020 1991 Thatar.
1053 1930 1165 2007 jurati3
1196 1931 1339 2001 Michael,
1370 1930 1455 1989 filius

188 2039 368 2111 Sebastiam,
391 2041 553 2122 Johannes,
578 2039 793 2112 Zygeththyak
815 2039 924 2110 dictus,
954 2039 1109 2120 Johannes
1134 2038 1258 2107 Pehem‚
1293 2037 1450 2120 Johannes

186 2147 361 2221 Hungarus,
396 2146 565 2219 Gregorius
596 2144 817 2218 deesthych,
851 2145 996 2216 linceius,
1021 2144 1121 2202 frater
1144 2143 1291 2214 eiusdem,
1315 2143 1453 2226 Jaxinus,

186 2253 270 2311 filius
296 2251 367 2322 Bok,
391 2252 536 2309 Clemens
559 2253 689 2323 institor,
713 2252 912 2333 Jacomellus,
936 2251 1059 2321 Paulus,
1083 2250 1168 2309 filius
1191 2249 1313 2320 Giwan,
1338 2249 1452 2306 Paulus

186 2359 360 2430 Hungarus,
383 2358 512 2430 Egidius
546 2357 691 2429 carnifex,
727 2358 909 2429 anthonius,
944 2357 1062 2428 Petrus,
1098 2356 1198 2414 dictus
1221 2352 1453 2424 Plesmenchak,

186 2465 427 2537 Chagantowich
463 2464 586 2535 Paulus,
620 2463 810 2523 Swllrowieh
843 2464 959 2521 Paulus
982 2461 1128 2534 carnifex,
1151 2463 1302 2520 Martinus
1325 2459 1453 2537 juratus,

185 2571 305 2628 Blasius
337 2571 436 2628 dictus
467 2571 589 2642 Fraym,
621 2571 806 2628 Laurencius
837 2570 967 2641 institor,
1000 2569 1079 2628 alter
1109 2567 1305 2637 Laurencius,
1337 2566 1455 2624 Paulus

185 2676 398 2749 Sydowanich,
423 2676 584 2733 Ladislaus
608 2676 799 2751 Ztiplrouich,
828 2676 1008 2733 Dominieus
1043 2674 1237 2746 Maxethych,
1277 2672 1454 2746 Stephanus

185 2784 347 2855 litteratus,
379 2783 479 2840 dictus
516 2782 678 2853 Bakovch,
714 2782 883 2855 Gregorius
918 2782 1091 2853 Valentini,
1130 2779 1312 2839 Benedictus
1351 2777 1449 2849 rufus,

185 2890 352 2961 Dyonisius
385 2890 588 2960 Mozlawech,
623 2890 738 2947 Paulus
774 2891 911 2947 Rusman
947 2888 1056 2959 dictus,
1092 2888 1223 2945 Mathias
1254 2891 1365 2957 sartor,
1397 2886 1454 2943 La·

186 2995 302 3053 dislaus
326 3003 356 3052 et
387 2997 545 3054 Emericus
569 2995 728 3067 aurifabri,
752 2996 925 3068 Farkasius,
950 2995 1036 3053 filius
1059 2994 1169 3068 Egidii,
1203 2993 1288 3051 lwan
1316 2992 1452 3063 italicus,

185 3102 298 3158 Paulus
320 3107 428 3173 sartor,
454 3102 559 3159 Kusuc
582 3101 720 3160 carnifex
744 3102 783 3159 de
807 3102 938 3173 civitate,
963 3101 1143 3158 Dominieus
1167 3105 1197 3156 et
1223 3098 1340 3156 Paulus
1364 3098 1448 3156 selli-

184 3223 282 3280 pares,
309 3207 451 3277 Netvred,
475 3209 595 3265 Blasius
619 3214 714 3280 sutor,
745 3207 919 3281 Stephanus
950 3207 1051 3265 dictus
1080 3206 1200 3276 Kweth,
1232 3205 1316 3263 Iwan
1351 3204 1452 3277 faber,

184 3313 338 3394 Johannes
363 3313 502 3387 pellifex,
516 3314 661 3372 Nicolaus
683 3320 712 3372 et
729 3314 868 3371 Andreas
884 3313 958 3372 dieti
975 3312 1161 3385 Bogdanich‚
1185 3311 1332 3371 Clemens
1357 3312 1452 3369 Prau·

184 3419 265 3484 dich‚
285 3421 397 3476 Paulus
419 3420 625 3491 lwankovich,
643 3421 836 3491 Ambrosius,
857 3420 1018 3493 Georgius,
1035 3419 1120 3477 filius
1133 3417 1297 3490 Francisci,
1311 3418 1451 3476 Thomas

185 3526 357 3598 Kwnnych
372 3527 509 3583 Thomas
525 3527 641 3597 calvus,
657 3527 811 3596 Nicotaus,
829 3526 1011 3583 Valentinus
1028 3525 1126 3583 dictus
1144 3525 1250 3595 Peren,
1267 3523 1408 3596 Gywralr
1424 3531 1455 3583 et

108 3632 110 3636 ‘
184 3631 365 3689 Valentinus
387 3633 460 3690 dicti
486 3635 677 3704 llozlowich,
702 3635 815 3690 Paulus
839 3633 1011 3705 sagitariuS,
1035 3632 1173 3690 Thomas
1196 3631 1297 3690 dictus
1322 3632 1452 3703 Dwack,

181 3738 324 3820 Jacobus,
342 3740 423 3796 Elias
436 3742 595 3810 sagittarii,
611 3741 766 3823 Johannes
783 3755 923 3812 arcupar,
941 3739 1124 3796 Valentinus
1147 3746 1241 3810 sutor,
1266 3737 1453 3797 Valentinus

183 3837 332 3902 Anthonii
350 3851 379 3901 et
396 3846 507 3903 Gallus
523 3862 697 3920 arcupares,
713 3848 868 3919 ceterique
885 3847 1022 3904 universi
1038 3848 1121 3904 cives
1137 3852 1168 3904 et
1182 3844 1294 3919 populi
1314 3845 1451 3903 civitatis

182 3953 296 4008 montis
320 3951 482 4009 Grecensis
517 3955 547 4010 in
579 3953 687 4010 eadem
720 3954 843 4011 civitate
867 3954 950 4010 etin
973 3953 1126 4010 suburbio
1149 3951 1289 4010 eiusdem
1312 3951 1450 4010 civitatis

182 4057 268 4114 iuxta
292 4057 475 4129 Zagrabiam
499 4061 583 4117 mala
607 4075 715 4116 eorum
739 4075 833 4133 opera
857 4061 888 4117 in
920 4061 1024 4134 ipsum
1057 4059 1230 4133 capitulum
1252 4074 1271 4115 a
1294 4058 1451 4117 diuturnis

182 4165 376 4236 temporibus
414 4165 580 4224 crudeliter
615 4173 644 4223 et
686 4167 863 4223 immaniter
905 4168 1113 4223 exercuissent
1145 4169 1176 4223 et
1210 4164 1454 4236 commisissent,

181 4285 327 4342 sumpma
364 4270 474 4327 exinde
509 4273 690 4329 temeritatis
725 4273 856 4329 audacia
879 4272 910 4330 in
933 4288 1013 4329 anno
1037 4272 1155 4330 domini
1178 4270 1350 4329 millesimo
1375 4286 1451 4344 qua·

181 4375 422 4447 dringentcsimo
457 4379 608 4449 vigesimo
647 4379 781 4435 secundo
820 4380 975 4453 preterito,
1006 4379 1152 4436 videlicet
1186 4376 1320 4435 infesto
1344 4383 1449 4435 sancte

180 4481 340 4540 Trinitatis
363 4484 474 4541 turrim
497 4484 594 4557 ipsius
618 4485 747 4557 capituli
771 4486 802 4541 in
826 4486 908 4542 dicto
939 4492 1044 4542 monte
1075 4484 1176 4542 Grech
1210 4483 1360 4553 habitam,
1392 4483 1448 4541 ubi

181 4603 229 4644 res
253 4594 283 4645 et
306 4588 387 4645 bona
411 4589 492 4647 dicte
515 4590 642 4647 ecclesie
666 4597 696 4647 ct
720 4590 793 4648 dicti
817 4590 944 4663 capituli
961 4590 1168 4663 zagrabiensis
1184 4594 1314 4664 propter
1331 4595 1451 4648 metum

181 4693 354 4752 Turcorum
371 4695 409 4752 ad
427 4696 673 4753 conservandum
696 4697 915 4771 reposuissent,
939 4696 1125 4767 obsidentes,
1148 4701 1179 4753 et
1200 4685 1301 4754 multa
1323 4701 1449 4754 caterva

181 4801 342 4858 hominum
366 4809 557 4860 armatorum
574 4803 853 4874 circumvallantes,
870 4804 1054 4875 magistrum
1072 4801 1451 4861 Ladislaum.de1)au0tb
1469 4873 1480 4890 ‚

181 4908 298 4964 socium
334 4913 364 4965 et
398 4911 637 4967 concanonicum
670 4926 731 4984 pro
765 4918 837 4969 tunc
866 4911 1008 4984 ipsorum
1044 4925 1103 4985 pro
1126 4909 1267 4968 custodia
1291 4908 1449 4968 dictarum
