3278 5348
612 449 686 508 Doc.
709 444 780 506 281.
808 481 847 492 —
872 448 930 507 An.
954 418 1043 526 1472}
1394 467 1466 541 349¹

191 664 327 722 civitatis
349 663 505 736 Dedyche,
537 663 769 734 Chernemercz,
793 665 913 739 Bythek
935 674 965 725 et
988 665 1098 724 Nouak
1114 671 1248 736 vocatas,
1274 665 1461 741 easdemque

190 785 252 827 una
276 786 346 829 cum
369 770 451 828 vado
475 771 658 842 Kyralrewe
682 778 792 829 vocato
816 773 847 830 in
869 771 964 831 fluvio
996 772 1086 829 Zawe
1109 773 1225 843 habito,
1249 772 1280 830 in
1304 773 1460 831 territorio

191 875 274 933 dicte
298 876 431 935 civitatis
462 884 492 933 et
523 877 671 935 comitatu
702 877 894 949 zagrabiensi
918 879 1090 948 existentes,
1114 878 1244 948 habitas,
1277 877 1459 952 eisdemque

191 983 314 1040 civibus
338 982 418 1041 dicte
441 982 574 1041 civitatis
598 984 711 1042 montis
735 982 896 1042 Grecensis
920 1000 976 1059 per
999 985 1118 1056 regiam
1142 984 1333 1042 maiestatem
1358 983 1459 1042 denuo

191 1087 280 1146 datas
302 1094 333 1147 et
349 1090 488 1162 collatas,
511 1090 614 1148 minus
634 1090 713 1148 iuste
734 1096 764 1148 et
787 1090 924 1148 indebite
947 1105 983 1148 ac
1006 1096 1111 1163 preter
1134 1104 1259 1147 omnem
1275 1090 1360 1148 viam
1382 1086 1459 1165 juris

190 1211 208 1252 a
231 1196 377 1253 manibus
407 1195 589 1254 eorumdem
619 1196 737 1253 civium
760 1211 818 1270 pro
841 1211 874 1254 se
896 1196 965 1269 ipso
988 1196 1144 1268 occupari,
1167 1203 1394 1271 occupatasque
1417 1195 1455 1254 ad

187 1301 366 1376 predictum
389 1309 525 1360 castrum
549 1302 669 1361 Medwe
699 1303 807 1373 averti,
830 1301 1017 1376 easdemque
1040 1308 1070 1360 et
1100 1300 1185 1359 idem
1212 1300 1331 1360 vadum
1362 1317 1452 1361 occu·

188 1414 279 1482 patas
302 1414 441 1466 tenerent
463 1416 493 1466 et
515 1414 674 1466 uterentur
690 1408 788 1466 eciam
811 1407 849 1465 de
872 1408 1014 1481 presenti
1038 1406 1147 1465 Certos
1163 1408 1261 1464 eciam
1276 1405 1458 1483 jobagiones

188 1504 278 1572 villis
308 1515 340 1572 in
369 1514 485 1573 eisdem
517 1514 693 1585 residentes,
717 1514 854 1588 propriis
884 1514 915 1571 in
946 1514 1086 1587 personis
1119 1513 1270 1587 captivari
1299 1522 1329 1571 et
1351 1522 1459 1588 captos

188 1613 344 1694 quosdam
377 1621 408 1678 in
437 1628 531 1694 portu
560 1620 667 1691 Zawe,
697 1620 737 1678 ad
759 1621 865 1693 ipsum
887 1619 1018 1679 fluvium
1040 1619 1130 1677 Zawe
1153 1620 1357 1693 proiecerunt,
1380 1620 1459 1679 alios

187 1732 295 1784 autem
318 1720 433 1800 captos,
451 1728 593 1785 manibus
615 1743 634 1784 a
657 1733 744 1799 tergo
768 1727 871 1799 ligatis
894 1725 935 1783 ad
958 1725 1077 1785 dictum
1100 1732 1237 1784 castrum
1260 1726 1380 1784 Medwe
1402 1728 1458 1785 ab·

188 1833 270 1904 duci,
288 1833 395 1906 ibique
418 1833 590 1891 vinculatos
613 1840 676 1890 tam
701 1832 754 1890 diu
777 1833 955 1890 conservari
977 1831 1128 1904 fecissent,
1150 1847 1311 1906 quousque
1326 1848 1359 1891 se
1373 1833 1459 1907 ipsos

188 1940 373 2014 pecuniaria
403 1939 609 1996 convencione
644 1944 673 1996 et
706 1939 865 1996 solucione
895 1937 1050 1996 mediante
1085 1938 1294 1996 eliberassent.
1329 1939 1458 2012 Insuper

188 2053 333 2119 tempore
356 2046 387 2102 in
411 2044 521 2102 eodem
545 2043 639 2102 iidem
663 2050 850 2119 occupantes
873 2058 943 2100 cum
967 2042 1126 2101 redeundo
1150 2044 1189 2101 ad
1213 2059 1360 2119 campum
1377 2045 1458 2103 dicte

187 2153 325 2210 civitatis
355 2152 469 2209 montis
499 2149 662 2208 Grecensis
693 2150 914 2225 pervenissent,
952 2151 1007 2207 ubi
1040 2156 1194 2224 pastores,
1227 2149 1397 2220 familiares
1427 2157 1458 2210 et

187 2259 326 2316 cuiusvis
349 2257 538 2315 condicionis
561 2257 704 2315 homines
727 2257 825 2330 ipsius
849 2256 982 2313 civitatis
1005 2256 1037 2313 in
1061 2255 1144 2313 dicto
1175 2271 1287 2329 campo
1317 2258 1457 2319 eiusdem

186 2370 338 2440 repertos,
370 2364 456 2422 omni
488 2364 630 2437 ipsorum
657 2364 723 2420 sine
757 2364 850 2436 culpa
873 2362 1068 2438 spoliassent,
1093 2362 1299 2421 denudassent
1322 2380 1357 2422 ac
1380 2364 1456 2424 diris

186 2472 375 2529 verberibus
390 2470 572 2540 affecissent,
597 2485 646 2528 res
670 2484 795 2543 quoque
818 2474 848 2526 et
868 2469 958 2539 bona,
974 2484 1091 2526 necnon
1107 2469 1299 2538 vestimenta,
1316 2470 1457 2530 clenodia

187 2577 357 2637 domorum
379 2592 416 2634 ac
438 2577 587 2635 victualia
610 2583 640 2634 et
660 2575 808 2634 animalia
822 2572 1023 2650 jobagionum
1040 2575 1224 2633 eorumdem
1239 2576 1354 2635 civium
1372 2577 1457 2635 villis

187 2684 219 2742 in
243 2683 362 2741 eisdem
392 2698 427 2740 ac
457 2682 604 2740 domibus
635 2688 665 2740 et
694 2681 787 2740 curiis
821 2681 1003 2739 eorumdem
1033 2678 1237 2755 jobagionum
1261 2688 1402 2755 repertos
1425 2690 1456 2741 et

187 2791 314 2848 inventa
336 2788 551 2859 abstulissent;
575 2789 688 2846 villam
711 2787 844 2862 denique
868 2788 966 2862 ipsius
989 2787 1123 2844 civitatis
1141 2787 1296 2860 Pobresye
1312 2797 1454 2848 vocatam

185 2895 219 2954 in
242 2896 400 2953 territorio
423 2894 563 2953 eiusdem
586 2895 720 2953 civitatis
741 2894 881 2952 habitam
904 2892 1093 2965 invadentes,
1118 2894 1210 2952 certis
1223 2895 1410 2955 victualibus
1425 2903 1455 2955 et

186 3002 278 3060 bonis
298 3001 483 3075 spoliassent
505 3007 535 3057 et
559 3001 746 3074 privassent;
772 3006 802 3058 et
825 2998 910 3074 quod
931 2999 991 3057 hiis
1027 3014 1089 3057 non
1119 3003 1254 3059 contenti
1285 3001 1370 3060 idem
1399 3003 1454 3062 ho·

186 3109 286 3166 mines
317 3115 382 3165 tam
413 3109 510 3181 ipsius
541 3106 660 3165 domini
691 3107 829 3182 episcopi
862 3121 956 3179 quam
980 3105 1020 3163 ad
1043 3108 1146 3180 ipsum
1170 3114 1309 3166 castrum
1335 3108 1454 3167 Medwe

185 3216 383 3289 pertinentes,
407 3213 446 3270 ad
471 3220 590 3271 tenutas
614 3208 680 3288 (sic)
703 3213 801 3286 ipsius
826 3213 958 3270 civitatis
982 3212 1188 3284 advenientes,
1221 3215 1329 3288 ibique
1354 3221 1454 3274 certos

184 3320 409 3378 inhabitatores
439 3319 519 3377 dicte
551 3320 684 3377 civitatis
715 3319 796 3376 circa
827 3319 933 3375 vineas
956 3318 1098 3392 ipsorum
1121 3327 1346 3378 commorantes
1369 3323 1454 3381 simi-

184 3426 258 3484 liter
281 3426 346 3483 sine
369 3426 462 3498 culpa
485 3426 605 3500 percuti
629 3434 659 3482 et
683 3425 850 3494 verberari,
874 3425 988 3498 quibus
1011 3425 1110 3481 eciam
1133 3441 1171 3482 ex
1194 3426 1315 3485 civibus
1327 3428 1455 3487 cellaria

184 3539 214 3590 et
238 3532 358 3603 domos,
382 3532 436 3589 ubi
460 3532 532 3588 vina
542 3537 572 3588 et
593 3531 671 3588 alias
694 3546 743 3588 res
767 3531 907 3604 ipsorum
924 3531 1140 3604 reposuissent,
1154 3531 1383 3606 confregissent,
1399 3535 1453 3592 ab·

184 3637 257 3697 inde
280 3638 389 3695 eadem
413 3639 485 3696 vina
509 3644 540 3695 et
562 3638 639 3695 alias
661 3653 711 3695 res
733 3637 831 3710 recipi
854 3644 884 3694 et
907 3638 979 3694 vina
1003 3653 1074 3694 cum
1098 3638 1179 3695 vasis
1203 3640 1322 3697 extrahi
1339 3647 1368 3698 et
1391 3655 1453 3713 quo

184 3745 330 3819 ipsorum
352 3744 519 3818 placuisset
543 3744 696 3801 voluntati
720 3743 833 3801 deduci
849 3742 1000 3815 fecissent,
1018 3746 1161 3818 potencia
1176 3746 1338 3803 mediante.
1367 3746 1453 3816 Item,

184 3850 270 3925 quod
303 3851 487 3908 honorabile
518 3851 690 3923 capitulum
723 3850 851 3907 ecclesie
881 3851 1098 3922 zagrabiensis‚
1134 3850 1210 3907 dum
1240 3851 1335 3908 iidem
1358 3867 1452 3925 expo·

183 3962 291 4016 nentes
315 3957 434 4014 litteras
456 3956 690 4030 protestatorias
714 3961 744 4014 et
773 3957 969 4015 inhibitorias
1000 3973 1094 4031 super
1126 3959 1286 4029 premissis
1318 3973 1449 4031 occupa·

183 4063 326 4122 cionibus
357 4070 386 4120 et
416 4064 487 4120 aliis
519 4063 662 4136 superius
693 4062 878 4136 specificatis
900 4063 1023 4119 racione
1047 4063 1200 4119 dictarum
1224 4065 1452 4136 possessionum

182 4175 213 4227 et
236 4168 320 4239 vadi,
344 4170 420 4243 ipsis
443 4177 549 4226 contra
573 4168 730 4241 prefatum
753 4169 916 4227 dominum
940 4168 1114 4226 Osnaldum
1138 4172 1321 4243 episcopum
1345 4180 1375 4228 et
1396 4171 1451 4253 Jo-

182 4276 318 4333 hannem
341 4275 435 4333 Thwz
460 4274 498 4333 de
521 4274 587 4333 Lak
610 4277 694 4335 iuxta
718 4277 809 4334 huius
832 4277 919 4348 regni
943 4275 1198 4332 consvetudinem
1222 4274 1289 4334 dari
1310 4283 1340 4334 et
1363 4292 1449 4334 ema·

181 4383 250 4442 nari
281 4381 382 4440 facere
413 4368 628 4458 postulassent,
661 4392 733 4442 tunc
755 4384 840 4442 idem
871 4384 1044 4457 capitulum
1067 4382 1173 4440 easdes
1197 4383 1318 4440 litteras
1341 4384 1383 4440 ob
1407 4382 1451 4440 fa-

181 4504 293 4547 vorem
315 4487 428 4562 prefati
449 4488 567 4547 domini
591 4490 704 4563 prelati
726 4491 876 4565 ipsorum,
894 4491 970 4563 ipsis
987 4491 1108 4547 civibus
1124 4496 1316 4564 opportunas
1333 4489 1451 4547 eisdem

182 4594 257 4654 dare
280 4601 311 4653 et
334 4611 478 4654 emanare
502 4602 679 4668 recusasset,
702 4604 919 4670 recusaretque
942 4597 1040 4653 eciam
1067 4595 1105 4653 de
1128 4597 1272 4668 presenti,
1300 4596 1452 4669 premissa

182 4702 328 4777 potencia
350 4701 505 4760 mediante
527 4701 558 4759 in
582 4701 789 4776 preiudicium
812 4707 842 4761 et
866 4701 1038 4775 dampnum
1056 4701 1212 4760 dictorum
1226 4702 1452 4776 exponencium

184 4807 279 4867 vaide
310 4823 467 4882 magnum,
498 4806 568 4882 Qua
599 4809 801 4882 inquisicione
824 4808 913 4879 facta,
938 4808 1030 4867 iidem
1054 4807 1173 4884 judices
1196 4808 1352 4867 nobilium
1374 4805 1451 4866 feria

188 4921 277 4974 sexta
295 4915 535 4996 proximaante
556 4914 671 4973 festum
694 4916 862 4974 nativitatis
893 4915 982 4973 beate
1011 4916 1108 4975 Marie
1138 4917 1277 4990 virginis,
1306 4915 1451 4974 similiter
