3256 5346
595 439 669 500 Boc.
687 454 769 519 390.
794 473 836 485 -
860 442 918 499 An.
943 436 1038 519 1498.
1382 460 1444 520 5¹3

173 655 338 714 ¹restitutis.
361 656 478 714 Datum
500 654 585 712 Bude
608 654 686 714 feria
703 657 796 714 tercia
820 657 964 731 proxima
987 663 1057 715 ante
1080 656 1195 716 festum
1219 659 1443 719 penthecostes.

182 762 271 818 Anno
304 760 423 820 domini
450 761 621 820 millesimo
651 761 957 835 quadringentesimo
1001 764 1202 837 nonagesimo
1236 772 1355 824 octavo.
1389 766 1448 824 Re·

181 880 315 939 gnorum
335 872 512 925 nostrorum
534 866 693 940 Hungarie
704 872 759 925 etc.
783 872 902 940 octavo,
916 869 1063 927 Bohemie
1075 883 1150 926 vero
1163 870 1314 942 vigesimo
1331 875 1450 930 octavo.

292 985 426 1051 Originale
444 985 473 1034 in
490 984 587 1036 charta.
607 985 640 1033 In
658 985 774 1050 margine
792 986 909 1037 inferiori
927 989 1081 1053 impressum
1100 992 1140 1036 est
1159 987 1283 1051 sigillum.
1302 990 1335 1041 In
1353 989 1449 1042 archiv.

182 1072 229 1126 lib.
249 1090 302 1138 reg.
322 1075 392 1125 civit.
412 1074 514 1138 zagrab.

781 1253 872 1339 sao.

289 1320 371 1389 Anno
393 1341 467 1403 1498,
489 1349 529 1402 31.
550 1341 620 1392 maii.
639 1341 737 1391 Budae.

191 1448 360 1506 Vlait'tlrluus
383 1449 560 1521 Hungartirc
593 1456 640 1508 etc.
664 1468 727 1519 rex,
751 1450 1003 1507 tricesimatore'bus
1024 1451 1142 1523 aagrab.
1159 1452 1308 1524 praecipit
1327 1469 1363 1508 ne
1376 1454 1449 1525 plus

379 1555 466 1611 quam
489 1538 549 1610 lege
560 1539 779 1611 praescriptum
803 1546 852 1608 cst,
868 1547 928 1612 pro
950 1539 1092 1596 tricesima
1123 1539 1250 1612 exigant.

886 1657 1040 1707 Commissio
1060 1659 1163 1723 propria
1182 1659 1279 1708 domini
1299 1661 1375 1724 regis.

287 1768 481 1827 Wladislaus
512 1768 562 1826 dei
592 1768 696 1841 gracia
718 1784 774 1826 rex
797 1768 956 1840 Hungarie
979 1773 1009 1826 et
1032 1768 1180 1827 Bohemie
1203 1777 1258 1828 etc.
1282 1769 1442 1829 Fidelibus

181 1876 294 1934 nostris
315 1874 447 1948 egregiis
482 1873 646 1933 Benedicto
670 1872 709 1931 de
732 1873 861 1932 Wemer
884 1879 914 1932 et
937 1874 1067 1933 Nicolao
1091 1875 1129 1933 de
1151 1875 1257 1948 Zeech,
1274 1877 1444 1935 tricesima·

181 1981 299 2039 toribus
315 1981 428 2039 nostris
450 1978 711 2053 zagrabiensibus,
734 1979 914 2038 salutemet
936 1982 1074 2053 graciam
1097 1981 1271 2055 Exponitur
1292 1983 1446 2042 maiestati

180 2091 283 2145 nostre
306 2102 364 2161 pro
388 2092 477 2160 parte
500 2094 529 2144 et
553 2086 584 2144 in
605 2086 745 2159 personis
767 2084 910 2143 fidelium
922 2093 1100 2145 nostrorum
1120 2087 1311 2160 prudentum
1340 2093 1370 2146 et
1386 2089 1445 2147 cir·

180 2198 432 2267 cumspectorum
461 2190 573 2269 judicis
604 2199 634 2250 et
656 2189 830 2267 juratorum
861 2197 1098 2265 ceterorumque
1129 2193 1247 2251 civium
1281 2198 1311 2251 et
1344 2194 1444 2253 tocius

180 2298 412 2357 communitatis
442 2298 575 2356 civitatis
612 2302 717 2356 nostre
747 2297 862 2356 montis
895 2296 1067 2369 Greeensis,
1093 2298 1234 2385 ⁸qualiter
1269 2314 1325 2357 vos
1349 2315 1444 2374 super

181 2405 265 2478 ipsos
289 2404 372 2462 cives
395 2409 517 2462 nostros
540 2419 602 2462 non
626 2405 712 2462 iuxta
733 2392 959 2461 limitacionem
982 2403 1152 2461 secundum
1171 2419 1265 2477 quam
1291 2405 1446 2464 tricesime

179 2525 284 2568 rerum
320 2514 351 2568 et
372 2510 533 2579 mercium,
564 2510 714 2583 qualitate
737 2514 873 2583 pensata,
896 2511 994 2584 recipi
1017 2510 1126 2581 solent,
1149 2511 1339 2568 tricesimam
1363 2512 1443 2597 acci}

179 2616 302 2690 peretis,
324 2614 379 2673 sed
402 2614 440 2672 de
463 2614 594 2687 singulis
614 2622 734 2688 septem
757 2614 889 2687 florenis,
913 2615 990 2673 duos
1013 2631 1123 2674 aureos
1148 2631 1205 2690 pro
1221 2616 1378 2675 tricesima
1403 2618 1446 2675 ab

178 2721 255 2796 ipsis
278 2720 449 2794 exigeretis,
473 2719 557 2794 quod
581 2719 703 2779 cederet
726 2721 757 2778 in
780 2722 954 2779 maximum
979 2721 1186 2795 preiudicium
1201 2719 1278 2798 juris
1301 2716 1443 2797 ipsorum

179 2827 406 2902 exponeucium
440 2832 471 2884 et
505 2826 654 2884 damnum
692 2841 753 2885 non
783 2827 951 2885 modicum.
983 2827 1073 2888 Unde
1105 2827 1315 2901 supplicatum
1344 2830 1446 2888 extitit

179 2934 333 2993 maiestati
367 2941 471 2991 nostre
504 2933 537 2992 in
559 2933 700 3007 personis
734 2932 918 2992 eorumdem
952 2934 1187 3007 exponencium,
1211 2941 1245 2991 ut
1276 2936 1362 3009 ipsos
1384 2936 1445 2995 hoc

178 3039 304 3099 insolito
335 3046 365 3096 et
396 3039 542 3098 inusitato
575 3038 743 3098 solucionis
776 3055 888 3113 genere
918 3041 1044 3112 gravari
1075 3055 1136 3098 non
1168 3048 1354 3115 pateremur.
1378 3041 1443 3101 Nos

178 3146 273 3219 igitur
295 3152 422 3219 accepta
445 3145 677 3218 supplicacione
700 3145 855 3204 dictorum
878 3147 1103 3220 exponencium
1125 3147 1266 3204 volentes
1289 3147 1441 3206 indemni·

179 3251 235 3309 tali
258 3265 367 3308 eorum
384 3252 554 3319 consulere,
579 3250 765 3310 mandamus
787 3251 932 3310 fidelitati
955 3256 1057 3310 vestre
1081 3252 1160 3310 serie
1175 3253 1370 3325 presencium
1387 3253 1441 3312 fir-

178 3358 327 3429 missime,
350 3356 438 3415 aliud
462 3357 494 3414 in
517 3371 642 3414 omnem
658 3363 804 3414 eventurn
824 3358 940 3415 habere
962 3357 1111 3428 nolentes,
1135 3362 1168 3415 ut
1198 3357 1313 3416 amodo
1343 3375 1438 3433 super

179 3461 316 3537 prefatos
339 3463 423 3522 cives
456 3467 486 3520 et
516 3463 770 3522 communitatem
795 3464 857 3521 loci
880 3463 1011 3538 predicti
1034 3464 1157 3522 racione
1180 3479 1287 3522 rerum
1310 3472 1340 3523 et
1363 3481 1443 3525 mer·

180 3568 264 3626 cium
284 3569 425 3642 ipsorum
449 3569 508 3626 sub
531 3569 590 3627 hac
620 3569 809 3628 limitacione
835 3570 1022 3627 tricesimam
1044 3570 1183 3641 exigatis,
1207 3574 1240 3626 ut
1263 3570 1381 3628 scilicet
1403 3571 1443 3629 de

178 3674 334 3732 mercibus
356 3675 422 3733 sive
444 3675 538 3732 rebus
561 3674 601 3732 ad
624 3675 766 3733 valorem
786 3675 913 3748 triginta
935 3674 1123 3733 florenorum
1147 3690 1179 3733 se
1202 3674 1439 3734 extendentibus

178 3795 240 3838 non
262 3781 335 3855 plus
367 3796 462 3854 quam
494 3796 590 3838 unum
621 3780 773 3839 florenum
796 3796 855 3855 pro
874 3781 1033 3839 solucione
1056 3781 1236 3839 tricesimali
1260 3787 1364 3855 petere
1388 3799 1442 3841 seu

181 3886 313 3959 exigere,
336 3887 462 3961 petique
475 3902 528 3945 seu
541 3887 624 3959 exigi
636 3886 738 3945 facere
751 3888 946 3960 presumatis,
962 3887 1147 3961 atqueipsos
1163 3892 1193 3945 et
1210 3902 1317 3945 eorum
1335 3904 1442 3962 quem·

180 3991 258 4050 libet
282 3995 314 4051 in
336 3993 515 4051 huiusmodi
539 4008 596 4067 per
626 4007 682 4051 nos
705 3993 839 4051 limitata
862 3992 1020 4051 solucione
1043 4008 1168 4067 semper
1190 3994 1275 4051 omni
1299 4001 1440 4069 tempore

182 4113 366 4156 conservare
405 4105 436 4158 et
469 4101 647 4157 conservari
677 4100 775 4157 eciam
806 4098 907 4157 facere
938 4099 1040 4157 modis
1072 4100 1219 4157 omnibus
1250 4099 1388 4159 debeatis
1411 4106 1442 4160 et

178 4206 352 4263 teneamini.
376 4205 411 4263 Et
435 4206 494 4263 hoc
525 4204 672 4263 volumus
703 4206 801 4263 eciam
825 4220 881 4279 per
911 4205 1032 4263 futuros
1055 4206 1295 4264 tricesimatores
1318 4212 1440 4265 nostros

177 4310 264 4368 illius
286 4311 373 4383 regni
404 4311 501 4369 nostri
533 4310 697 4369 Sclauonie
717 4310 827 4382 facere,
851 4310 1045 4384 firmiterque
1068 4313 1194 4369 servari.
1217 4311 1440 4385 Presentesque

177 4420 249 4490 post
269 4416 422 4475 lecturam
445 4432 568 4491 semper
590 4416 679 4474 reddi
703 4417 899 4491 presentanti.
923 4417 1040 4474 Datum
1057 4416 1141 4474 Bude
1158 4416 1233 4475 feria
1246 4418 1352 4491 quinta
1368 4432 1442 4490 pro·

177 4521 262 4579 xima
284 4527 354 4580 ante
384 4521 498 4580 festum
530 4523 751 4581 penthecostes.
785 4525 872 4580 Anno
897 4522 1016 4581 domini
1041 4517 1210 4580 millesimo
1234 4522 1441 4595 quadringen-

178 4627 288 4685 tesimo
318 4630 519 4702 nonagesimo
550 4637 668 4687 octavo.
701 4630 880 4701 Regnorum
903 4637 1080 4688 nostrorum
1102 4629 1260 4702 Hungarie
1284 4634 1340 4688 etc.
1363 4642 1444 4687 anno

177 4739 298 4805 octavo,
323 4733 470 4792 Bohemie
495 4750 570 4792 vero
593 4735 745 4808 vigesimo
768 4741 886 4793 octavo.

284 4851 418 4917 Originale
442 4853 469 4901 in
496 4853 652 4904 membrana.
672 4855 703 4901 In
722 4852 839 4901 inferiori
858 4855 972 4917 margine
986 4855 1140 4918 impressum
1160 4862 1198 4902 est
1218 4851 1333 4915 sigillum
1353 4853 1442 4901 maius.

178 4941 211 4989 In
229 4939 326 4989 archiv.
345 4940 405 4993 incl.
426 4941 510 4993 Acad.
530 4942 625 4993 Scient.
646 4941 737 4991 Slavor
756 4942 846 4992 meridi

1321 5050 1360 5110 33
