3278 5348
497 492 570 552 Doc.
586 501 664 569 347.
689 525 731 534 -
756 493 811 550 An.
837 487 929 570 1487.
1273 510 1336 570 451

65 707 228 764 Michaelis
252 708 381 779 palatini
405 709 598 781 presenciam
621 708 761 779 legitime
786 713 949 765 evocatum
970 707 1036 766 tore
1054 709 1255 781 comperisset
1272 722 1337 766 ma·

64 811 184 871 niteste.
208 813 257 870 Ad
282 829 360 886 quas
377 813 504 886 quidem
528 821 654 871 octavas
678 812 749 871 festi
772 813 856 870 beati
872 813 1032 870 Michaelis
1049 813 1227 885 archangeli
1243 828 1338 871 anno·

64 925 167 976 tatum
191 919 365 992 capitutum
388 918 517 977 ecclesie
540 918 748 991 zagrabiensis
768 934 825 992 per
855 923 1035 976 annotatum
1066 919 1251 990 magistrum
1283 918 1339 1001 Jo-

71 1024 208 1083 hanuem
235 1025 384 1098 Posegay,
409 1024 595 1083 directorem
621 1039 783 1082 causarum
806 1022 881 1080 dicti
912 1023 1030 1080 domini
1060 1024 1157 1080 nostri
1184 1024 1275 1096 regis,
1306 1024 1337 1081 in

67 1146 202 1206 persona
226 1131 365 1188 eiusdem
388 1131 533 1203 congruis
556 1130 667 1189 diebus
690 1131 830 1204 ipsarum
854 1136 1036 1188 octavarum
1060 1144 1168 1186 coram
1190 1131 1261 1202 ipso
1283 1129 1337 1188 do·

64 1237 153 1295 mino
178 1223 330 1294 Michaele
354 1237 492 1310 palatino
516 1236 658 1308 legitime
680 1242 887 1308 expectatum,
912 1236 1080 1309 premissas
1103 1236 1222 1293 litteras
1238 1241 1268 1293 et
1285 1235 1336 1294 lit·

62 1344 177 1401 teraria
201 1358 257 1400 sua
280 1345 484 1400 instrumenta
508 1343 732 1410 exhibiturum,
757 1357 792 1399 ac
816 1341 854 1400 de
878 1341 961 1399 dicto
984 1341 1099 1417 judicio
1130 1342 1225 1399 trium
1253 1357 1335 1399 mar·

63 1464 173 1506 carum
197 1447 300 1506 eidem
323 1448 451 1506 domino
475 1449 620 1506 Michaeli
643 1449 782 1522 palatino
806 1454 837 1506 et
860 1449 942 1520 parti
958 1448 1088 1507 adverse
1104 1447 1336 1505 satisfacturum

61 1555 96 1613 in
119 1556 306 1629 presentiam
338 1553 478 1613 eiusdem
509 1554 628 1612 domini
657 1555 817 1612 Michaelis
841 1556 971 1628 palatini
994 1570 1055 1612 non
1078 1561 1204 1612 venerat
1228 1568 1336 1627 neque

62 1662 202 1734 miserat,
231 1677 264 1720 se
287 1662 497 1720 mediantibus
527 1662 598 1720 aliis
623 1661 734 1720 litteris
758 1661 897 1720 eiusdem
920 1661 1054 1719 condam
1077 1661 1196 1718 domini
1219 1661 1335 1719 Micha-

61 1767 121 1826 elis
145 1768 274 1840 palatini
305 1766 506 1843 judicialibus
537 1767 649 1825 exinde
684 1767 831 1825 confectis
863 1783 921 1841 pro
953 1782 1008 1824 sua
1038 1782 1100 1826 non
1123 1767 1277 1825 venientia
1301 1762 1333 1825 iu

60 1870 179 1949 jndicio
201 1879 349 1931 consveto
370 1878 401 1931 et
424 1888 482 1946 pro
505 1888 567 1932 non
590 1874 749 1932 solucione
772 1874 846 1931 dicti
868 1872 976 1949 judicii
999 1875 1029 1931 in
1055 1873 1177 1947 dupplo
1193 1872 1334 1931 eiusdem

61 1980 229 2052 aggravari
262 1981 476 2054 permittente,
511 1980 674 2053 postulans
711 1979 849 2054 prefatus
884 1985 1068 2053 procurator
1103 1979 1178 2037 dicti
1212 1979 1333 2037 domini

60 2086 161 2145 nostri
185 2086 276 2158 regis,
298 2086 420 2157 actoris,
444 2086 545 2144 eidem
569 2102 608 2145 ex
630 2092 719 2161 parte
741 2088 907 2144 memorati
929 2087 960 2145 in
983 2101 1109 2143 causam
1126 2086 1250 2144 attracti
1276 2101 1334 2160 per

62 2193 199 2251 eundem
222 2192 385 2251 dominum
409 2194 594 2252 Michaelem
619 2194 791 2268 palatinum
824 2195 855 2251 in
879 2193 1038 2267 premissis
1060 2191 1137 2268 juris
1161 2192 1331 2265 equitatem

60 2299 224 2374 impertiri.
259 2300 297 2357 Et
328 2301 400 2373 quia
431 2299 515 2358 idem
547 2300 731 2373 capitulum,
755 2301 785 2358 in
809 2315 935 2357 causam
966 2306 1141 2367 attractum,
1162 2297 1265 2356 adhuc
1287 2298 1327 2355 ad

61 2407 216 2481 premissa
239 2406 270 2463 in
294 2406 395 2462 tribus
418 2405 495 2464 ioris
517 2394 836 2480 comprovincialibus
863 2406 1051 2479 proclamari
1077 2405 1235 2474 debuerat,
1270 2419 1329 2477 pro
1419 2442 1422 2447 -

60 2527 99 2571 eo
133 2512 215 2570 idem
251 2512 396 2571 dominus
430 2514 564 2571 Michael
600 2514 757 2586 palatinus
792 2513 966 2571 amiciciam
1002 2512 1167 2586 prescripti
1201 2511 1332 2585 capituli

60 2619 192 2678 ecclesie
223 2620 411 2678 chasmensis
446 2621 629 2679 litteratorie
660 2621 789 2693 petierat
814 2619 987 2692 diligenter,
1011 2624 1163 2692 quatenus
1186 2617 1332 2690 ipsorum

65 2727 202 2784 mitteret
225 2727 384 2783 hominem
408 2742 466 2799 pro
491 2727 666 2785 testimonio
689 2726 891 2799 fidedignum
909 2741 971 2798 quo
988 2732 1129 2799 presente
1146 2724 1241 2781 homo
1257 2739 1331 2782 suus
1421 2781 1427 2794 ,

59 2831 251 2906 palatinalis,
275 2831 571 2903 infradeclarandus,
596 2840 805 2890 memoratum
837 2831 1009 2905 capitulum
1033 2806 1161 2888 ecclesie
1191 2830 1331 2903 zagrabi·

58 2939 140 2997 ensis
164 2938 352 3012 prescriptas
378 2938 497 2996 litteras
521 2944 551 2995 et
575 2939 722 2996 litteralia
746 2954 801 2995 sua
818 2939 1021 2996 instrumenta
1038 2936 1264 3003 exhibiturum,
1278 2950 1334 2993 ac·

58 3044 98 3104 de
119 3043 241 3120 judiciis
262 3060 376 3102 novem
400 3060 575 3103 marcarum
600 3046 660 3118 ipsi
691 3045 818 3102 domino
850 3043 994 3101 Michaeli
1018 3042 1156 3116 palatino
1190 3049 1220 3101 et
1252 3039 1336 3116 parti

57 3151 190 3210 adverse
203 3150 433 3209 satisfacturum
457 3162 563 3209 contra
587 3157 768 3208 annotatum
792 3150 953 3207 dominum
978 3156 1119 3206 nostrum
1143 3162 1258 3220 regem,
1282 3164 1332 3206 ac·

57 3264 169 3327 torem,
193 3257 232 3314 ad
256 3264 382 3314 octavas
406 3257 477 3315 sesti
503 3258 587 3315 beati
603 3256 730 3330 Georgii
754 3257 889 3314 martiris
914 3262 986 3312 tunc
1010 3262 1154 3312 venturas
1178 3256 1209 3312 in
1232 3255 1333 3312 tribus

59 3363 136 3422 foris
162 3363 479 3438 comprovincialibus
503 3363 630 3437 publice
654 3369 684 3420 et
707 3362 869 3420 manifeste
893 3377 982 3418 suam
996 3361 1199 3435 palatinalem
1216 3359 1330 3418 laceret

60 3470 251 3546 proclamari
275 3472 306 3527 in
327 3471 528 3543 presenciam,
545 3471 702 3527 insinuans
726 3467 844 3526 ibidem
869 3467 979 3537 eidem,
1003 3474 1037 3524 ut
1062 3468 1088 3525 si
1111 3468 1238 3538 veniret,
1264 3482 1332 3541 pre·

59 3576 254 3649 scriptasque
278 3574 396 3633 litteras
420 3584 449 3632 et
472 3575 621 3632 litteralia
644 3589 699 3632 sua
722 3575 926 3631 instrumenta
950 3573 1118 3642 exhiberet,
1135 3588 1171 3630 ac
1187 3572 1226 3629 de
1242 3571 1332 3630 dictis

61 3679 186 3757 judiciis
211 3679 332 3754 prefato
356 3681 483 3739 domino
507 3682 657 3763 Michaeli
675 3680 813 3754 palatino
837 3687 867 3736 et
891 3680 972 3753 parti
988 3679 1118 3736 adverse
1134 3678 1331 3749 satisfaceret,

62 3787 143 3846 bene
167 3787 303 3860 quidem,
319 3788 459 3860 alioquin
480 3803 540 3845 non
563 3789 705 3845 obstante
728 3787 826 3859 ipsius
849 3787 992 3843 absencia
1007 3792 1037 3843 et
1053 3786 1233 3856 rebellione,
1248 3784 1332 3842 idem

62 3893 209 3951 dominus
233 3894 367 3952 Michael
391 3895 547 3967 palatinus
571 3894 666 3951 finem
688 3893 848 3950 decisurus
871 3902 900 3949 et
919 3891 1083 3949 indilatum
1101 3891 1215 3949 faceret
1239 3905 1331 3948 causa

60 3999 93 4057 in
118 3999 270 4073 premissa
304 4007 397 4073 prout
427 4000 557 4058 dictaret
589 3999 667 4056 ordo
697 3997 783 4072 juris,
807 4006 837 4055 et
861 4005 931 4071 post
955 3999 1011 4055 hec
1035 3996 1213 4055 huiusmodi
1237 3997 1331 4054 trine·

62 4103 193 4162 rorensis
223 4106 483 4179 proclamacionis
515 4107 626 4164 seriem
656 4120 729 4162 cum
765 4105 889 4161 nomine
922 4104 1108 4177 proclamati
1143 4110 1268 4160 octavas
1291 4102 1330 4160 ad

61 4211 225 4284 predictas,
249 4220 282 4268 ut
305 4211 393 4269 fieret
417 4212 593 4285 expediens,
611 4210 748 4285 sepefato
772 4211 899 4268 domino
924 4210 1068 4267 Michaeli
1092 4211 1231 4284 palatino
1253 4210 1331 4266 ami·

61 4316 204 4374 cabiliter
227 4318 411 4376 rescriberet
426 4319 600 4391 capitulum
616 4320 795 4376 chasmense
810 4323 1017 4390 prenotatum.
1043 4318 1069 4372 A
1086 4315 1330 4388 quibusquidem

62 4423 181 4480 octavis
205 4421 275 4480 festi
299 4423 380 4480 beati
402 4423 529 4495 Georgii
555 4424 690 4482 martiris
714 4425 866 4497 premissa
899 4422 1143 4480 instrumentalis
1174 4421 1329 4479 exhibicio

61 4533 165 4600 partes
187 4530 266 4586 inter
289 4528 414 4586 easdem
437 4530 576 4586 seriebus
601 4530 775 4588 litterarum
808 4529 921 4602 prefati
944 4528 1064 4585 domini
1094 4527 1252 4584 Michaelis
1275 4542 1330 4600 pa·

61 4633 150 4690 latini
173 4635 460 4707 prorogatoriarum
486 4635 695 4692 diversimode
720 4636 891 4705 ventillata,
922 4642 1048 4691 octavas
1072 4633 1143 4691 testi
1167 4634 1249 4690 beati
1273 4634 1330 4690 Mi·

61 4739 180 4798 chaelis
203 4742 382 4813 archangeli
406 4742 436 4798 in
459 4756 539 4799 anno
563 4741 682 4799 domini
705 4742 874 4799 millesimo
898 4740 1201 4814 quadringentesimo
1225 4745 1329 4796 octua-

61 4845 181 4919 gesimo
220 4847 314 4905 tercio
345 4848 486 4920 preteriti
517 4848 691 4906 celebratas
725 4848 855 4907 dilative
889 4848 1054 4920 attigisset;
1086 4848 1162 4920 ipsis
1197 4845 1329 4919 deniqne

60 4952 179 5010 octavis
199 4953 385 5013 instantibus
408 4953 547 5027 prefatus
571 4955 719 5027 magister
749 4955 905 5038 Johannes
935 4953 1074 5027 Posegay
1105 4967 1163 5027 pro
1193 4950 1330 5011 antefato

1223 5052 1242 5091 t
