3278 5348
192 425 253 497 296
624 420 698 479 θοι.
723 433 794 496 239·
818 452 860 462 -
883 420 940 479 Aa
966 418 1058 497 1465.

1281 527 1439 535 --—-———

189 639 342 709 tebantur,
374 645 446 696 tunc
476 636 594 695 domini
623 636 662 694 de
693 635 830 710 eapitulo
861 636 989 694 ecclesie
1017 636 1227 709 ragrabiensis
1260 643 1392 711 quatuor
1410 652 1444 695 ex

188 746 265 819 ipsis
288 750 318 802 et
334 745 491 816 signanter
507 742 640 801 nondam
655 741 817 799 dominum
835 743 1008 824 Johannem
1023 742 1183 801 doctorem
1206 750 1239 801 et
1261 742 1444 819 Stephanum

188 849 408 920 cathedralem,
440 863 574 906 unacum
596 848 665 906 aliis
688 845 819 919 duobus,
843 863 939 921 quarn
962 849 1151 922 poderibus,
1173 850 1206 907 in
1229 851 1360 908 obviam
1383 865 1446 923 gen·

188 957 271 1014 cium
295 955 451 1013 dictorum
475 954 675 1012 dominorum
697 954 848 1012 comitum
865 953 1069 1012 destinassent
1084 960 1115 1012 et
1136 954 1266 1014 eosdem
1287 956 1445 1014 indictum

188 1062 362 1135 capitulum
385 1060 635 1129 introduxissent,
658 1061 763 1134 eisque
785 1061 817 1118 in
840 1059 987 1118 domibus
1010 1069 1041 1118 et
1063 1062 1158 1119 curiis
1181 1077 1292 1119 eorum
1317 1062 1448 1136 hospicia

187 1169 291 1240 quiete
323 1173 354 1224 et
386 1166 514 1240 pacifice
544 1166 748 1236 admisissent,
774 1167 904 1238 locaque
928 1166 1070 1240 pixidum
1093 1166 1133 1223 ad
1157 1167 1401 1240 expugnandum
1423 1172 1450 1225 et

187 1272 454 1347 confrangendum
478 1288 604 1330 murum
627 1272 709 1329 dicte
724 1273 858 1330 civitatis
874 1270 1143 1343 demonstrassent,
1167 1272 1206 1329 de
1230 1274 1312 1332 turri
1330 1288 1451 1347 quoque

188 1382 329 1454 ipsorum
358 1380 389 1436 in
412 1377 495 1436 dicta
517 1379 642 1436 civitate
664 1377 771 1436 habita
789 1378 849 1451 ipsi
871 1377 991 1435 domini
1007 1377 1046 1435 de
1062 1376 1144 1436 dicto
1169 1378 1311 1452 capitulo
1335 1379 1453 1437 nullam

189 1500 328 1561 pugnam
360 1500 413 1543 seu
442 1483 653 1542 defensionem
684 1500 778 1557 penes
809 1482 908 1540 dictos
939 1484 1022 1542 cives
1046 1499 1103 1558 per
1126 1481 1268 1543 homines
1291 1500 1403 1543 eorum
1424 1486 1462 1543 in‘

187 1590 296 1649 eadem
320 1592 399 1648 turri
422 1591 603 1648 constitutos
627 1588 727 1647 facere
749 1603 811 1647 non
834 1588 1039 1660 admisissent,
1063 1591 1227 1664 ipsamque
1246 1592 1362 1650 turrim
1382 1590 1454 1650 sim·

187 1697 311 1771 pliciter
341 1710 400 1768 pro
431 1694 650 1752 traditamento
680 1710 804 1752 manere
834 1693 993 1765 fecissent;
1024 1712 1063 1753 ex
1093 1711 1229 1769 quorum
1254 1696 1457 1755 dominorum

188 1802 226 1861 de
257 1802 340 1860 dicto
370 1801 508 1875 capitulo
539 1800 797 1859 subordinacione
827 1802 895 1876 ipsa
927 1802 1036 1860 civitas
1068 1808 1193 1875 recepta
1216 1809 1248 1859 et
1277 1808 1457 1875 expugnata

192 1909 307 1978 fuisset,
340 1909 422 1965 cives
454 1920 577 1980 quoque
608 1913 638 1964 et
661 1907 883 1965 inhabitatores
906 1907 1044 1965 eiusdem
1067 1908 1200 1966 civitatis
1224 1922 1321 1981 quam
1347 1909 1457 1982 plures

189 2013 272 2087 capti
303 2018 333 2070 et
364 2013 509 2070 omnibus
537 2012 631 2070 rebus
654 2027 762 2069 eorum
787 2014 903 2087 privati
925 2018 954 2070 et
978 2015 1102 2087 spoliati
1125 2014 1309 2084 extitissent,
1333 2014 1365 2072 in
1393 2030 1457 2088 quo

190 2118 317 2176 domino
343 2123 449 2175 nostro
480 2119 546 2190 regi
576 2133 611 2174 ac
635 2123 700 2175 toto
722 2133 818 2190 regno
842 2118 1000 2191 Hungarie
1024 2126 1113 2177 etex
1136 2119 1254 2177 eisdem
1277 2121 1405 2179 civibus
1428 2126 1458 2178 et

189 2225 450 2283 inhabitatoribus
481 2223 561 2281 dicte
592 2224 726 2281 civitatis
757 2224 817 2297 ipsi
840 2220 958 2282 domini
981 2224 1020 2282 de
1042 2225 1181 2298 capitulo
1201 2226 1376 2299 plusquam
1405 2228 1453 2285 vi·

186 2331 264 2404 ginti
286 2330 387 2387 millia
410 2329 598 2387 florenorum
619 2329 755 2404 dampna
767 2330 943 2387 intulissent
966 2331 1107 2404 potencia
1123 2330 1277 2389 mediante
1301 2332 1335 2389 in
1352 2333 1461 2406 prelu-

188 2435 305 2493 dicium
336 2439 366 2492 et
397 2434 569 2509 dampnum
601 2435 742 2508 ipsorum
774 2435 981 2493 manifestum.
1012 2436 1170 2494 Presentes
1200 2443 1306 2494 autem
1341 2438 1461 2511 sigillis

186 2541 383 2614 egregiorum
416 2539 566 2614 Stephani
597 2540 635 2599 de
667 2541 813 2598 Becchele
848 2541 886 2598 de
918 2541 1090 2599 Zelinawar
1118 2548 1148 2599 et
1180 2543 1348 2614 Augustini
1380 2542 1461 2604 dicti

186 2645 351 2719 Porkolab‚
364 2647 517 2704 comitum
532 2653 710 2704 nostrorum
725 2647 980 2719 zagrabiensium,
996 2646 1125 2705 fecimus
1141 2649 1324 2721 consignari.
1338 2649 1461 2708 Datum

188 2753 338 2824 Zagrabie
369 2753 520 2824 vigesimo
552 2753 602 2810 die
632 2753 692 2811 diei
724 2759 905 2810 octavarum
939 2751 1008 2810 festi
1039 2754 1286 2828 Epiphaniarum
1323 2754 1458 2814 domini.

186 2851 300 2916 Annno
324 2857 408 2915 domi
433 2858 603 2916 millesimo
625 2858 931 2931 quadringentesimo
954 2861 1148 2931 sexagesimo
1171 2861 1286 2934 quinto.

203 3046 208 3056 Ι
291 2975 424 3093 Oribginale
443 2977 469 3024 in
489 2976 583 3027 charta,
603 2978 630 3024 A
650 2985 722 3041 tergo
741 2977 851 3040 vestigia
869 2979 977 3026 duorum
995 2978 1147 3041 sigillorum.
1167 2981 1200 3027 In
1217 2979 1314 3028 archiv.
1335 2980 1383 3034 lib,
1403 2998 1462 3047 reg,

187 3061 235 3096 ειν.
256 3062 330 3109 sagra
350 3081 356 3093 .

782 3174 869 3239 239.

291 3276 371 3325 Anno
395 3277 468 3342 1465,
491 3289 529 3328 10.
549 3279 642 3330 martii.
662 3279 758 3332 Budae.

191 3366 295 3424 Coram
318 3367 448 3436 Mathia,
469 3369 646 3442 Hunganbc
668 3377 716 3427 etc.
733 3390 806 3445 rege,
822 3374 1006 3429 communitas
1021 3369 1148 3431 civitatis
1162 3371 1197 3429 de
1211 3375 1328 3446 magmis
1343 3376 1463 3437 mmuh

185 3456 346 3527 inportatis
363 3465 418 3528 per
441 3457 542 3513 lterum
565 3459 678 3532 aliquot
699 3478 841 3516 annorum
864 3462 987 3533 capituli
1007 3461 1085 3518 bonis
1108 3479 1127 3516 a
1150 3462 1275 3535 capitulo
1291 3472 1461 3525 accusatur.

291 3581 433 3652 Mathyas
465 3580 514 3638 dei
538 3584 640 3654 gracia
664 3602 719 3642 rex
743 3587 909 3660 Hungarie,
933 3588 1103 3658 Dalmacie,
1126 3587 1254 3646 Croacie
1277 3594 1336 3647 etc.
1360 3591 1457 3651 Fide·

185 3686 269 3743 libus
295 3687 408 3742 nostris
439 3687 546 3743 comiti
576 3690 628 3745 vel
652 3691 827 3750 vicecomiti
859 3699 888 3749 et
918 3691 1073 3767 judicibus
1104 3693 1261 3751 nobilium
1284 3696 1460 3757 comitatus

184 3791 391 3863 zagrabiensis
415 3791 548 3849 salutem
564 3801 593 3850 et
609 3798 754 3867 graciam.
779 3798 902 3856 Dicitur
924 3799 1015 3856 nobis
1039 3799 1069 3857 in
1093 3800 1234 3873 personis
1250 3801 1456 3863 honorabilis

185 3897 314 3969 capituli
338 3896 466 3953 ecclesie
489 3900 705 3970 zagrabiensis,
730 3903 813 3974 quod
838 3905 1011 3962 Anthonius
1033 3901 1136 3979 judex,
1158 3906 1310 3964 Martinus
1335 3908 1459 3984 Marty-

183 4017 264 4074 necz‚
294 4002 450 4086 Johannes
480 4004 658 4077 Perowych,
683 4008 865 4066 Valentinus
888 4009 1057 4082 Sarawych
1078 4008 1162 4082 dicti,
1184 4010 1321 4078 Rawser,
1345 4013 1461 4075 Dioni-

184 4107 247 4166 sius
275 4113 384 4177 sartor,
417 4109 530 4166 Paulus
561 4116 591 4168 et
622 4112 803 4171 Benedictus
826 4114 986 4187 aurifabri,
1010 4114 1155 4174 Clemens
1178 4114 1326 4188 amites,
1350 4117 1460 4182 Simu·

182 4215 324 4286 nowych
348 4215 468 4286 Karnis,
485 4214 659 4289 Stephanus
675 4226 769 4292 sutor,
788 4221 924 4304 Jacobus
944 4221 1087 4280 similiter
1101 4227 1196 4294 sutor,
1213 4222 1336 4282 Blasius
1351 4231 1460 4289 sartor

185 4317 351 4393 Philippus
386 4328 487 4392 sutor,
516 4321 613 4378 Lucas
644 4325 788 4383 similiter
814 4333 915 4397 sutor,
943 4325 1063 4384 Benche
1098 4326 1247 4400 decanus,
1275 4328 1461 4395 Anthemius

183 4428 277 4496 sutor,
302 4425 507 4501 Stephanych,
531 4427 650 4486 Blasius
666 4446 806 4506 arcupar,
831 4432 986 4504 Plathnar,
1011 4432 1192 4491 Benedictus
1214 4435 1348 4511 institor,
1372 4438 1460 4500 Ian·

182 4532 302 4589 rencius
331 4530 440 4607 judex,
473 4535 605 4594 Michael
636 4537 774 4610 pellifex,
805 4539 925 4597 Blasius
957 4540 1158 4613 Wythezych,
1190 4540 1373 4619 Phillippus
1409 4547 1459 4606 in·

182 4637 279 4708 stitor,
310 4639 452 4708 Michael,
483 4641 567 4700 filius
599 4643 763 4715 Valentini,
797 4647 937 4718 Mathyas
967 4661 1108 4721 arcupar,
1133 4647 1270 4706 Thomas
1296 4646 1457 4729 frenipar,

180 4743 358 4801 Demetrius
388 4751 496 4818 sartor,
527 4747 648 4806 Blasius
678 4750 806 4822 institor,
838 4752 932 4809 Pazar
955 4752 1084 4824 institor,
1117 4750 1272 4827 Georgius
1302 4756 1459 4833 pellifex,

181 4848 322 4925 Hansycz
345 4850 474 4925 institor,
498 4853 634 4915 Thomas
650 4854 804 4929 Chyeden,
822 4858 968 4917 Nicolaus
985 4859 1153 4934 aurifaber,
1177 4860 1287 4922 relicta
1309 4862 1457 4944 Mathye,
