3278 5348
545 427 709 501 Doc.152.
736 438 804 502 153.
829 458 869 468 -
894 427 1066 503 An.145o.

774 636 852 701 152.

287 761 368 809 Anno
390 772 463 825 1430,
483 761 507 812 6.
527 761 647 812 octobris.
667 759 816 824 Zagrabiae.

187 869 379 927 Cotnmunr'tas
401 870 526 927 ciuitatis
541 870 643 927 inona's
664 868 826 939 Greceusr's,
841 870 1021 928 Fridericum
1037 870 1145 928 bunum
1160 875 1256 943 rogat,
1272 876 1308 926 ut
1320 869 1443 943 Iseniugr‘

352 976 386 1032 de
408 994 484 1034 noua
508 978 558 1033 azia
580 979 691 1034 munita
714 977 902 1034 accusationis
924 978 1081 1051 exemplar,
1107 978 1164 1036 sibi
1184 977 1301 1037 edatur.

287 1119 349 1177 Nos
380 1120 555 1179 Fridericus
585 1120 634 1179 dei
658 1122 761 1194 gracia
785 1121 872 1193 Cilie,
900 1122 1105 1196 Ortenburge,
1129 1121 1324 1195 Zagorieque
1347 1135 1442 1177 comes

181 1232 236 1282 etc.
271 1241 389 1283 necnon
422 1228 508 1299 regni
543 1225 706 1284 Sclauonie
740 1228 847 1285 banus.
883 1229 1033 1286 llemorie
1066 1227 1335 1299 commendamus,
1367 1225 1443 1300 quod

181 1332 272 1388 nobis
294 1333 324 1389 in
348 1333 466 1390 octavis
490 1331 559 1390 festi
583 1333 665 1390 beati
687 1334 848 1392 Michaelis
870 1334 1049 1406 archangeli
1080 1348 1215 1391 unacum
1246 1334 1336 1406 regni
1363 1332 1443 1390 nobi·

182 1437 266 1494 libus
290 1453 349 1511 pro
373 1437 514 1495 iaciendo
537 1437 733 1497 moderativo
752 1438 867 1497 iudicio
890 1440 1088 1497 causancium
1111 1438 1239 1496 insede
1269 1447 1375 1497 nostra
1404 1437 1443 1513 ju·

181 1541 308 1600 diciaria
331 1543 519 1615 sedentibus,
544 1545 690 1618 magister
713 1546 863 1617 Matheus,
886 1547 1025 1603 notarius
1056 1546 1191 1603 civitatis
1224 1546 1341 1603 montis
1375 1543 1444 1602 Gre·

182 1650 288 1720 censis,
310 1649 348 1707 ad
372 1657 512 1709 nostram
536 1652 663 1710 veniens
686 1653 878 1725 presenciam
895 1653 1037 1710 exhibuit
1052 1652 1143 1709 nobis
1158 1651 1314 1725 quasdam
1330 1652 1443 1709 litteras

181 1755 313 1813 illustris
344 1757 495 1831 principis
519 1757 637 1816 domini
660 1758 767 1830 Vlrici,
791 1758 840 1816 dei
863 1759 967 1830 gracia
990 1765 1054 1830 etc,
1078 1758 1141 1816 uati
1164 1758 1263 1815 nostri
1287 1757 1445 1826 carissimi,

181 1862 295 1919 tenoris
318 1862 516 1937 infrascripti,
541 1872 647 1938 petens
682 1880 738 1922 nos
772 1880 918 1939 sumpma
949 1881 1020 1923 cum
1053 1865 1211 1935 instancia,
1242 1869 1276 1921 ut
1308 1870 1443 1921 tenorem

182 1969 363 2026 earumdem
388 1969 426 2027 de
450 1971 549 2027 verbo
572 1970 611 2027 ad
636 1973 770 2029 verbum
800 1972 1010 2045 transumpmi
1041 1976 1071 2028 et
1102 1970 1279 2041 transcribi,
1303 1969 1445 2044 presenti·

181 2075 302 2146 busque
326 2076 437 2133 litteris
460 2078 573 2134 nostris
596 2079 774 2151 patentibus
797 2078 889 2135 inseri
921 2076 1071 2148 faciendo,
1103 2076 1205 2134 eidem
1238 2075 1314 2135 dare
1345 2075 1445 2148 digna·

180 2196 287 2238 remur
319 2179 396 2256 juris
419 2182 466 2239 sui
490 2181 527 2239 ad
552 2184 714 2242 cautelam.
734 2183 876 2257 Quarum
898 2190 986 2241 tenor
1009 2184 1080 2241 talis
1097 2188 1158 2241 est:
1181 2176 1268 2260 (vide
1283 2182 1359 2240 Doc,
1380 2194 1445 2256 147.

182 2287 220 2345 de
254 2302 334 2346 anno
371 2282 474 2365 1449).
530 2289 593 2347 Nos
637 2291 741 2363 itaque
784 2291 968 2365 peticionem
1004 2289 1142 2348 annotati
1178 2289 1296 2346 Mathei
1337 2287 1445 2346 notarii

180 2391 295 2468 justam
329 2394 395 2453 fore
429 2402 638 2468 agnoscentes,
674 2397 799 2454 easdem
834 2397 953 2454 litteras
988 2396 1153 2454 transcribi
1187 2401 1218 2453 et
1240 2394 1445 2468 transumpmi

182 2499 220 2558 de
243 2503 341 2559 verbo
365 2501 404 2559 ad
429 2503 562 2559 verbum
586 2503 651 2560 sine
674 2503 882 2560 diminucione
906 2511 936 2560 et
958 2507 1125 2576 augmento
1148 2501 1280 2575 aliquali
1296 2500 1445 2568 facientes,

181 2607 377 2679 presentibus
401 2609 511 2667 litteris
534 2611 646 2667 nostris
669 2611 763 2667 inseri
786 2625 822 2667 ac
845 2610 950 2682 sigillo
975 2609 1096 2668 comitis
1119 2609 1218 2666 nostri
1239 2608 1446 2681 zagrabiensis

182 2711 311 2770 fecimus
335 2716 517 2788 consignari.
540 2716 657 2774 Datum
681 2716 832 2788 Zagrabie
862 2716 912 2773 die
935 2717 1060 2774 termini
1083 2717 1247 2790 prenotati.
1282 2716 1373 2772 Anno
1396 2714 1445 2771 do·

182 2819 259 2875 mini
281 2821 450 2879 millesimo
475 2821 779 2894 quadringentesimo
803 2823 1072 2896 quinquagesimo.

287 2956 420 3019 Originale
438 2959 466 3007 in
491 2958 586 3009 charta.
622 2960 708 3022 Tergo
736 2959 888 3023 impressum
917 2967 955 3008 est
980 2957 1102 3022 sigillum.
1125 2959 1158 3005 In
1184 2956 1301 3006 archivio
1329 2956 1376 3007 lib.
1396 2970 1445 3018 reg.

181 3042 228 3093 civ.
250 3045 350 3107 zagrab.

776 3221 852 3289 153.

288 3361 368 3409 Anno
390 3375 463 3427 1450,
484 3376 525 3426 24.
546 3364 665 3414 octobris.
686 3364 833 3427 Zagrabiae.

181 3470 347 3528 Futilerr'ms
370 3473 461 3529 buirus
484 3475 608 3545 capitulo
630 3474 817 3546 zugrrabiensi
836 3473 964 3543 maniat,
988 3479 1022 3528 ut
1043 3472 1221 3544 Heningum,
1243 3470 1299 3544 qui
1311 3469 1446 3527 aduersus

182 3581 406 3635 cornmanr'lolem
430 3581 554 3637 ciuitatis
577 3581 679 3636 irritatis
709 3580 859 3638 Greccnsr's
882 3581 957 3636 lt‘tcm
981 3596 1069 3652 agens
1091 3578 1136 3635 dt'e
1165 3579 1319 3635 constituta
1350 3577 1381 3632 in
1394 3571 1446 3653 ju·

392 3687 495 3744 dicium
518 3706 574 3743 tran
599 3689 689 3762 venit,
713 3689 846 3744 irtulctam
870 3688 1014 3754 minuans,
1038 3686 1069 3741 in
1084 3686 1144 3761 jus
1165 3685 1236 3742 citet.

288 3830 404 3888 Amicis
427 3831 490 3887 suis
513 3831 701 3900 reverendis,
726 3832 863 3905 capitulo
887 3831 1014 3888 ecclesie
1037 3828 1256 3902 zagrabieusis.
1272 3827 1446 3885 Fridericus

182 3935 231 3993 dei
266 3937 369 4008 gracia
405 3936 491 4001 Cilie.
527 3938 742 4009 Ortemburge,
778 3937 967 4010 Zagorieque
1002 3952 1104 3994 comes
1139 3939 1194 3992 etc.
1218 3949 1337 3991 necnon
1361 3932 1446 4005 regni

182 4041 345 4099 Sclauonie
380 4043 487 4112 banus
522 4044 695 4100 amiciciam
731 4053 872 4116 paratam
907 4059 977 4100 cum
1007 4044 1134 4100 honore.
1165 4039 1332 4111 Noveritis,
1365 4037 1445 4112 quod

182 4149 254 4220 quia
275 4149 305 4205 in
329 4164 420 4205 causa
443 4150 521 4206 inter
555 4149 713 4222 egregium
738 4151 911 4222 llennyngh
942 4150 980 4206 de
1003 4146 1203 4206 Zomaedwar
1226 4150 1375 4218 actorem,
1406 4143 1444 4200 ab

181 4270 242 4311 una
266 4262 295 4311 ct
318 4256 398 4311 inter
421 4251 564 4329 judicem,
588 4255 705 4330 juratos
730 4264 758 4313 et
783 4258 943 4314 universos
967 4257 1050 4313 cives
1074 4253 1207 4312 civitatis
1232 4253 1348 4309 montis
1371 4249 1444 4309 Gre-

181 4362 278 4418 censis
302 4361 340 4418 de
363 4362 448 4419 iuxta
472 4362 658 4434 Zagrabiam
682 4365 712 4420 in
734 4379 858 4420 causam
895 4368 1050 4433 attractos,
1086 4359 1230 4435 partibus
1265 4373 1304 4415 ex
1339 4357 1444 4423 altera,

182 4464 267 4542 juxta
303 4474 444 4526 contenta
478 4477 654 4526 nostrarum
691 4470 977 4542 prorogatoriarum
1008 4482 1102 4540 super
1137 4464 1226 4522 factis
1256 4463 1288 4521 in
1319 4463 1444 4535 quibus·

182 4574 254 4630 dam
279 4574 389 4632 litteris
413 4575 543 4631 illustris
567 4575 717 4648 principis
741 4575 860 4632 domini
883 4574 982 4631 Vlrici
1006 4571 1128 4629 comitis
1150 4575 1206 4628 etc.
1222 4575 1253 4627 et
1269 4568 1344 4626 dicti
1360 4566 1444 4640 regni

181 4679 343 4738 Sclauonie
366 4682 510 4739 similiter
535 4682 615 4754 bani,
638 4681 696 4739 filii
720 4683 817 4739 nostri
839 4681 990 4738 carissimi
1020 4675 1262 4748 adiudicatoriis‚
1285 4674 1442 4743 contentis,

181 4787 212 4844 in
238 4788 432 4860 presentibus
455 4789 572 4845 octavis
597 4787 665 4845 sesti
697 4788 780 4844 beati
810 4787 969 4844 Michaelis
1000 4783 1188 4856 archangeli,
1218 4795 1326 4840 coram
1356 4779 1442 4838 nobis

182 4899 267 4951 mota
300 4901 329 4951 et
363 4895 477 4963 habita,
513 4893 650 4967 prefatus
687 4894 861 4966 Hennyngh
885 4893 923 4950 de
947 4893 1026 4949 dicta
1051 4888 1253 4947 Zomzedwar
1277 4903 1334 4961 per
1356 4886 1439 4959 legit·
