3278 5348
613 459 687 520 Doc.
706 470 780 535 345.
804 491 847 499 —
871 458 927 515 An.
951 451 1043 533 1487.

187 677 331 733 venisset.
363 673 486 731 Eisdem
518 674 651 745 denique
682 674 808 741 octavis,
832 679 904 729 tunc
927 673 1121 740 instantibus,
1146 671 1285 744 prefatus
1308 671 1456 744 magister

184 780 340 863 Johannes
364 779 508 850 Possgay,
543 777 678 835 director
709 792 870 835 causarum
902 777 976 835 dicti
1010 777 1129 835 domini
1162 777 1262 835 nostri
1283 777 1373 850 regis,
1397 790 1456 850 pro

187 885 297 944 eodem
320 884 448 943 domino
472 891 578 942 nostro
602 899 675 956 rege
698 884 729 941 in
754 883 898 941 eiusdem
921 882 1054 940 condam
1078 882 1197 940 domini
1221 882 1380 941 Michaelis
1401 897 1456 955 pa-

186 992 276 1049 latini
298 992 424 1049 veniens
448 990 651 1063 presenciam,
674 989 793 1047 litteras
819 995 936 1047 vestras
959 1004 1053 1062 super
1075 989 1142 1060 ipsa
1167 988 1351 1047 evocacione
1376 988 1424 1046 rel
1444 1016 1456 1029 ·

187 1098 282 1155 tortas
304 1095 405 1155 eidem
432 1096 559 1153 domino
576 1095 721 1153 Michaeli
737 1096 875 1168 palatino
900 1101 1092 1169 presentarat
1107 1091 1221 1169 judicio
1246 1110 1302 1168 per
1325 1093 1458 1152 Paulum

187 1202 355 1274 Fyuthygh
379 1201 418 1259 de
438 1201 535 1259 Zenth
558 1201 642 1258 Ivvan
668 1200 871 1274 palatinalem
895 1216 931 1257 ac
956 1199 1124 1257 discretum
1150 1199 1346 1257 Benedictum
1370 1214 1456 1272 pres-
1482 1278 1486 1285 ²

187 1309 320 1365 biterum
346 1311 497 1364 rectorem
522 1321 575 1363 are
600 1307 681 1364 beati
706 1305 834 1378 Georgii
858 1306 995 1362 martiris
1019 1305 1100 1362 dicte
1116 1305 1244 1363 ecclesie
1268 1309 1371 1363 vestre
1387 1321 1457 1380 pre·

186 1413 380 1482 bendarium,
405 1418 554 1482 vestrum,
579 1414 729 1482 homines,
758 1427 814 1485 per
839 1410 994 1485 prefatum
1018 1411 1192 1491 Johannem
1219 1411 1393 1485 Hennyngh
1417 1411 1457 1469 de

186 1519 404 1577 Zomzedwara
428 1520 459 1577 in
491 1519 683 1592 possessione
714 1533 770 1575 sua
794 1517 1012 1590 Zthayuewecz
1036 1522 1154 1588 vocata,
1178 1533 1234 1592 per
1256 1517 1455 1576 Benedictum

185 1623 383 1701 jobagionem
413 1641 505 1683 suum
529 1626 560 1683 in
582 1625 692 1682 eadem
716 1630 971 1695 commorantem,
995 1624 1184 1697 prescriptos
1206 1625 1326 1681 litteras
1349 1631 1379 1683 et
1404 1624 1456 1682 lit·

186 1730 294 1788 teralia
311 1746 366 1788 sua
382 1731 586 1789 instrumenta
601 1731 806 1788 exhibuerant
822 1745 857 1786 ac
873 1729 912 1786 de
928 1728 1018 1787 dictis
1032 1727 1153 1805 judiciis
1169 1730 1265 1788 trium
1280 1747 1456 1790 marcarum

186 1835 321 1895 antefato
345 1836 477 1894 condam
510 1835 638 1894 domino
669 1836 813 1893 Michaeli
845 1836 984 1908 palatino
1008 1841 1037 1892 et
1060 1836 1295 1909 partiadverse
1318 1837 1455 1897 satisfac·

186 1949 291 2000 turum
315 1949 422 2000 contra
445 1950 653 2000 memoratum
678 1941 840 1999 dominum
865 1947 1004 1999 nostrum
1029 1957 1136 2014 regem
1159 1950 1296 2002 actorem
1321 1944 1360 2002 ad
1384 1960 1457 2019 pre·

186 2047 283 2106 dictas
316 2055 440 2106 octavas
471 2048 541 2107 festi
574 2050 655 2106 beati
687 2049 847 2106 Michaelis
871 2048 1048 2121 archangeli
1068 2048 1220 2121 legittime
1243 2059 1456 2125 evocaturum,

186 2154 271 2212 idem
294 2155 426 2213 Michael
460 2155 618 2229 palatinus
649 2161 865 2229 comperuerat
898 2154 1067 2213 manifeste.
1102 2154 1148 2212 Ad
1172 2157 1379 2229 quasquidem
1403 2173 1455 2217 oc·

186 2268 274 2318 tavas
306 2261 376 2319 festi
408 2262 654 2336 Epiphaniarum
686 2261 805 2319 domini
839 2260 901 2338 jam
927 2260 1009 2319 fatus
1040 2261 1196 2343 Johannes
1220 2260 1394 2337 Hennyngh
1416 2264 1455 2324 de

186 2364 404 2424 Zomzedwara
428 2383 484 2441 per
499 2373 679 2426 annotatum
698 2368 883 2440 magistrum
906 2368 1081 2450 Johannem
1104 2368 1248 2441 Possgay,
1265 2368 1451 2428 directorem

186 2487 350 2530 causarum
380 2473 454 2530 dicti
485 2473 603 2531 domini
634 2475 731 2531 nostri
763 2475 844 2547 regis
867 2475 988 2545 actoris,
1011 2474 1043 2530 in
1068 2489 1199 2547 persona
1221 2473 1360 2533 eiusdem
1383 2490 1454 2535 con·

185 2580 271 2651 gruis
294 2578 405 2636 diebus
429 2580 568 2653 ipsarum
592 2587 773 2636 octavarum
798 2595 903 2637 coram
928 2579 1011 2636 dicto
1035 2579 1162 2638 domino
1187 2580 1336 2639 Michaele
1364 2583 1450 2656 pala·

185 2685 250 2742 tino
273 2685 424 2757 legittime
439 2694 627 2759 expectatus,
645 2687 812 2758 premissas
828 2686 947 2743 litteras
964 2693 994 2743 et
1017 2686 1163 2743 litteralia
1186 2703 1240 2745 sua
1265 2688 1454 2747 intrumenta

184 2791 378 2849 exhibiturus
412 2806 448 2848 ac
479 2791 518 2848 de
552 2791 642 2849 dictis
674 2790 797 2866 judiciis
820 2793 915 2850 trium
940 2809 1117 2850 marcarum
1150 2800 1297 2852 annotato
1321 2794 1453 2853 condam

185 2896 312 2954 domino
330 2898 473 2955 Michaeli
489 2898 627 2971 palatino
651 2904 680 2954 et
705 2899 786 2971 parti
809 2898 939 2957 adverse
963 2899 1183 2971 satisfacturus„
1207 2900 1345 2959 eiusdem
1369 2900 1450 2974 pala·

184 3003 240 3060 tini
273 3004 304 3060 in
335 3004 528 3078 presenciam
560 3019 620 3062 non
646 3010 771 3062 venerat
806 3021 906 3078 neque
937 3005 1073 3076 miserat,
1104 3005 1155 3063 sed
1181 3022 1213 3062 se
1245 3006 1454 3064 mediantibus

184 3109 255 3166 aliis
287 3110 398 3167 litteris
432 3110 571 3168 eiusdem
598 3109 716 3168 domini
751 3112 881 3184 palatini
912 3111 1022 3169 exinde
1046 3110 1201 3179 confectis,
1233 3128 1290 3185 pro
1314 3127 1368 3169 sua
1392 3127 1452 3170 non

123 3291 127 3301 Ι
185 3216 340 3273 veniencia
362 3217 393 3273 in
416 3214 531 3289 judicio
547 3227 693 3273 consveto
709 3221 739 3274 et
755 3231 813 3291 pro
830 3232 890 3274 non
907 3217 1064 3274 solucione
1082 3216 1236 3275 dictorum
1260 3216 1452 3293 judiciorum

184 3322 216 3378 in
239 3320 360 3395 dupplo
378 3321 559 3379 eorumdem
576 3325 742 3395 aggravari
759 3325 950 3397 permiserat,
968 3325 1128 3396 postulans
1145 3324 1283 3398 prefatus
1307 3328 1454 3400 magister

182 3428 346 3508 Johaunes,
371 3428 505 3486 director
536 3445 696 3487 causarum
723 3431 819 3503 ipsius
843 3430 960 3488 domini
984 3432 1079 3488 nostri
1103 3433 1184 3503 regis
1207 3433 1327 3503 actoris,
1351 3432 1452 3491 eidem

183 3549 222 3591 ex
252 3546 340 3608 parte
372 3538 535 3594 memorati
568 3537 716 3618 Johannis
741 3537 924 3608 Hennyngh
949 3538 979 3592 in
1003 3552 1128 3594 causam
1152 3539 1282 3610 attracti,
1306 3554 1362 3612 per
1384 3555 1453 3613 pre·

184 3639 282 3698 fatum
316 3640 478 3700 dominum
509 3643 691 3700 hlichaelem
725 3643 897 3716 palatinum
928 3644 958 3700 in
990 3644 1149 3716 premissis
1179 3641 1257 3717 juris
1280 3645 1449 3717 equitatem

183 3746 317 3819 elargiri.
343 3748 378 3804 Et
402 3749 474 3820 quia
497 3748 580 3805 illem
602 3749 758 3829 Johannes
783 3749 966 3820 llennyngh,
983 3750 1014 3806 in
1031 3764 1156 3805 causam
1177 3755 1334 3820 attractus,
1351 3750 1453 3809 adhuc

183 3851 223 3909 ad
248 3854 402 3925 premissa
425 3854 454 3910 in
479 3854 579 3911 tribus
604 3852 679 3911 toris
710 3855 1028 3927 comprovincialibus
1052 3855 1242 3928 proclamari
1266 3854 1331 3914 fore
1355 3856 1452 3914 debu·

184 3966 257 4027 erat,
283 3974 340 4032 pro
364 3974 400 4016 eo
433 3969 567 4017 vestram
592 3961 765 4017 amiciciam
790 3961 873 4018 idem
898 3961 1042 4018 dominus
1067 3963 1198 4019 Michael
1222 3962 1379 4034 palatinus
1402 3962 1452 4022 lit·

184 4064 327 4122 teratorie
359 4066 494 4138 pecierat
527 4066 700 4137 diligenter,
738 4073 889 4138 quatenus
926 4073 1063 4124 vestrum
1097 4067 1260 4124 mitteretis
1292 4068 1450 4127 hominem

184 4186 242 4244 pro
266 4172 442 4229 testimonio
466 4172 666 4243 fidedignum,
685 4189 747 4246 quo
765 4178 914 4245 presente,
931 4174 1026 4229 homo
1050 4188 1123 4230 suus
1140 4171 1220 4230 inira
1237 4172 1450 4245 declarandus,

184 4284 390 4335 memoratum
414 4279 587 4361 Jolrannem
605 4279 642 4335 de
667 4278 885 4335 Zomzedwara
910 4280 1099 4352 prescriptas
1115 4279 1235 4336 litteras
1258 4286 1288 4335 et
1305 4279 1452 4338 litteralia

184 4398 238 4440 sua
262 4384 467 4442 instrumenta
498 4385 710 4442 exhibiturum
743 4401 778 4442 ac
803 4385 840 4442 de
864 4382 986 4458 judiciis
1011 4385 1105 4442 trium
1130 4399 1306 4442 marcarum
1331 4384 1452 4459 prefato

182 4487 308 4548 domino
332 4491 475 4548 Michaeli
500 4492 636 4563 palatino
659 4497 688 4547 et
713 4493 794 4564 parti
818 4490 947 4548 adverse
971 4489 1201 4548 satisfacturum
1224 4495 1329 4548 contra
1354 4506 1449 4550 anno·

183 4604 282 4654 tatum
307 4596 470 4655 dominum
487 4605 626 4655 nostrum
644 4613 750 4670 regem
766 4604 903 4655 actorem
920 4596 958 4653 ad
975 4603 1100 4654 octavas
1124 4595 1195 4654 testi
1218 4597 1301 4655 beati
1324 4596 1451 4671 Georgii

183 4702 328 4773 martiris,
353 4709 424 4760 tunc
460 4711 613 4774 venturas,
638 4705 668 4760 in
693 4705 792 4762 tribus
827 4703 902 4762 toris
931 4703 1248 4775 comprovincialibus
1271 4702 1398 4775 publice
1411 4695 1451 4761 ‘et

185 4807 345 4865 manifeste
370 4810 467 4881 ipsius
491 4809 622 4867 condam
648 4809 768 4867 domini
787 4809 945 4866 Michaelis
968 4809 1097 4881 palatini
1122 4808 1235 4867 taceret
1261 4809 1451 4883 proclamari

182 4912 214 4971 in
246 4915 447 4987 presenciam,
472 4914 654 4973 insinuando
679 4914 796 4972 ibidem
828 4914 937 4985 eidem,
962 4921 995 4971 ut
1019 4915 1043 4970 si
1069 4914 1187 4973 veniret
1210 4921 1239 4974 et
1263 4914 1451 4991 prescriptos

1343 5014 1361 5054 s
