3278 5348
238 421 297 483 168
654 418 727 476 Dor.
751 431 817 476 122.
845 451 880 461 -
907 416 963 475 An.
988 411 1080 494 1438.

235 642 359 695 octavas
383 634 453 693 festi
484 635 729 710 Epiphaniarum
754 634 873 693 domini
902 635 1021 706 regiam
1056 634 1089 691 in
1122 633 1317 706 presenciam
1351 634 1498 708 legittime

239 751 382 800 evocatos
418 741 484 799 fore
518 743 737 815 comperiisent
759 741 941 810 manifeste;
978 739 1017 797 ad
1042 738 1247 813 quasquidem
1272 746 1400 798 octavas
1433 738 1500 798 testi

234 848 318 906 beati
340 846 449 930 Jacobi
472 848 609 921 apostoli
632 847 745 922 prefati
776 848 807 906 in
831 861 956 905 causam
988 844 1109 904 attracti
1143 860 1201 918 per
1223 851 1407 904 annotatum
1430 861 1501 920 pro·

235 958 408 1012 curatorem
432 953 507 1011 dicti
529 944 716 1028 capituli'in
740 967 872 1027 persona
896 951 1033 1010 eiusdem
1057 951 1203 1024 congruis
1226 949 1339 1010 diebus
1358 953 1502 1026 ipsarum

235 1065 416 1118 octavarum
440 1074 545 1116 coram
570 1060 680 1117 eodem
703 1061 817 1117 comite
840 1058 975 1116 Mathius
1009 1056 1170 1130 expectati,
1205 1057 1345 1116 eiusdem
1367 1059 1402 1118 in
1432 1075 1503 1133 pre·

234 1165 369 1223 senciam
385 1180 445 1223 non
468 1166 631 1234 venissent,
647 1181 746 1238 neque
769 1165 933 1228 misissent.
950 1179 982 1221 se
998 1162 1207 1221 mediantibus
1230 1163 1343 1222 litteris
1359 1164 1502 1222 eiusdem

233 1268 432 1347 judicialibus
446 1271 556 1328 exinde
580 1270 726 1329 coniectis
748 1269 905 1347 injudicio
929 1269 1071 1342 agravari
1095 1269 1316 1342 permittentes,
1341 1271 1504 1343 postulans

235 1376 374 1450 prefatus
398 1384 582 1450 procurator
604 1378 741 1436 annotati
775 1377 905 1451 capituli
939 1375 1040 1434 eidem
1076 1391 1114 1433 ex
1143 1378 1231 1448 parte
1255 1383 1504 1435 memoratorum

235 1483 267 1540 in
291 1498 415 1540 causam
439 1488 641 1540 attractorum
673 1499 729 1557 per
763 1484 867 1557 ipsum
891 1483 921 1540 in
957 1481 1117 1554 premissis
1139 1478 1217 1556 juris
1251 1481 1424 1554 equitatem
1448 1483 1505 1540 im·

235 1589 351 1674 pertiri.
375 1589 412 1645 Et
435 1589 507 1662 quia
531 1588 625 1646 iidem
649 1590 680 1647 in
703 1605 828 1647 causam
860 1589 981 1646 attracti
1016 1585 1056 1644 ad
1092 1587 1245 1659 premissa
1269 1586 1338 1644 vice
1360 1589 1507 1646 terciaria

236 1694 384 1752 evocandi
402 1695 468 1752 fore
491 1696 551 1753 visi
572 1694 709 1767 fuissent,
733 1711 792 1770 pro
814 1709 851 1752 eo
873 1693 956 1751 idern
973 1707 1077 1751 comes
1093 1693 1243 1750 Mathews
1266 1699 1406 1751 vestram
1428 1695 1506 1752 ami·

236 1801 347 1859 eiciam
373 1802 556 1859 litteratorie
579 1803 740 1875 petivisset
771 1802 945 1874 diligenter,
979 1806 1130 1873 quatenus
1164 1806 1304 1857 vestrum
1340 1800 1506 1858 mitteretis

236 1908 393 1965 hominem
415 1923 472 1981 pro
496 1909 673 1965 testimonio
696 1907 899 1979 fidedignum,
923 1921 985 1979 quo
1008 1910 1152 1978 presente
1174 1906 1270 1963 homo
1293 1906 1399 1979 regius
1422 1905 1505 1964 infra

236 2011 439 2070 declarandus
462 2022 669 2071 memoratum
693 2013 894 2087 Stephanum,
927 2012 1028 2070 filium
1060 2011 1227 2083 Michaelis,
1259 2015 1331 2069 tunc
1353 2009 1505 2087 judicem,

236 2119 428 2191 Michaclem‚
453 2120 554 2178 filiurn
590 2120 772 2193 Sebastiani,
808 2119 1000 2177 Anthonium
1033 2118 1184 2189 Italicum,
1216 2117 1370 2176 Briccium
1407 2119 1506 2177 Dom-

237 2225 389 2297 brensem,
414 2227 539 2285 Petrum
570 2228 763 2299 ilungarum
788 2226 960 2298 Georgium
994 2230 1145 2282 sartorem
1180 2229 1211 2281 et
1234 2223 1403 2282 Nicolaum
1426 2225 1506 2284 alias

234 2328 361 2407 judices,
384 2348 501 2390 necnon
525 2334 696 2390 Fabianum
720 2333 901 2402 litteratum,
925 2331 1052 2403 Fryche,
1076 2330 1223 2401 Blasium,
1247 2328 1351 2388 lilium
1374 2331 1505 2404 Wythe

235 2439 312 2510 zych
333 2445 361 2495 et
381 2437 559 2512 Georgium,
576 2439 677 2495 silium
702 2440 864 2510 Francisci,
887 2436 1012 2513 juratos,
1029 2437 1113 2495 cives
1135 2442 1165 2494 et
1188 2436 1327 2509 hospites
1350 2441 1382 2495 et
1406 2444 1506 2496 totam

237 2545 490 2601 communitatem
516 2544 596 2602 dicte
619 2546 752 2602 civitatis
776 2546 889 2602 montis
912 2543 1074 2601 Grecensis
1097 2543 1129 2601 in
1151 2542 1313 2616 premissis
1335 2544 1506 2618 perhemp-

236 2650 315 2707 torie
337 2666 551 2724 responsuros,
568 2653 785 2724 racionemque
808 2650 966 2708 efficacem
989 2647 1165 2706 reddituros
1188 2646 1287 2707 aede
1317 2647 1436 2724 judicio
1460 2651 1506 2708 vi·

237 2756 314 2827 ginti
336 2756 468 2814 duarum
493 2773 667 2814 marcarum
692 2755 787 2831 judici
811 2763 841 2814 et
875 2756 957 2830 parti
988 2754 1118 2812 adverse
1151 2752 1363 2812 satisfacturos
1398 2763 1507 2815 contra

237 2869 417 2920 annotatum
442 2864 614 2936 capitulum
637 2864 717 2920 dicte
740 2863 868 2920 ecclesie
891 2861 1098 2934 zagrabiensis
1114 2860 1153 2917 ad
1171 2867 1297 2918 octavas
1320 2860 1393 2920 festi
1422 2863 1506 2923 beati

237 2969 397 3026 Michaelis
420 2971 597 3041 archangeli
623 2976 696 3026 tunc
730 2976 875 3026 venturas
898 2969 1016 3040 regiam
1048 2974 1192 3025 evocaret
1226 2968 1257 3025 in
1293 2970 1506 3042 presenciam

237 3081 267 3132 et
298 3084 367 3148 post
391 3078 446 3133 hee
478 3078 573 3149 ipsius
598 3077 790 3133 evocacionis
813 3075 924 3133 seriem
949 3088 1020 3130 cum
1042 3073 1221 3130 nominibus
1244 3081 1449 3133 evocatorum
1465 3076 1506 3134 ad

237 3181 359 3238 easdem
383 3189 507 3239 octavas
532 3183 658 3240 domino
679 3187 786 3239 nostro
808 3183 873 3253 regi
896 3180 1032 3238 fideliter
1054 3180 1274 3239 rescriberetis.
1309 3180 1375 3238 Vos
1408 3183 1506 3255 igitur

237 3289 369 3360 receptis
393 3288 482 3346 dictis
507 3289 618 3345 litteris
642 3289 779 3345 annotati
802 3288 924 3344 comitis
947 3287 1097 3344 Mathews
1120 3287 1304 3345 evocatoriis
1334 3285 1424 3363 juxta
1456 3306 1506 3348 ea·

236 3394 380 3450 eumdem
405 3395 626 3451 continenciam
651 3399 790 3451 unacum
809 3394 968 3451 Demetrio
992 3393 1030 3451 de
1054 3393 1235 3464 Derenowa,
1258 3394 1385 3453 homine
1408 3397 1506 3469 regio,

237 3506 374 3557 vestrum
400 3502 558 3557 hominem
581 3501 726 3558 videlieet
742 3500 912 3572 Georgium
936 3501 1084 3557 clericum
1107 3499 1146 3557 de
1162 3498 1300 3558 Swsicha
1317 3501 1406 3560 chori
1423 3502 1506 3563 dicte

236 3605 364 3663 ecclesie
386 3613 486 3663 vestre
518 3607 759 3679 prebendarium
792 3607 832 3663 ad
863 3607 1048 3679 premissam
1080 3607 1298 3664 evocacionem
1327 3605 1506 3668 faciendam

236 3718 339 3770 vestro
364 3728 421 3785 pro
445 3714 621 3769 testimonio
653 3714 900 3771 transmisissetis
923 3712 1125 3785 fidedignum,
1148 3712 1203 3786 qui
1233 3712 1359 3771 tandem
1392 3716 1506 3776 exinde

236 3817 274 3875 ad
300 3833 356 3874 vos
380 3820 506 3886 reversi,
531 3820 621 3875 vohis
646 3820 838 3878 concorditer
862 3819 1046 3889 retulissent,
1071 3819 1155 3891 quod
1179 3819 1239 3893 ipsi
1263 3820 1397 3879 sabbato
1429 3838 1504 3896 pro·

236 3926 321 3982 ximo
345 3931 414 3981 ante
439 3924 550 3981 festum
576 3926 658 3982 beati
683 3928 796 3983 Mathei
819 3927 953 3998 apostoli
977 3932 1006 3982 ct
1036 3925 1234 3998 ewangeliste
1257 3927 1288 3984 in
1311 3941 1394 3985 anno
1418 3929 1504 3988 dicto

236 4031 354 4087 domini
379 4030 604 4087 MCCCCXXX
636 4039 746 4103 quarto
778 4034 969 4104 preteritum,
1005 4032 1142 4105 prefatos
1171 4032 1366 4105 Michaelem,
1399 4034 1504 4094 filium

236 4134 416 4205 Sebastiam,
461 4137 610 4193 lirieeium
647 4137 891 4209 Dombrensem,
926 4138 1097 4210 Georgium
1131 4145 1292 4212 sartorem,
1323 4140 1503 4216 Nicolaum,

235 4241 361 4298 Petrum
386 4244 579 4313 llungarurn
618 4245 808 4299 Anthonium
844 4246 994 4314 Italicum,
1026 4246 1102 4303 alias
1136 4243 1263 4322 judiees,
1298 4245 1503 4322 Stephanum,

236 4347 336 4404 filium
355 4350 520 4417 Michaelis,
538 4358 610 4405 tunc
633 4348 777 4423 judicem,
795 4352 981 4421 Gregorium
1013 4352 1173 4424 llwdasty,
1211 4353 1384 4411 Fabianum
1421 4356 1502 4415 litte·

234 4460 346 4523 ratum,
369 4456 495 4527 Frictio,
514 4456 658 4525 Blasium,
682 4456 783 4512 filium
799 4457 1001 4530 Wythezych,
1023 4458 1202 4531 Georgium,
1219 4459 1321 4517 filium
1344 4459 1503 4523 Francisci

235 4566 265 4619 et
287 4561 365 4618 alios
402 4560 518 4636 juratos
554 4578 589 4619 ac
621 4568 737 4619 ceteros
771 4564 853 4621 cives
884 4571 914 4622 et
948 4571 1045 4623 totam
1076 4566 1331 4624 communitatem
1366 4568 1504 4628 civitatis

235 4668 349 4725 montis
374 4666 536 4726 Grecensis
560 4676 665 4726 contra
689 4675 867 4727 annotatum
891 4672 1064 4744 capitulum
1080 4672 1208 4730 ecclesie
1229 4672 1439 4745 zagrabiensis
1461 4674 1503 4734 ad

236 4775 386 4846 premissa
420 4775 456 4830 ad
496 4775 592 4831 dictas
626 4784 750 4832 octavas
786 4775 852 4832 sesti
877 4777 959 4833 beati
982 4778 1142 4834 Michaelis
1168 4779 1347 4852 archangeli
1381 4782 1503 4855 regiam

211 4888 413 4944 ,evocassent
438 4881 467 4936 in
497 4883 704 4953 presenciam;
735 4882 774 4938 ad
805 4883 1010 4954 quasquidem
1034 4892 1159 4941 octavas
1182 4883 1296 4957 prefati
1320 4885 1353 4944 in
1374 4901 1503 4947 causam
