3278 5348
544 414 617 470 Doc.
641 408 715 470 286.
742 447 776 457 -
805 414 861 471 An.
887 423 973 491 1473.
1329 431 1390 491 357

717 622 804 689 286.

229 748 309 796 Anno
331 759 405 811 1473.
426 758 467 798 22.
487 747 579 798 martii.
606 746 701 798 Albae.

119 858 253 915 Thmnas
280 857 401 929 Tompa,
417 857 588 925 castanietis,
609 857 721 913 nomine
743 856 867 929 capituli
879 856 1074 929 zagrabiensis
1082 864 1294 930 possessionum
1310 859 1390 915 Kra-

114 948 218 1023 ljeoec,
250 945 339 1020 Cerje,
363 944 503 1020 Kobe'lyirk
534 954 581 1002 etc.
612 946 681 1002 usui
701 946 828 1019 fmctui,
851 962 932 1019 quem
959 947 1158 1003 conemurtitas
1180 948 1305 1004 civitatis
1320 955 1390 1021 per·

544 1035 622 1110 cipit,
645 1034 871 1092 intercessionem
880 1033 968 1107 facit.

226 1159 399 1233 Magnificis
432 1160 518 1230 viris,
553 1160 641 1217 banis
676 1160 728 1216 vel
758 1160 917 1217 vicebanis
947 1160 1035 1232 regni
1068 1159 1248 1233 Sclauonie,
1282 1162 1391 1220 amicis

115 1281 230 1324 eorum
252 1264 449 1336 honorandis,
473 1265 647 1339 capitulum
665 1266 794 1322 ecclesie
810 1264 954 1336 albensis,
971 1266 1144 1323 amiciciam
1160 1272 1301 1339 paratam
1317 1284 1390 1327 cum

117 1373 248 1430 honore.
273 1371 424 1428 Noverint
447 1375 549 1428 vestre
572 1371 812 1443 magnificencie,
836 1370 920 1443 quod
944 1386 999 1427 nos
1015 1372 1134 1429 litteras
1149 1373 1389 1433 introductoriae

118 1485 151 1536 et
182 1478 359 1536 statutorias
391 1478 578 1535 serenissimi
609 1478 759 1551 principis
789 1476 908 1534 domini
938 1478 1060 1548 Mathie,
1094 1478 1144 1536 dei
1173 1480 1277 1551 gracia
1307 1480 1389 1554 regis

116 1584 286 1656 Hungarie,
311 1582 457 1641 Bohemie
481 1590 536 1641 etc.
560 1583 678 1641 domini
702 1584 797 1640 nostri
821 1583 1049 1655 graciosissimi,
1073 1585 1163 1642 nobis
1193 1587 1387 1659 preceptorie

118 1691 291 1763 loquentes,
318 1704 441 1747 summo
465 1705 536 1746 cum
571 1690 688 1747 honore
711 1689 864 1763 recepisse
899 1690 929 1746 in
960 1690 1017 1746 hec
1054 1691 1165 1748 verba:
1198 1685 1282 1770 (vide
1313 1691 1387 1750 Doc.

120 1810 192 1866 272.
216 1795 254 1853 de
279 1809 358 1853 anno
387 1808 477 1870 1472.
502 1810 551 1853 20.
586 1788 683 1872 maii.)
719 1796 782 1853 Nos
817 1796 919 1868 itaque
954 1795 1108 1854 mandatis
1144 1798 1240 1870 ipsius
1269 1798 1388 1856 domini

119 1904 219 1961 nostri
235 1903 316 1975 regis
339 1917 463 1975 semper
487 1909 516 1959 et
540 1903 570 1960 in
593 1903 739 1986 omnibus
763 1902 975 1974 obtemperari
1008 1903 1156 1974 volentes,
1180 1911 1214 1961 ut
1238 1910 1387 1976 tenemur,

116 2025 274 2067 unacum
302 2009 518 2081 prenominato
553 2009 703 2066 blichaele
734 2008 990 2081 Benczelowych,
1022 2011 1148 2068 homine
1171 2010 1308 2068 eiusdem
1333 2011 1387 2070 do·

117 2115 195 2172 mini
227 2115 323 2173 nostri
354 2115 445 2187 regis,
476 2122 618 2172 nostrum
642 2115 801 2173 hominem
825 2114 972 2172 videlicet
995 2114 1163 2173 discretum
1188 2116 1387 2176 Benedictum

117 2221 158 2278 de
181 2221 310 2291 Thatha,
334 2219 579 2294 prebendarium
602 2221 689 2278 chori
712 2221 840 2279 ecclesie
873 2226 976 2279 nostre
1007 2222 1146 2296 predicte
1168 2238 1204 2280 ac
1233 2228 1386 2282 rectorem

119 2327 240 2400 capelle
264 2326 361 2384 sancti
383 2325 520 2385 ladislai
543 2326 582 2384 ad
607 2327 687 2383 latus
711 2326 849 2384 eiusdem
873 2328 1000 2385 ecclesie
1024 2327 1150 2386 fundate
1172 2328 1212 2385 ad
1236 2330 1387 2401 premissa

116 2432 252 2490 fideliter
276 2433 455 2505 exequenda
479 2440 585 2491 nostro
609 2448 667 2506 pro
691 2433 866 2490 testimonio
899 2435 1125 2492 transmisimus
1155 2434 1217 2492 fide
1248 2435 1386 2508 dignum.

116 2538 178 2612 Qui
202 2537 328 2596 tandem
351 2534 467 2597 exinde
486 2538 524 2596 ad
549 2554 605 2596 nos
627 2540 753 2609 reversi,
770 2540 860 2596 nobis
884 2539 1081 2597 uniformiter
1097 2542 1286 2602 retulerunt:
1309 2557 1385 2615 quo·

116 2644 211 2703 modo
234 2645 294 2718 ipsi
311 2643 386 2702 seria
410 2645 504 2703 tercia
529 2645 673 2720 proxima
696 2652 766 2703 ante
791 2644 904 2702 festum
929 2646 1011 2704 beati
1034 2645 1177 2719 Gregorii
1200 2663 1290 2721 pape,
1311 2663 1384 2722 pro·

115 2752 199 2809 xime
230 2752 422 2825 preteritum,
455 2767 491 2809 ac
514 2750 590 2810 teria
625 2759 736 2825 quarta
759 2752 937 2809 immediate
961 2754 1108 2826 sequenti,
1132 2752 1171 2810 ad
1196 2753 1288 2812 iacies
1313 2770 1382 2829 pre·

113 2858 303 2931 scriptarum
337 2859 568 2930 possessionum
602 2858 771 2928 Kralewcz,
807 2858 939 2930 Czerye,
971 2858 1134 2931 Kobylya,
1168 2858 1320 2933 Zwyblya
1354 2867 1384 2919 et

115 2964 215 3022 Narth
228 2968 419 3034 vocatarum,
432 2965 557 3022 omniuo
570 2966 601 3022 in
614 2965 762 3022 comitatu
774 2966 966 3037 zagrabiensi
978 2967 1188 3045 existentium,
1197 2968 1383 3042 habitarum,

113 3071 224 3129 vicinis
255 3080 284 3126 et
315 3071 535 3127 commetaneis
567 3070 748 3128 earumdem
780 3072 856 3129 inibi
887 3073 1039 3144 legittime
1062 3074 1238 3130 convocatis
1261 3079 1291 3131 et
1314 3090 1384 3146 pre-

112 3177 252 3234 sentibus
275 3174 462 3246 accedentes,
487 3183 515 3233 et
538 3176 612 3233 dum
637 3177 762 3234 easdem
786 3179 995 3251 possessiones
1015 3179 1109 3235 simul
1126 3194 1196 3235 cum
1212 3178 1281 3256 jure
1296 3181 1383 3253 regio

113 3284 145 3340 in
169 3280 286 3339 eisdem
320 3282 427 3339 habito
462 3284 641 3341 memoratis
676 3285 798 3342 civibus
836 3287 866 3341 et
901 3284 1077 3358 hospitibus
1108 3285 1241 3343 civitatis
1266 3287 1381 3344 montis

115 3388 279 3447 Grecensis
321 3394 454 3447 statuere
495 3390 683 3461 voluissent,
723 3396 794 3448 tunc
834 3392 1028 3449 honorabilis
1063 3393 1212 3464 magister
1245 3393 1381 3451 Thomas

112 3495 265 3568 Thompa‚
291 3495 455 3552 canonicus
479 3496 607 3555 ecclesie
637 3497 852 3571 zagrabiensis,
884 3499 914 3555 in
945 3514 1001 3555 sua
1032 3505 1062 3556 et
1086 3499 1215 3572 capituli
1238 3499 1378 3557 eiusdem

111 3601 241 3659 ecclesie
271 3601 482 3673 zagrabiensis
513 3603 653 3676 personis
684 3603 862 3660 huiusmodi
894 3605 1056 3662 statucioni
1080 3620 1187 3662 eorum
1211 3606 1381 3665 contradic·

111 3707 209 3766 cionis
228 3707 382 3764 velamine
394 3708 560 3777 obviasset,
575 3709 617 3765 ob
633 3709 856 3782 quamquidem
873 3711 1144 3769 contradictoriam
1159 3711 1381 3770 inhibicionem

110 3813 252 3889 prefatus
274 3814 369 3871 homo
395 3815 507 3886 regius,
531 3814 614 3873 dicto
637 3824 743 3873 nostro
775 3817 951 3873 testimonio
975 3826 1125 3889 presente,
1150 3818 1266 3874 dictum
1297 3820 1380 3892 capi·

108 3920 214 3977 tulum
236 3918 434 3991 zagrabiense
459 3927 565 3978 contra
587 3927 749 3978 annotatos
765 3922 847 3978 cives
864 3921 901 3977 ad
920 3929 1045 3979 octavas
1066 3921 1137 3980 festi
1153 3922 1235 3979 beati
1251 3921 1378 3995 Georgii

109 4026 256 4095 martiris,
269 4042 349 4082 nunc
366 4028 495 4099 venturi,
513 4032 649 4084 vestram
661 4034 818 4085 evocasset
832 4029 862 4084 in
877 4028 1076 4102 presenciam,
1086 4029 1242 4085 racionem
1255 4035 1376 4086 contra·

108 4130 256 4189 diceionis
272 4147 381 4189 eorum
397 4132 579 4190 reddituros.
598 4134 713 4192 Datum
730 4133 914 4191 duodecimo
939 4133 987 4190 die
1011 4133 1073 4190 diei
1096 4133 1287 4191 evocacionis
1305 4151 1378 4209 pre·

108 4238 198 4296 dicte.
229 4239 319 4296 Anno
349 4237 467 4296 domini
499 4240 668 4298 millesimo
692 4240 996 4313 quadringentesimo
1020 4239 1247 4313 septuagesimo
1273 4241 1377 4299 tercio.

218 4346 259 4412 (A
278 4345 374 4411 tergo).
399 4344 489 4402 Banis
511 4345 562 4402 vel
587 4346 744 4403 vicebanis
768 4347 854 4417 regni
870 4344 1041 4403 Sclauonie
1066 4346 1126 4403 Pro
1143 4345 1376 4420 circumspectis

107 4448 219 4526 judice,
241 4450 359 4527 juratis,
383 4451 554 4524 ceterisque
578 4453 698 4509 civibus
722 4452 854 4510 civitatis
871 4452 984 4508 montis
1001 4451 1163 4510 Grecensis
1187 4458 1297 4510 contra
1321 4453 1379 4510 ho·

111 4557 252 4614 norabile
276 4558 449 4632 capitulum
473 4557 601 4615 ecclesie
626 4559 833 4630 zagrabiensis
857 4573 892 4614 ac
916 4566 1041 4615 octavas
1066 4558 1136 4616 testi
1152 4558 1236 4616 beati
1251 4557 1378 4631 Georgii

110 4664 255 4735 martiris
279 4665 459 4722 statucionis
483 4671 512 4721 et
536 4665 728 4722 evocacionis
761 4665 882 4722 relacio

214 4799 348 4864 Originale
366 4800 393 4849 in
412 4799 507 4852 charta.
527 4801 554 4848 A
574 4808 646 4865 tergo
665 4801 803 4864 vestigium
821 4800 939 4864 impressi
959 4800 1047 4864 sigilli.
1072 4802 1105 4849 Iu
1123 4800 1238 4850 archivio
1257 4798 1304 4852 lib.
1324 4816 1377 4865 reg,

107 4887 156 4939 civ.
177 4890 277 4952 zagmb.
