3278 5348
182 432 253 477 uro
622 415 695 473 Doc
706 411 836 501 „85-
858 416 914 475 An
938 428 1030 493 1455

102 634 107 642 '
184 639 250 690 tate
273 648 309 690 ac
327 632 548 726 commissione
569 633 709 689 omniurn
714 596 942 689 dominorum
963 630 1001 688 de
1031 631 1176 705 prelato·
1181 632 1328 706 capitulo
1350 648 1453 706 ragra-

187 739 287 799 biensi
309 719 585 796 concanonicorum
609 737 754 795 videlicet
777 745 807 794 et
830 739 1043 795 consociorum
1075 753 1205 799 suorum
1228 754 1283 797 sex
1310 739 1397 797 ciues
1414 734 1465 797 e‘t'

182 847 379 904 'habitatores
402 844 537 901 civitatis
558 843 744 916 sepedicte'
737 861 768 900 in
791 858 903 919 campo
927 848 957 901 et
980 844 1135 902 territorio
1158 843 1299 902 eiusdem
1324 844 1456 903 civitatis

187 956 220 1012 in
244 953 366 1026 pascuis
390 952 486 1007 boves
509 964 583 1007 suos
605 958 746 1023 tempore
768 955 920 1008 nocturno
944 955 1104 1024 pascentes
1135 955 1286 1023 repertos,
1318 952 1457 1009 vestibus

186 1068 218 1121 et
239 1059 349 1117 ceteris
372 1057 466 1115 rebus
488 1070 596 1113 eorum
620 1062 731 1113 extunc
762 1054 846 1131 apud
879 1056 964 1129 ipsos
995 1056 1110 1114 habitis
1141 1056 1275 1130 spoliari
1306 1062 1339 1115 et
1360 1056 1456 1130 spoli·

125 1136 144 1147 ..
187 1174 254 1224 atos
286 1165 351 1222 dire
385 1162 546 1221 verberari
570 1167 600 1218 et
631 1162 799 1220 crudeliter
822 1162 966 1234 colligari
991 1161 1072 1234 lecit,
1096 1169 1127 1220 et
1145 1162 1270 1220 tandem
1294 1163 1455 1237 spoliatos,

188 1273 368 1330 verberatos
403 1276 432 1327 et
466 1267 636 1326 crudeliter
669 1269 834 1340 colligatos
869 1284 963 1342 penes
995 1283 1092 1342 equos
1115 1283 1233 1339 eorum,
1257 1284 1354 1343 super
1378 1283 1455 1343 quos

188 1392 246 1452 pro
270 1384 342 1435 tunc
363 1377 549 1449 equitarunt,
573 1374 668 1432 iidem
685 1374 1054 1449 'lamuliper'campum
1079 1375 1177 1448 ipsius
1210 1375 1346 1432 civitatis
1370 1374 1458 1458 ⁴trahi

180 1485 325 1552 ,lecerunt
348 1483 433 1540 omni
455 1483 520 1538 sine
542 1482 636 1555 culpa
660 1497 768 1540 eorum
792 1497 828 1538 ac
845 1481 1058 1541 misericordia
1074 1480 1123 1539 dei
1141 1483 1263 1556 penitus
1278 1485 1457 1555 postergata

115 1590 127 1601 ⁸
185 1593 216 1648 in
241 1589 448 1664 preiudicium
470 1594 501 1644 et
524 1588 711 1658 derogamen
736 1593 765 1645 et
788 1588 1023 1664 oppressionem
1048 1588 1230 1646 libertatum
1253 1588 1456 1673 etterritorii

186 1698 320 1781 civitatis
342 1694 505 1768 sepedicto.
528 1696 573 1752 Ex
597 1694 841 1768 quibusqutdem
874 1712 928 1752 sex
959 1695 1148 1765 hominibus,
1180 1699 1316 1767 quatuor
1337 1680 1458 1753 ,eoru'm'

186 1803 320 1885 secunudo
344 1808 396 1861 aut
419 1802 514 1858 tercio
538 1801 587 1858 die
611 1802 663 1858 vix
687 1808 757 1858 sunt
781 1804 906 1874 reperti,
930 1800 994 1859 duo
1017 1809 1120 1858 autem
1152 1792 1261 1858 eorum
1292 1792 1456 1874 usquein
1481 1826 1486 1830 ·

178 1886 372 1969 hodiernum
396 1907 480 1970 diem
503 1906 604 1964 adhuc
625 1918 697 1988 *non
712 1916 782 1992 sunt
814 1908 930 1965 inventi
952 1924 1053 1980 neque
1080 1908 1204 1981 reperti,
1232 1921 1312 1980 quos
1343 1906 1456 1981 prelati

183 2017 284 2089 ipsius
308 2014 424 2077 domini
446 2013 554 2095 Jacobi
579 2013 689 2071 famuli
714 2016 790 2073 illuc
807 2014 944 2072 fecerunt
960 2021 989 2071 et
1005 2008 1217 2087 reposuerunt,
1234 2012 1296 2087 qu'o
1313 2015 1454 2087 ipsorum

186 2122 319 2195 placuit·
338 2117 497 2189 voluntati,
530 2119 567 2175 de
603 2122 717 2193 quibus
751 2120 853 2178 adhuc
884 2121 1018 2178 nescitur
1053 2121 1107 2177 ubi
1132 2121 1200 2191 sint,
1225 2120 1370 2193 potencia
1393 2134 1454 2176 me·

185 2227 296 2284 diante.
321 2227 387 2282 Lite
412 2230 513 2282 tamen
538 2227 617 2283 inter
641 2228 812 2300 capitulum
838 2235 867 2283 et
890 2228 973 2283 ciues
996 2225 1158 2300 pendente.

292 2333 378 2403 Item,
413 2332 538 2404 insuper
572 2331 686 2405 prefati
708 2333 825 2391 domini
850 2333 887 2389 de
911 2333 1052 2407 capitulo
1084 2336 1245 2405 prenotato
1275 2332 1380 2391 missis
1412 2331 1454 2401 t'a·

185 2414 361 2503 miliaribus
398 2445 427 2495 et
460 2439 568 2495 ceteris
600 2440 728 2496 armatis
762 2430 941 2513 hominibus
972 2446 1001 2497 et
1036 2439 1214 2512 pastoribus
1249 2453 1359 2495 eorum
1383 2453 1453 2495 cum

185 2547 296 2615 bobuS,
320 2545 407 2617 equis
430 2550 460 2600 et
483 2546 591 2601 ceteris
615 2547 805 2603 animalibus
837 2547 977 2618 ipsorum
1001 2552 1118 2617 segetes
1149 2551 1178 2601 et
1207 2543 1314 2617 fruges
1344 2561 1381 2602 ac
1412 2543 1454 2602 fe·

181 2653 260 2715 ‚nilia
288 2661 324 2711 ‚et
359 2658 459 2708 cetera
496 2666 610 2724 pascua
645 2654 822 2708 communia
846 2653 980 2710 civitatis
1004 2652 1159 2725 sepedicte
1188 2636 1219 2711 in
1244 2652 1403 2709 territorio
1426 2658 1455 2724 et

185 2773 296 2831 eampo
320 2758 453 2815 civitatis
478 2757 616 2830 predicte
641 2760 762 2830 penitus
786 2765 816 2815 et
839 2776 895 2832 per
918 2760 1021 2816 omnia
1053 2758 1178 2832 depasci
1213 2762 1242 2813 et
1278 2757 1397 2815 destrui
1420 2773 1455 2831 ac

185 2862 339 2920 devastari
364 2864 501 2920 lecerunt
525 2865 652 2937 impune
676 2867 706 2921 in
731 2865 938 2938 preiudicium
962 2865 1107 2922 similiter
1138 2873 1168 2921 et
1198 2863 1388 2936 derogamen
1420 2880 1455 2921 ac

185 2971 419 3042 oppressionem
444 2972 626 3033 libertatum
650 2980 678 3028 et
703 2973 851 3029 territorii
875 2973 1009 3029 civitatis
1032 2970 1196 3044 sepedicte,
1219 2971 1319 3028 minas
1344 2974 1455 3030 mortis

185 3075 304 3131 civibus
328 3078 426 3149 ipsius
449 3078 582 3134 civitatis
606 3094 729 3151 semper
753 3079 953 3150 imponentes.
1347 3056 1352 3065 ⁸

290 3181 376 3249 Item,
401 3185 497 3238 eciam
524 3184 583 3240 titis
606 3184 697 3239 malis
720 3199 780 3239 non
805 3186 936 3240 contenti
962 3184 1013 3240 sed
1039 3184 1144 3257 peiora
1176 3165 1338 3256 peioribus
1367 3200 1456 3243 accu-

186 3286 347 3356 mulantes,
373 3287 448 3344 feria
472 3298 581 3360 quarta
606 3291 750 3360 proxima
773 3297 841 3346 ante
874 3290 986 3347 testum
1018 3290 1239 3359 penthecostes,
1271 3273 1367 3347 iidem
1402 3291 1457 3349 do·

185 3391 259 3447 mini
284 3391 321 3447 de
345 3394 490 3465 capitulo,
514 3395 614 3451 missis
638 3398 728 3453 certis
753 3412 859 3452 eorum
878 3396 1087 3453 familiaribus
1105 3392 1232 3453 armatis
1248 3396 1286 3452 ad
1303 3412 1455 3471 campum

184 3504 213 3552 et
237 3499 426 3555 territorium
450 3501 584 3557 civitatis
608 3502 770 3576 sepediete,
795 3503 954 3559 cuiusdam
987 3496 1169 3559 habitatoris
1200 3508 1230 3558 et
1261 3503 1340 3571 civis
1372 3503 1454 3561 dicte

183 3603 316 3660 civitatis
351 3606 472 3663 nornine.
505 3607 594 3675 Petri,
630 3609 759 3665 cultoris
793 3615 908 3665 terram
943 3624 1032 3667 suam
1065 3609 1227 3679 arabilem,
1252 3610 1281 3666 in
1307 3608 1455 3682 predicto

184 3725 295 3783 campo
320 3718 348 3767 et
373 3713 527 3770 territorio
552 3715 648 3786 ipsius
672 3718 814 3785 civitatis,
840 3724 942 3773 rastro
965 3715 1066 3773 terreo
1089 3715 1186 3787 vulgo
1210 3717 1308 3772 brana
1330 3726 1455 3790 vocato,

185 3831 243 3889 pro
266 3818 447 3875 seminando
471 3820 559 3875 mitio
584 3837 653 3876 cum
679 3820 801 3879 duobus
825 3822 926 3879 bobus
949 3823 1013 3879 suis
1043 3821 1216 3893 rastrantis,
1245 3831 1351 3894 preter
1375 3839 1456 3896 quos

184 3923 290 3997 plures
326 3941 385 3981 non
421 3927 564 3997 habebat,
600 3944 671 3985 curn
707 3930 821 4000 quibus
852 3932 950 3990 eciam
981 3931 1083 3989 bobus
1115 3930 1175 3987 sibi
1206 3936 1235 3986 et
1259 3929 1368 4002 pueris
1391 3931 1455 3988 suis

184 4031 300 4087 victum
324 4032 512 4102 acquirebat,
537 4050 631 4090 unuin
657 4037 769 4092 bovem
794 4053 830 4092 ex
855 4036 970 4093 eisdem
995 4037 1097 4093 bobus
1122 4035 1245 4093 duobus
1268 4033 1309 4092 ad
1335 4044 1453 4095 terram

183 4136 350 4193 crudeliter
384 4137 553 4194 demactari
584 4138 721 4196 lecerunt
756 4157 854 4213 usque
884 4142 922 4197 ad
947 4149 1081 4199 mortem
1104 4142 1223 4214 absque
1246 4143 1334 4199 omni
1357 4144 1454 4217 culpa

184 4243 281 4314 ipsius
305 4243 394 4307 l‘etri,
412 4243 440 4298 in
460 4243 629 4316 dampnum
648 4253 676 4300 et
693 4254 910 4302 nocumentum
929 4246 1066 4305 eiusdem
1084 4248 1165 4305 Petri
1183 4247 1274 4305 valde
1291 4263 1453 4321 magnum,

184 4351 324 4423 potencia
357 4351 496 4423 ipsorum
531 4351 692 4409 mediante
725 4354 791 4408 lite
823 4345 924 4411 tar'nen
950 4354 1100 4427 pendente
1124 4355 1204 4412 inter
1226 4354 1320 4427 ipsos,
1345 4356 1456 4414 contra

184 4456 360 4512 libertatern
386 4457 518 4514 civitatis
543 4456 687 4529 sepefate

289 4563 373 4625 ltern
399 4562 473 4619 feria
496 4563 630 4619 secunda
655 4565 799 4637 proxima
822 4576 892 4638 post
917 4565 1029 4624 testum
1061 4526 1314 4624 Pentlrecostes
1308 4584 1339 4624 in
1371 4582 1454 4626 anno

182 4671 316 4741 presenti
333 4670 525 4726 honorabilis
542 4671 591 4725 tir
607 4669 751 4735 dominus
768 4670 937 4743 Gregorius
954 4679 1057 4730 custos
1081 4678 1111 4731 et
1133 4674 1298 4731 canonicus
1322 4675 1453 4733 ecclesie

182 4775 395 4846 zagrabiensis
420 4790 491 4831 cum
516 4774 652 4846 quodam
664 4775 816 4846 Gregorio
834 4778 916 4835 dieto
933 4779 1184 4851 Bogathychitclr,
1199 4779 1368 4853 iobagione
1384 4794 1452 4853 suo,

182 4888 211 4938 et
234 4882 303 4938 aliis
327 4880 534 4938 familiaribus
558 4889 587 4938 et
609 4879 828 4956 jobagionibus
852 4887 915 4943 suis
936 4885 1047 4954 gladiis
1063 4892 1094 4942 et
1109 4886 1180 4943 aliis
1195 4885 1292 4965 armis
1308 4886 1452 4961 ipsorum
