3278 5348
607 413 680 469 Doc.
705 405 775 472 161.
800 443 840 454 -
866 409 924 468 An.
948 421 1036 486 1452.
1389 427 1449 483 arn

958 514 1450 523 —--———-.——-———

207 623 318 687 Signum

209 713 314 765 notarii.

287 824 326 881 Et
349 837 406 895 ego
430 823 595 905 Johannes,
611 822 768 882 Dominici
784 823 976 883 Wenczeslai
994 824 1032 882 de
1047 822 1301 906 Jalrozerdahely,
1321 821 1453 880 clericus

183 929 392 1005 zagrabiensis
425 929 557 987 diocesis
582 936 612 987 et
634 930 782 1003 publicus
803 946 891 989 saera
915 932 1071 1005 imperiali
1093 931 1276 989 auctoritate
1305 927 1453 998 notarius,

183 1039 255 1112 quia
291 1035 451 1111 premissis
482 1034 625 1108 fassioni,
660 1035 825 1095 donacioni
858 1043 888 1095 et
921 1036 1215 1112 recipiadmissioni,
1251 1036 1382 1108 aliisque
1423 1039 1453 1091 et

182 1144 315 1217 singulis
338 1142 498 1217 premissis
522 1140 597 1199 dum
622 1142 666 1200 sic
688 1141 797 1200 fierent
821 1149 851 1201 et
874 1149 1038 1217 agerentur
1067 1159 1200 1201 unacum
1232 1140 1453 1216 prenominatis

183 1250 315 1308 testibus
349 1248 483 1320 interfui,
518 1263 616 1322 eaque
650 1250 755 1307 omnia
790 1257 819 1308 et
853 1251 975 1324 singula
1009 1251 1053 1308 sic
1086 1250 1156 1307 fieri
1191 1249 1257 1307 vidi
1285 1254 1315 1306 et
1338 1246 1453 1318 audivi,

183 1355 317 1429 ideoque
340 1357 401 1413 hoc
424 1370 550 1429 presens
574 1355 738 1428 publicum
761 1357 1002 1415 instrumentum
1027 1356 1138 1415 exinde
1161 1355 1287 1427 conieci,
1303 1355 1454 1427 signoque

184 1467 213 1520 et
243 1463 371 1520 nomine
404 1463 482 1520 meis
515 1461 615 1520 solitis
638 1464 669 1520 et
698 1463 853 1521 consvetis
878 1464 1058 1536 consignavi
1081 1469 1208 1536 rogatus
1228 1467 1258 1520 et
1280 1459 1453 1534 requisitus,

183 1568 216 1626 in
236 1567 333 1626 fidem
357 1573 388 1625 et
410 1569 622 1627 testimonium
644 1569 786 1626 omnium
810 1575 839 1627 et
863 1570 1058 1642 singulorum
1082 1570 1314 1643 premissorum.

290 1723 424 1788 Originale
441 1724 468 1773 iu
486 1724 642 1778 membrana.
660 1725 693 1773 Iu
711 1724 825 1774 archivio
843 1725 903 1776 hou.
923 1725 1026 1789 collegii
1047 1725 1136 1777 Praeb.
1156 1725 1257 1790 zagrab.

786 1979 867 2046 161.

294 2152 376 2201 Anno
397 2164 471 2218 1452,
493 2165 508 2201 2
537 2153 668 2205 februarii.
686 2154 834 2217 Zagrabiac.

192 2278 297 2337 Coram
334 2279 460 2351 Urbano,
492 2280 588 2337 villico
618 2280 677 2338 vici
704 2280 887 2351 Latmormn,
921 2279 1030 2340 Ursulo
1052 2282 1169 2338 dommo
1192 2287 1221 2338 cl
1248 2279 1359 2350 Givon,
1381 2279 1455 2335 cives

185 2385 310 2444 civitutis
332 2387 435 2444 inentis
463 2386 624 2457 Grecensis,
648 2388 783 2445 Andreae
805 2390 939 2445 canonr'co
955 2396 1062 2446 terrum
1077 2406 1162 2447 suam
1178 2387 1316 2444 arabilem
1331 2386 1456 2460 quinque

657 2494 728 2569 flor.
752 2496 825 2554 ariri
846 2496 980 2557 ruminat.

291 2638 355 2697 Nos
379 2640 524 2698 Vrbanus
547 2639 680 2711 villicus,
704 2637 805 2715 jurati,
827 2642 984 2715 ceterique
1006 2641 1089 2698 cives
1120 2645 1151 2698 et
1181 2639 1319 2712 hospites
1351 2637 1454 2694 libere

187 2747 265 2805 ville
300 2746 362 2803 vici
396 2746 578 2804 Latinorum
613 2745 651 2804 de
686 2746 846 2818 Zagrabia.
871 2748 1033 2816 (ll-lemorie
1057 2744 1313 2804 commendamus
1337 2733 1454 2820 tenore)

188 2853 382 2928 presencium
405 2852 612 2925 significantes
636 2854 750 2926 quibus
774 2853 898 2927 expedit
922 2855 1090 2912 universis:
1123 2852 1206 2927 quod
1237 2850 1370 2926 provida
1401 2849 1455 2907 do·

187 2962 270 3019 mina
294 2959 410 3017 Vrsula
442 2964 552 3017 vocata
575 2950 708 3038 (relicta)
735 3002 1021 3019 ..........
1045 2966 1075 3018 et
1097 2959 1199 3017 Givan
1222 2959 1298 3017 civis
1321 2958 1455 3015 civitatis

188 3066 304 3125 montis
328 3064 499 3137 Greceusis,
522 3066 563 3123 ab
586 3081 647 3123 una
670 3072 767 3140 parte,
793 3073 880 3141 parte
903 3081 978 3124 vero
1001 3067 1042 3124 ab
1066 3067 1164 3124 altera
1188 3064 1377 3123 venerabilis
1400 3063 1455 3121 do·

187 3174 289 3231 minus
313 3164 479 3250 (Andreas)
503 3171 739 3230 archidiaconus
770 3170 978 3231 kamarcensis
1009 3179 1039 3230 et
1070 3173 1234 3230 canonicus
1257 3170 1385 3229 ecclesie
1407 3185 1455 3227 za·

187 3280 361 3353 grabiensis
383 3295 488 3337 coram
512 3280 602 3338 nobis
634 3280 838 3354 personaliter
869 3279 1043 3337 constitutis
1067 3323 1257 3337 .......
1280 3275 1455 3334 consessum

186 3386 287 3444 extitit
302 3385 429 3443 oraculo
441 3387 513 3443 vive
537 3387 621 3443 vocis
644 3401 698 3444 sue
722 3386 753 3443 in
773 3386 854 3444 hunc
878 3385 1022 3442 modum:
1046 3384 1204 3458 quomodo
1220 3385 1287 3457 ipsa
1303 3382 1455 3456 quasdam

185 3497 283 3551 terras
306 3508 377 3550 suas
400 3486 559 3570 (arabiles)
581 3493 612 3550 in
635 3492 790 3550 territorio
812 3498 918 3550 nostro
940 3492 1103 3550 existentes
1126 3496 1156 3548 et
1172 3491 1302 3559 habitas,
1318 3489 1455 3562 quinque

187 3597 285 3656 dietas
310 3603 389 3657 terre
412 3599 542 3656 arabilis
564 3600 596 3657 in
619 3615 651 3656 se
675 3599 872 3669 continentes,
896 3597 1157 3672 quarumquidem
1189 3590 1357 3675 (terrarum
1380 3595 1454 3654 vici·

186 3712 278 3763 natur
300 3721 319 3763 a
341 3698 575 3782 septemtrione)
599 3748 760 3763 ......
782 3721 801 3763 a
826 3709 911 3779 parte
935 3719 1010 3762 vero
1033 3704 1176 3762 orientali
1207 3709 1289 3761 terra
1325 3701 1454 3759 arabilis

186 3811 374 3870 venerabilis
398 3811 458 3869 viri
480 3810 598 3868 domini
625 3811 689 3868 Viti
714 3812 863 3885 prepositi
886 3810 960 3868 dicti
985 3810 1113 3881 Boshlra,
1137 3826 1155 3867 a
1179 3816 1266 3883 parte
1288 3823 1364 3867 vero
1390 3822 1454 3864 me·

186 3917 330 3977 ridionali
352 3924 434 3976 terra
456 3917 585 3975 arabilis
608 3916 731 3975 discreti
755 3918 815 3975 viri
837 3917 955 3975 domini
971 3917 1126 3974 Dominici
1151 3913 1358 3990 prebendarii,
1382 3928 1452 3986 pre-

187 4024 337 4097 bendalis,
376 4038 394 4080 a
426 4029 515 4098 parte
546 4039 620 4082 vero
655 4023 837 4082 occidentali
871 4023 983 4081 ssuvius
1018 4021 1261 4094 Brvlrowschyalr
1294 4027 1323 4078 et
1357 4032 1455 4090 usque

188 4130 341 4190 fossatum
364 4146 397 4189 se
419 4129 646 4205 protendentes,
681 4147 752 4189 cum
775 4131 920 4189 omnibus
944 4129 1124 4188 earumdem
1148 4128 1284 4202 quinque
1300 4126 1454 4185 dictarum

188 4243 267 4297 terre
302 4238 432 4297 arabilis
466 4238 655 4296 utilitatibus
689 4244 718 4295 et
753 4238 949 4311 pertinenciis
983 4236 1136 4294 universis
1170 4234 1272 4292 eidem
1303 4232 1454 4304 magistro

187 4345 318 4417 Andree,
342 4352 396 4403 aut
418 4344 468 4403 illi
492 4344 544 4403 vel
567 4344 640 4408 illis,
664 4345 714 4402 cui
736 4344 787 4401 vel
811 4344 925 4417 quibus
955 4344 1021 4416 ipse
1052 4343 1083 4399 in
1114 4343 1178 4400 vita
1210 4340 1261 4398 vel
1291 4341 1323 4398 in
1354 4344 1454 4396 morte

187 4451 315 4524 dederit,
339 4451 501 4510 donaverit
524 4451 576 4507 vel
600 4450 751 4523 legaverit
776 4450 825 4508 vel
863 4449 1047 4519 vendiderit,
1083 4464 1142 4523 pro
1172 4448 1309 4521 quinque
1331 4445 1455 4503 florenis

186 4559 253 4616 auri
276 4557 378 4631 plene,
401 4562 436 4616 ut
459 4557 546 4627 dixit,
570 4557 611 4614 ab
635 4555 744 4614 eodem
768 4556 900 4629 receptis
922 4566 952 4613 et
980 4555 1103 4627 habitis,
1136 4552 1335 4624 vendidisset,
1359 4550 1454 4610 tradi·

187 4663 282 4723 disset
305 4668 335 4722 et
357 4663 550 4736 assignasset,
575 4663 673 4720 immo
698 4661 846 4734 vendidit,
863 4660 989 4720 tradidit
1012 4667 1042 4718 et
1065 4661 1233 4733 assignavit
1250 4676 1306 4734 per
1322 4656 1454 4718 eundem

186 4779 239 4829 aut
269 4771 362 4829 illum
396 4771 449 4829 vel
482 4770 563 4841 illos,
597 4770 646 4828 cui
680 4770 730 4827 vel
765 4769 887 4841 quihus,
910 4770 989 4827 sicut
1013 4766 1177 4841 prefertur,
1199 4768 1229 4826 in
1252 4768 1317 4826 vita
1348 4765 1399 4823 vel
1423 4765 1454 4823 in

187 4882 288 4936 morte
310 4877 481 4943 donaverit.
505 4877 658 4951 legaverit
682 4882 734 4934 aut
758 4875 940 4949 vendiderit,
960 4873 1029 4953 jure
1059 4880 1210 4949 perpetuo
1241 4879 1271 4932 et
1300 4874 1454 4932 irrevoca-
