3278 5348
624 447 698 506 Doc.
714 424 790 524 3o2.
822 479 858 490 -
881 448 938 505 An.
963 441 1052 525 1476.

1400 464 1458 524 371

233 553 284 559 .-—
302 551 456 559 .—-.--...--
480 552 617 558 .-—-—..—.
1158 553 1271 559 -.—.---
1304 554 1316 559 ..
1335 555 1339 559 .

786 760 876 829 302.

296 956 378 1007 Anno
400 955 474 1020 1476,
495 967 536 1007 20.
555 955 678 1020 Augusti.
702 955 852 1020 Zagrubiae.

195 1138 352 1209 Osvaldur,
374 1138 518 1211 episcpous
550 1136 678 1210 ragrab,
708 1136 834 1210 capitulo
866 1137 997 1207 concedit,
1030 1144 1065 1195 ut
1084 1154 1172 1194 areae
1192 1118 1460 1212 capitularium

188 1269 389 1338 sequestretur,
411 1261 529 1319 moeniti
551 1260 717 1331 obducatur,
739 1261 877 1335 laicisque
895 1261 939 1318 ad
956 1262 1114 1335 capitulum
1136 1260 1342 1335 defendendum
1363 1225 1455 1334 detur.

295 1414 451 1473 Osualdus
475 1414 526 1472 dei
549 1419 579 1472 et
595 1413 765 1488 apostolice
787 1413 869 1472 sedis
892 1415 996 1488 gracia
1019 1414 1183 1487 episcopus
1206 1412 1334 1470 ecclesie
1350 1428 1457 1486 zagrab

189 1521 314 1580 biensis.
349 1521 503 1579 Omnibus
537 1520 654 1578 Christi
687 1519 834 1578 fidelibus
866 1520 1062 1594 presentibus
1096 1525 1126 1576 et
1158 1517 1279 1590 futuris,
1308 1518 1456 1577 noticiam

188 1626 385 1701 presencium
407 1626 571 1698 habituris,
594 1626 728 1684 salutem
751 1627 782 1683 in
814 1626 954 1683 omnium
974 1626 1130 1683 salvatore
1153 1629 1184 1682 et
1205 1623 1245 1681 ad
1269 1630 1453 1698 perpetuam

187 1733 234 1791 rei
270 1733 462 1790 memoriam.
493 1731 714 1790 Meditantibus
744 1732 835 1790 nobis
859 1736 889 1789 et
921 1731 1007 1789 horis
1037 1730 1189 1789 continuis
1219 1744 1255 1787 ac
1288 1731 1453 1789 momentis

188 1838 396 1897 indesinenter
411 1838 647 1896 revolventibus
669 1838 803 1896 condam
828 1837 926 1896 felicis
949 1836 1171 1895 recordationis
1185 1841 1364 1895 nostrorum
1380 1853 1450 1911 pre·

187 1945 403 2016 decessorum,
434 1944 574 2002 eiusdem
605 1945 732 2003 ecclesie
768 1943 1036 2018 dignissimorum·
1058 1942 1261 2017 pontificum,
1296 1943 1386 2000 beata
1417 1957 1453 2000 ac

187 2049 290 2109 felicia
315 2056 467 2124 tempora,
491 2065 535 2122 ea,
559 2066 618 2123 que
650 2050 785 2124 presenti
807 2053 913 2108 nostro
937 2049 1044 2107 seculo
1068 2053 1098 2106 et
1122 2047 1232 2106 diebus
1254 2048 1314 2106 hiis
1337 2048 1452 2106 instan-

187 2156 323 2228 tissimis,
354 2155 469 2229 quibus
499 2156 578 2213 hanc
606 2155 907 2214 turbulentissimam
939 2170 976 2213 ac
998 2154 1256 2227 inquietissimam
1278 2153 1376 2211 vitam
1400 2132 1454 2211 vix

185 2262 373 2336 respirantes
405 2260 562 2334 degemus,
592 2269 814 2334 comparentes,
838 2259 1047 2319 admiracione
1070 2259 1293 2318 inenuarrabili
1315 2260 1447 2318 circum·

187 2366 340 2438 ducimur,
363 2371 394 2425 et
425 2366 500 2424 dum
525 2366 690 2440 quitquam
713 2366 752 2424 de
775 2367 823 2424 his
846 2371 877 2425 et
898 2366 963 2425 illis
987 2367 1077 2424 effari
1097 2380 1254 2437 conamur,
1278 2379 1341 2424 vox
1365 2365 1452 2423 illico

186 2471 331 2531 faucibus
353 2473 455 2543 heret;
485 2488 559 2529 nam
581 2477 732 2546 quantum
757 2473 836 2530 inter
858 2472 1007 2530 orientem
1032 2476 1062 2530 et
1084 2471 1285 2543 occidentem,
1309 2472 1452 2530 tenebras

186 2584 217 2637 et
246 2579 358 2649 lucem,
390 2583 510 2637 tanturn
544 2578 623 2637 inter
656 2580 714 2637 hec
744 2584 775 2637 et
808 2579 865 2636 illa
899 2578 1044 2637 interesse
1081 2577 1297 2651 conspicimus.
1320 2578 1358 2635 Et
1381 2578 1451 2636 ideo

184 2685 302 2743 nemini
325 2684 497 2743 absurdum
520 2684 621 2744 videri
652 2685 752 2755 debet,
776 2686 802 2744 si
825 2686 967 2758 ipsorum
989 2690 1169 2743 nostrorum
1192 2684 1447 2759 predecessorum

184 2792 317 2865 vestigia
351 2793 403 2850 vel
437 2793 519 2851 circa
553 2794 761 2867 nosmetipsos
792 2792 843 2850 vel
867 2793 965 2851 eciam
990 2793 1070 2850 circa
1093 2792 1354 2865 gubernacionem
1377 2792 1451 2850 sub·

184 2896 322 2956 diturum
353 2907 532 2956 nostrorum
563 2899 713 2957 immitari
743 2913 966 2972 usquequaque
997 2912 1058 2956 non
1089 2898 1240 2970 valemus,
1270 2898 1337 2956 sive
1367 2898 1450 2956 enim

183 3004 224 3062 ad
256 3004 440 3063 domesticas
473 3011 504 3062 et
536 3005 706 3077 intestinas,
729 3005 795 3063 sive
829 3019 847 3061 a
881 3004 957 3062 ioris
979 3003 1181 3061 adventantes
1205 3004 1396 3063 calamitates
1419 3010 1450 3063 et

184 3111 405 3170 tribulaciones
428 3110 632 3184 quotidianas,
649 3111 764 3184 quibus
787 3110 847 3168 hoc
869 3110 1012 3168 inclitum
1036 3125 1168 3182 regnum
1191 3125 1270 3182 pene
1292 3125 1449 3185 compres-

183 3234 254 3277 sum
289 3223 319 3276 et
342 3218 483 3275 attritum
519 3223 573 3289 est,
608 3225 785 3292 respectum
819 3217 999 3288 habeamus,
1033 3217 1103 3290 quis
1138 3232 1210 3275 sane
1245 3218 1357 3275 mentis
1391 3232 1448 3275 nos

183 3326 351 3396 obiurgare
372 3325 495 3398 poterit,
521 3323 546 3382 si
570 3325 728 3382 veteribus
751 3324 892 3382 moribus
914 3324 1077 3382 hominum
1100 3324 1221 3381 obrutis
1244 3328 1274 3380 et
1298 3339 1369 3381 cum
1391 3339 1448 3383 suo

182 3431 289 3489 seculo
314 3429 450 3503 abolitis,
474 3431 648 3489 recentibus
679 3436 709 3489 et
731 3444 790 3488 evo
820 3439 926 3489 nostro
957 3429 1198 3487 accommodatis
1220 3430 1328 3486 usibus
1350 3433 1380 3487 et
1401 3431 1449 3489 vi·

181 3534 277 3593 vendi
299 3549 408 3593 norma
432 3535 575 3608 velimus,
598 3535 743 3606 nolimus,
766 3536 812 3593 uti
836 3549 991 3608 cogamur.
1014 3535 1131 3591 Tamen
1148 3538 1178 3590 et
1193 3533 1218 3590 si
1235 3534 1316 3591 enim
1341 3533 1448 3594 dome·

181 3641 258 3699 stica
281 3640 480 3699 incommoda
500 3641 578 3699 adeo
604 3641 694 3700 nobis
716 3656 846 3700 onerosa
868 3642 1008 3712 existant,
1033 3639 1117 3712 quod
1139 3641 1223 3697 iuxta
1247 3654 1356 3697 vocem
1374 3655 1449 3716 apo·

182 3747 326 3805 stolicam
342 3748 397 3805 vix
420 3748 479 3805 sub
500 3748 543 3806 eis
559 3754 683 3821 tempus
699 3747 852 3807 redimere
868 3763 1042 3822 possumus,
1061 3747 1161 3804 maior
1184 3752 1287 3804 tamen
1302 3747 1449 3807 stimulus

182 3858 214 3911 et
244 3852 337 3925 louge
367 3854 515 3912 attrocior
543 3854 688 3913 acculeus
718 3869 774 3912 uos
804 3871 943 3928 pungens
974 3854 1155 3926 insequitur,
1192 3852 1366 3911 Turcorum
1402 3855 1449 3914 vi·

182 3958 296 4017 delicet
331 3957 396 4017 fera
426 3965 456 4017 et
493 3960 756 4019 truculentissima
789 3961 901 4031 rabies,
936 3961 990 4034 qui
1021 3960 1081 4017 hoc
1111 3958 1195 4016 idem
1229 3974 1360 4031 regnum
1384 3961 1448 4019 iam

181 4064 294 4123 maiori
310 4064 342 4123 in
359 4070 447 4138 parte
462 4067 599 4125 vastitati
622 4072 652 4125 et
676 4066 865 4125 desolacioni
878 4067 1051 4137 subactum,
1075 4065 1195 4123 excidio
1218 4064 1306 4122 finali
1328 4065 1360 4123 in
1383 4065 1449 4126 dies

181 4171 387 4229 exterminare
410 4172 591 4230 moliuntur.
623 4173 746 4231 Horum
768 4173 922 4247 siquidem
947 4173 1045 4229 crucis
1069 4170 1185 4229 Christi
1205 4171 1403 4231 inimicorum
1418 4177 1449 4232 et

181 4277 480 4336 immanissimorum
496 4278 662 4337 beluarum
678 4278 784 4337 feritas
800 4278 878 4337 adeo
894 4279 1035 4348 invaluit,
1059 4284 1093 4335 ut
1115 4293 1183 4349 nos,
1209 4278 1261 4351 qui
1285 4293 1323 4336 ex
1339 4294 1449 4337 eorum

182 4381 326 4442 faucibus
362 4382 532 4442 admodum
569 4386 668 4458 pauci,
699 4386 853 4444 altissimo
885 4391 1073 4459 protegente,
1110 4385 1256 4441 hactenus
1290 4386 1448 4444 evasimus

182 4494 213 4547 et
236 4489 393 4548 excidium
415 4490 594 4550 huiusmodi
617 4491 815 4550 tremebundi
838 4491 1057 4565 prestolamur,
1080 4491 1203 4549 nonnisi
1225 4488 1330 4549 divine
1354 4492 1449 4551 maie·

181 4595 269 4653 statis
299 4595 469 4655 clemencia
499 4603 530 4656 et
559 4596 669 4656 deinde
699 4599 891 4672 optimarum
923 4599 1136 4656 municionum
1169 4602 1199 4655 et
1221 4596 1449 4658 fortaliciorum

182 4700 319 4775 presidio
342 4707 372 4761 et
396 4703 493 4761 tutela
516 4703 664 4763 eliberari
685 4710 716 4762 et
738 4704 916 4764 conservari
939 4720 1107 4778 speremus.
1137 4702 1239 4777 Quam
1263 4703 1390 4777 quidem
1406 4704 1448 4762 ob

182 4822 249 4865 rem
271 4806 487 4867 huiuscemodi
519 4810 768 4871 consideracione
796 4810 940 4885 permoti,
972 4811 1131 4884 cupientes
1161 4825 1200 4868 ex
1222 4810 1325 4868 intimi
1345 4809 1448 4868 cordis

182 4913 280 4972 nostri
310 4919 375 4972 tam
404 4915 508 4974 subito
537 4917 679 4991 periculo
709 4932 866 4992 occurere,
899 4917 993 4977 saluti
1017 4932 1142 4992 quoque
1164 4922 1195 4975 et
1217 4914 1449 4974 conservacioni

1326 5017 1342 5055 ¹i=
