3278 5348
638 99 710 156 Doc.
735 112 805 176 124.
828 131 872 141 —
894 99 952 156 An.
976 110 1067 175 1439.
1415 114 1470 170 171

180 313 403 389 pertinenciis
425 318 456 373 et
474 313 669 387 utilitatibus,
693 314 784 372 terris
807 313 927 373 scilicet
950 313 1133 390 arabilibus,
1156 314 1248 372 cultis
1278 320 1308 371 et
1342 312 1476 384 incultis,

183 421 297 495 agris,
321 421 427 495 pratis,
450 421 548 493 silvis,
570 421 760 492 nemoribus,
784 421 939 494 virgultis,
962 421 1090 491 rubetis,
1114 421 1212 494 aquis,
1232 419 1343 492 fluviis,
1367 419 1475 490 vineis,

184 525 393 586 molendinis
427 532 458 585 et
491 527 568 585 locis
602 526 863 598 molendinorum,
897 542 1014 585 necnon
1036 525 1166 603 juribus,
1189 523 1471 601 jurisdiccionibus,

189 634 420 708 proventibus,
456 632 632 691 redditibus
667 641 697 690 et
730 631 951 691 emolumentis
985 638 1014 690 et
1048 632 1234 705 generaliter
1264 631 1477 705 quarumlibet

190 741 376 798 utilitatum
400 746 430 797 et
456 739 719 812 pertinenciarum
743 740 972 812 integritatibus
1002 754 1200 812 quocumque
1234 739 1358 796 nomine
1391 737 1476 796 voci-

198 847 277 904 tatis
301 845 341 903 ad
365 846 449 920 ipsas
473 845 681 918 possessiones
704 860 741 902 ac
763 846 943 919 porcionem
967 845 1244 919 possessiunculam
1266 850 1296 902 et
1319 843 1472 903 tributum

201 952 450 1025 huiusmodique
472 949 522 1029 jus
544 958 686 1009 nostrum
709 953 740 1009 in
764 951 881 1009 eisdem
904 952 1048 1010 habitum
1077 952 1290 1026 spectantibus
1322 956 1351 1008 et
1382 950 1476 1025 perti·

200 1075 276 1117 nere
307 1058 503 1131 debentibus,
535 1059 595 1116 sub
628 1059 692 1116 suis
721 1059 804 1116 veris
828 1058 918 1116 metis
942 1065 971 1116 et
994 1059 1129 1132 antiquis
1152 1057 1305 1116 limitibus
1326 1073 1365 1114 ex
1388 1061 1470 1113 certa

203 1171 313 1222 nostra
337 1164 468 1223 sciencia
492 1170 522 1221 et
543 1165 649 1222 animo
672 1163 846 1222 deliberato
873 1166 1043 1239 premissis,
1073 1166 1117 1223 sic
1146 1168 1181 1222 ut
1207 1165 1300 1221 nobis
1332 1162 1472 1235 exposita

203 1277 276 1328 sunt
298 1270 461 1341 stantibus,
485 1269 618 1328 antelato
642 1271 769 1328 ecclesie
785 1272 985 1344 zagrabiensi,
1008 1285 1127 1329 necnon
1148 1271 1242 1329 altari
1256 1275 1359 1327 sancte
1375 1269 1476 1327 crucis

204 1381 367 1450 prenotato
390 1383 420 1434 et
443 1381 670 1450 consequenter
690 1377 803 1435 rectori
826 1376 966 1434 eiusdem
981 1377 1089 1435 altaris
1105 1377 1230 1449 suisque
1245 1374 1475 1432 successoribus

205 1482 386 1554 rectoribus,
410 1481 561 1554 dedimus,
587 1482 772 1540 donavimus
794 1488 824 1540 et
847 1483 1043 1552 contulimus,
1059 1484 1157 1540 immo
1182 1482 1300 1553 damus,
1319 1480 1472 1538 donamus

206 1594 235 1645 et
257 1587 447 1646 conterimus
469 1586 537 1663 jure
561 1594 712 1663 perpetuo
736 1593 766 1647 et
800 1590 1048 1659 irrevocabiliter
1080 1587 1293 1662 possidendas,
1325 1586 1471 1645 tenendas

208 1695 324 1766 pariter
357 1701 388 1753 et
419 1694 586 1767 habendas,
621 1695 711 1752 salvo
744 1693 812 1772 J'ure
841 1696 951 1767 alieno,
974 1697 1087 1754 harum
1108 1700 1287 1754 nostrarum
1310 1695 1418 1766 vigore
1441 1697 1472 1751 et

209 1802 385 1859 testimonio
419 1800 596 1859 litterarum
631 1802 793 1860 mediante.
830 1801 915 1874 Quas
949 1803 981 1860 in
1016 1802 1151 1860 formam
1186 1801 1284 1859 nostri
1318 1799 1476 1874 privilegii

207 1906 303 1980 redigi
327 1906 486 1979 faciemus,
510 1908 586 1967 dum
610 1909 700 1966 nobis
725 1910 757 1966 in
780 1909 883 1982 specie
899 1909 1014 1967 fuerint
1029 1914 1193 1982 reportate.
1217 1909 1332 1966 Datum
1350 1903 1473 1962 Posonii

207 2008 233 2070 in
256 2013 338 2071 festo
360 2014 444 2072 beati
466 2015 562 2072 llarci
586 2015 791 2087 ewangeliste.
817 2016 905 2072 Anno
928 2015 1047 2073 domini
1072 2016 1240 2073 millesimo
1267 2010 1474 2085 quadringen-

205 2120 314 2178 tesimo
338 2120 495 2179 tricesimo
519 2135 610 2179 nono.

309 2256 445 2320 Originale
468 2257 496 2305 in
514 2257 669 2308 membrana.
700 2259 732 2306 In
757 2258 873 2307 interiori
898 2258 1012 2321 margine
1029 2258 1166 2321 vestigium
1186 2258 1304 2322 impressi
1322 2255 1411 2320 sigilli.
1441 2256 1474 2304 In

195 2344 296 2393 archiv.
317 2343 379 2394 incl.
399 2345 482 2393 Acnd.
502 2344 598 2394 Scient.
617 2344 687 2398 slav.
706 2347 794 2399 merid.

798 2573 876 2642 124.

308 2692 390 2747 Anno
412 2710 486 2761 1439,
506 2699 529 2749 6.
550 2699 618 2749 maii.
639 2699 752 2750 Posonii.

182 2809 338 2867 Albcrtus
374 2809 551 2882 Iz'ruugarr'ae
584 2818 633 2866 etc.
666 2828 721 2866 rex
755 2811 881 2883 capitulo
915 2810 1056 2868 lasmcust'
1087 2811 1215 2881 mandat,
1250 2819 1283 2868 ut
1315 2812 1472 2885 capitulum

181 2915 320 2989 zagrab.
344 2916 374 2973 iu
398 2916 608 2990 usumfructum
629 2915 806 2974 dorzatarum
823 2919 1042 2990 possessionum,
1063 2937 1137 2992 quae
1153 2927 1295 2976 uocantur
1308 2919 1473 2994 Kraljcvec,

684 3023 766 3099 Cerje
788 3031 835 3087 etr,
861 3021 990 3082 inducat.

310 3168 460 3225 Albertus
483 3167 533 3225 dei
557 3169 660 3241 gracia
683 3170 898 3227 Romanorum
913 3187 976 3241 rex,
1001 3186 1124 3245 semper
1148 3182 1305 3245 augustus,
1328 3187 1363 3229 ac
1386 3172 1472 3229 Hun-

188 3275 296 3348 garie,
320 3273 475 3346 Bohemic,
498 3275 668 3346 Dalmacie,
693 3275 820 3335 Croacie
844 3284 898 3335 etc.
923 3295 979 3336 rex
1004 3284 1032 3335 et
1058 3278 1122 3336 dux
1145 3280 1270 3337 Austrie
1302 3287 1357 3338 etc.
1381 3278 1471 3336 Fide·

190 3380 287 3440 libus
310 3382 424 3440 nostris
448 3383 585 3456 capitulo
608 3383 735 3441 ecclesie
758 3385 954 3455 chasmensis,
988 3386 1121 3443 salutem
1156 3392 1185 3444 et
1220 3388 1367 3460 graciam.
1391 3388 1471 3446 Cum

193 3503 259 3545 nos
281 3488 361 3546 serie
377 3491 407 3545 ct
422 3488 531 3560 vigore
546 3488 680 3546 aliarum
696 3490 873 3547 litterarum
888 3496 1066 3548 nostrarum
1079 3493 1245 3566 superinde
1262 3493 1473 3552 confectarum

202 3592 374 3667 quamdam
398 3595 626 3667 possessionem
650 3596 833 3668 Kralyowcz
855 3604 999 3654 vocatam
1029 3614 1065 3656 ac
1088 3601 1286 3672 porcionem,
1303 3602 1471 3674 possessio·

199 3701 323 3759 nariam
363 3701 395 3758 in
418 3701 610 3773 possessione
633 3700 748 3775 Czerye
771 3704 937 3777 appellata,
959 3704 1108 3776 habitam,
1132 3722 1249 3763 necnon
1264 3707 1417 3764 tributum
1440 3709 1472 3765 in

202 3806 312 3866 eadem
336 3806 452 3879 Czerye
475 3808 554 3880 exigi
579 3808 715 3881 solitum,
732 3809 805 3866 item
822 3810 898 3867 alias
923 3813 1128 3885 possessiones
1145 3811 1319 3884 Kobylyali,
1335 3812 1471 3884 Zwybyc

202 3920 233 3974 et
262 3912 361 3971 Narth
397 3919 597 3988 nuncupatas,
633 3916 759 3973 omnino
782 3916 814 3974 in
849 3918 997 3975 comitatu
1032 3920 1224 3990 zagrabiensi
1246 3919 1418 3990 existentes,
1440 3919 1471 3977 in

203 4035 338 4095 quarum
368 4020 500 4095 pacifico
523 4020 661 4080 dominio
686 4023 815 4081 ecclesia
838 4025 1046 4096 zagrabiensis
1070 4032 1099 4082 et
1122 4027 1220 4083 altare
1243 4029 1346 4082 sancte
1369 4026 1470 4083 crucis

201 4128 235 4187 in
257 4127 366 4186 eadem
391 4128 520 4186 ecclesia
541 4134 752 4188 constructum
768 4135 797 4188 et
813 4147 871 4204 per
888 4146 1077 4204 consequens
1093 4138 1195 4189 rector
1211 4132 1341 4205 pretacti
1363 4132 1471 4191 altaris

203 4248 222 4293 a
243 4233 364 4293 dudum
386 4235 566 4308 perstitisse,
590 4236 815 4310 persistereque
831 4244 1010 4296 asseruntur
1026 4239 1124 4295 eciam
1143 4238 1182 4297 dc
1208 4239 1351 4313 presenti,
1375 4238 1471 4297 simul

202 4358 275 4400 cum
296 4340 366 4417 jure
387 4346 494 4400 nostro
515 4342 601 4414 regio
625 4343 650 4400 si
674 4343 757 4416 quod
781 4344 813 4401 in
836 4344 952 4402 eisdem
988 4345 1234 4417 possessionibus
1257 4361 1293 4402 ac
1325 4346 1470 4419 porcione

204 4448 445 4524 possessionaria
475 4461 593 4506 necnon
619 4450 735 4507 tributo
756 4450 897 4523 predicto
932 4451 1200 4524 qualitercumque
1223 4452 1417 4523 haberemus,
1440 4459 1470 4510 ct

203 4560 341 4615 nostram
363 4556 612 4629 quibuscumque
635 4555 745 4627 modis,
769 4557 868 4615 causis
892 4562 922 4615 et
945 4558 1120 4615 racionibus
1138 4564 1335 4619 concernerct
1358 4559 1468 4618 maies-
