3278 5348
209 425 273 485 430
621 409 695 466 Doc.
713 421 788 486 34²·
813 440 856 452 -
877 408 935 468 An.
960 404 1051 486 1487.

206 626 278 709 Jesu
310 625 434 696 Christi,
458 624 613 696 virginem
636 625 777 696 Mariam,
801 624 1018 697 protectricem
1040 631 1070 682 et
1094 624 1256 684 dominam
1280 632 1422 685 nostram
1442 642 1476 684 ac

206 732 245 790 ad
269 732 424 790 dictorum
447 729 579 788 fratrum
603 732 834 789 Heremitarum
866 731 1025 789 oraciones
1055 736 1086 788 et
1116 732 1405 806 contemplaciones
1426 748 1475 805 ge·

204 837 304 895 rimus
338 836 471 895 tirmiter
505 840 535 892 et
568 835 729 907 habemus,
761 837 969 895 concessimus
1003 843 1034 894 et
1067 837 1232 895 annuimus
1255 844 1352 912 atque
1374 845 1473 897 ratum

205 950 356 1019 perpetuo
387 959 422 1002 ac
456 949 581 1016 gratum
610 943 725 1002 habere
748 948 778 1001 et
800 957 926 1001 servare
949 949 979 1001 et
1002 942 1120 1001 servari
1143 941 1244 1001 lacere
1268 944 1471 1014 decrevimus,

205 1056 240 1107 ut
263 1050 323 1123 ipsi
348 1048 459 1108 fratres
483 1050 642 1108 Heremite
664 1065 716 1106 seu
740 1050 911 1107 claustrum
937 1049 1051 1107 dictam
1074 1050 1186 1107 turrim
1202 1064 1313 1108 eorum
1330 1052 1362 1109 in
1377 1052 1469 1109 nostri

205 1155 308 1214 medio
331 1155 522 1226 existentem,
556 1154 750 1224 reedificare,
783 1155 903 1214 munire
936 1171 972 1213 ac
1002 1154 1112 1212 domos
1143 1161 1173 1213 et
1196 1154 1329 1227 edificia,
1352 1172 1467 1214 necnon

203 1261 322 1319 curiam
354 1267 383 1319 et
414 1262 552 1320 ortulum
582 1262 699 1320 circum
723 1261 852 1321 eandem
877 1262 989 1319 turrim
1011 1261 1043 1319 in
1067 1261 1156 1320 dictis
1179 1261 1243 1319 suis
1267 1260 1373 1320 fundis
1396 1263 1471 1320 erri-

202 1382 284 1439 gere,
309 1373 494 1439 construere,
508 1369 735 1441 amenitateque
751 1372 905 1426 structura
919 1375 949 1425 et
960 1366 1167 1425 edificacionis
1183 1381 1220 1424 ac
1236 1366 1466 1427 fortificacionis

202 1473 348 1531 decorare
372 1475 497 1532 valeant
519 1489 555 1532 ac
579 1479 730 1549 perpetuo
752 1472 819 1548 jure
842 1476 924 1532 etin
947 1490 1041 1531 evum
1073 1473 1200 1548 pacifice
1225 1474 1347 1548 possint
1371 1473 1469 1546 possi-

202 1579 283 1651 dere,
307 1580 348 1636 ab
370 1581 578 1652 omnibusque
601 1586 631 1637 et
653 1580 783 1652 singulis
798 1580 912 1638 nostris
934 1580 1229 1645 contribucionibus.
1246 1579 1353 1653 daciis,
1369 1587 1468 1637 custo·

200 1682 323 1742 diarum
332 1684 465 1743 civitatis
480 1685 736 1756 exhibicionibus,
750 1685 963 1758 tlacisquoque
978 1689 1008 1742 et
1023 1700 1040 1743 a
1057 1685 1220 1759 quibusvis
1235 1684 1394 1758 oneribus,
1410 1700 1468 1758 que

202 1790 233 1848 in
256 1790 361 1849 medio
384 1792 481 1850 nostri
504 1807 559 1849 seu
582 1807 638 1866 per
661 1806 717 1848 nos
741 1791 889 1849 duntaxat
912 1790 980 1849 fieri
1003 1797 1033 1849 et
1056 1782 1176 1864 imponi
1198 1790 1336 1848 solerent
1351 1795 1383 1848 et
1399 1804 1466 1848 con·

204 1897 282 1968 tingi
306 1905 441 1971 possent,
458 1898 518 1954 sint
541 1896 637 1954 iidem
659 1896 770 1955 iratres
793 1897 951 1955 Heremite
974 1903 1004 1955 et
1020 1899 1157 1969 ipsorum
1175 1897 1312 1954 universi
1328 1897 1466 1954 homines

203 2017 255 2059 seu
280 2003 424 2076 inquilini
447 2002 563 2062 dictam
587 2005 699 2062 turrim
715 2019 769 2062 seu
786 2002 897 2061 domos
912 2009 942 2061 et
958 2004 1075 2062 curiam
1093 2003 1299 2061 inhabitantes
1317 2008 1465 2077 perpetuo

200 2114 230 2167 et
253 2108 284 2165 in
307 2124 400 2166 evum
417 2111 585 2181 exonerati,
609 2110 793 2183 penitusque
816 2114 846 2167 et
868 2110 995 2168 omnino
1019 2109 1094 2167 fiant
1117 2108 1255 2182 exempti
1279 2109 1463 2185 et'subpor·

201 2215 263 2272 tati.
288 2215 355 2272 Hoc
378 2225 482 2273 tamen
505 2216 588 2274 clare
611 2231 768 2290 expresso,
792 2215 875 2289 quod
900 2217 926 2272 si
956 2216 1072 2290 plures,
1104 2229 1198 2288 quam
1232 2229 1341 2286 unum,
1366 2215 1463 2288 inqui·

199 2321 279 2379 linos
303 2321 376 2379 dicti
403 2320 513 2380 fratres
536 2323 695 2380 Heremite
718 2323 748 2379 in
773 2321 901 2396 prefatis
924 2338 1031 2381 eorum
1056 2322 1141 2393 turri,
1165 2320 1313 2379 domibus
1332 2328 1363 2379 et
1378 2321 1459 2379 curia

196 2429 403 2485 inhabitatare
426 2435 456 2486 et
479 2429 595 2486 morari
620 2429 776 2488 voluerint
799 2436 830 2486 et
860 2428 1064 2502 permiserint,
1096 2435 1167 2486 tunc
1198 2427 1277 2485 tales
1309 2427 1457 2501 inquilini,

196 2535 221 2592 si
244 2535 361 2608 plures,
385 2549 479 2608 quam
502 2551 589 2606 unus,
613 2534 737 2606 fuerint,
759 2535 844 2593 iuxta
868 2535 971 2606 ritum,
1002 2534 1130 2592 modum
1155 2541 1184 2594 ct
1207 2534 1460 2594 consuetudinem

196 2647 301 2698 nostre
335 2642 469 2700 civitatis
499 2641 538 2698 ad
570 2647 715 2699 consveta
738 2641 870 2699 civitatis
894 2647 997 2699 nostre
1022 2642 1173 2715 portanda
1195 2656 1291 2699 onera
1315 2649 1408 2715 prout
1431 2645 1458 2695 et

195 2747 288 2803 ceteri
311 2749 388 2803 tales
413 2747 599 2805 tenebuntur
621 2753 651 2804 et
674 2747 826 2820 premissa
850 2747 994 2805 libertate
1016 2762 1077 2805 non
1100 2746 1250 2805 fruentur.
1275 2745 1455 2805 Addicimus

194 2853 320 2926 insuper
351 2859 380 2909 et
412 2852 568 2925 volumus,
600 2852 684 2926 quod
708 2852 803 2911 iidem
827 2852 939 2912 fratres
961 2853 1119 2911 Heremite
1142 2858 1173 2910 et
1195 2852 1370 2910 claustrum
1395 2851 1455 2909 uni·

193 2973 319 3015 versum
344 2959 504 3032 perpetuis
528 2960 723 3033 temporibus
747 2960 877 3033 singulis
900 2960 987 3017 annis
1011 2960 1129 3034 possint
1144 2959 1260 3016 dictam
1277 2959 1390 3018 turrim
1406 2973 1456 3015 seu

192 3065 354 3121 cellarium
379 3065 410 3121 in
434 3063 543 3121 eadem
565 3064 709 3122 habitum
731 3065 827 3123 semel
853 3065 998 3123 videlicet
1021 3072 1140 3123 tanturn
1165 3065 1196 3123 in
1220 3065 1365 3138 quolibet
1379 3077 1455 3122 anno

178 3180 262 3227 'cum
288 3171 359 3227 vino
383 3171 506 3244 replere
528 3185 564 3228 ac
587 3170 765 3228 huiusmodi
789 3172 896 3229 vinum
920 3171 1077 3229 internos
1108 3177 1136 3228 et
1166 3170 1266 3228 eciam
1295 3169 1454 3238 extraneis,

192 3283 286 3350 prout
310 3276 424 3349 aliquis
448 3278 622 3335 concivium
647 3282 833 3348 nostrorum,
850 3277 949 3335 libere
972 3277 1148 3351 propinare,
1171 3276 1307 3334 vendere
1330 3291 1366 3333 ac
1382 3290 1451 3332 ven·

193 3381 306 3440 dicioni
329 3382 503 3456 exponendi
534 3382 661 3457 plenam
693 3383 827 3440 habeant
857 3381 1036 3440 facultatem
1069 3387 1161 3455 atque
1187 3380 1351 3439 vendendi.
1388 3381 1454 3438 Hoc

189 3489 285 3546 eciam
310 3505 370 3546 non
395 3490 604 3562 pretermisso,
621 3489 704 3562 quod
729 3488 803 3547 dicti
827 3489 937 3547 fratres
960 3488 1117 3545 Heremite
1138 3503 1192 3545 seu
1208 3486 1381 3545 claustrum
1396 3487 1453 3545 sin·

191 3596 273 3667 gulis
297 3596 384 3652 annis
408 3596 503 3653 tercio
527 3595 577 3652 die
600 3594 670 3653 festi
693 3595 777 3653 beati
799 3596 923 3653 Martini
944 3595 1084 3668 episcopi
1105 3609 1206 3652 unum
1226 3593 1381 3652 florenum
1399 3606 1454 3668 pru

191 3701 396 3775 prefatorum,
420 3703 585 3776 presertim
607 3703 751 3761 vinorum
785 3701 975 3772 vendidere,
1006 3709 1109 3759 nostre
1140 3700 1358 3758 communitati
1390 3713 1451 3756 ma·

186 3807 281 3864 nibus
303 3808 448 3866 videlicet
471 3807 581 3883 judicis
603 3810 701 3867 nostri
725 3824 782 3884 pro
805 3814 947 3881 tempore
970 3808 1127 3866 constituti
1150 3806 1225 3864 dare
1245 3814 1275 3864 et
1292 3807 1446 3878 assignare

189 3928 224 3970 ac
248 3914 307 3971 sibi
342 3916 418 3988 ipsis
454 3917 494 3972 ab
528 3916 637 3973 eodem
669 3914 769 3991 judice
793 3914 924 3988 proinde
946 3913 1155 3989 expeditorias
1178 3927 1348 3986 procurare
1372 3919 1448 3969 tene

186 4018 301 4075 buntur
324 4026 354 4076 et
377 4027 466 4079 erunt
490 4022 630 4094 obligati.
662 4022 696 4079 In
718 4022 805 4079 cuius
827 4021 871 4079 rei
894 4020 1088 4091 memoriam,
1111 4018 1356 4093 firmitatemque
1380 4033 1444 4092 per·

183 4130 310 4195 petuam
328 4127 523 4195 presentibus
540 4128 682 4200 sigillum
697 4132 837 4185 nostrum
853 4141 1018 4185 commune
1037 4125 1184 4184 duximus
1200 4122 1447 4200 appendendum.

183 4227 300 4283 Datum
325 4226 400 4284 feria
423 4240 507 4288 sexta
533 4237 676 4306 proxima
701 4240 772 4307 post
794 4233 907 4293 festum
931 4233 1139 4293 conversionis
1162 4233 1260 4290 sancti
1272 4231 1363 4291 Pauli
1377 4242 1445 4304 apo

182 4332 262 4389 stoli.
285 4334 373 4389 Anno
397 4332 516 4394 domini
541 4341 710 4399 millesimo
735 4340 1040 4413 quadringentesimo
1063 4340 1274 4413 octuagesimo
1306 4337 1444 4411 septimo.

286 4518 390 4568 Summa
413 4523 605 4588 privilegiorum
630 4530 778 4578 monasterii
807 4530 983 4581 Remetensis.
1003 4528 1082 4580 MSC.
1109 4529 1141 4577 In
1166 4527 1268 4577 arbirio
1285 4526 1346 4577 incl.
1367 4523 1438 4576 And

180 4602 275 4656 Scient.
293 4606 391 4662 Slavor.
411 4613 501 4663 merid.
