3278 5348
184 413 245 455 aoo
593 391 665 449 Doc.
690 405 760 468 143·
786 423 826 433 —
851 391 907 448 An.
933 401 1022 467 1447.

180 608 300 667 diaconi
324 615 353 665 et
376 609 512 667 canonici
535 608 672 666 universi
694 584 821 665 ecclesie
844 606 941 663 sancti
959 606 1040 678 regis
1055 606 1204 680 Stephani
1227 605 1432 678 zagrabiensis,

180 721 320 789 tempore
355 716 486 772 banatus
516 715 648 773 illustris
671 713 802 772 condam
828 713 976 787 principis
999 722 1028 771 et
1063 712 1190 784 domini,
1214 713 1334 771 domini
1369 713 1435 770 Her·

181 823 285 879 manni
316 821 393 879 olim
429 821 516 893 cille,
539 821 728 893 Zagorieque
756 825 809 877 etc.
845 821 967 877 comitis
990 835 1025 878 ac
1048 820 1134 892 regni
1170 817 1336 878 Sclauonie
1366 816 1438 886 bani,

181 929 278 1002 patris
312 928 444 986 illustris
478 928 622 985 similiter
655 925 806 999 principis
829 931 859 983 et
894 925 1020 997 domini,
1054 925 1172 983 domini
1203 925 1360 993 Friderici
1394 921 1440 979 dei

180 1035 284 1106 gracia
307 1033 385 1091 Cilie
409 1040 439 1091 et
454 1033 582 1105 Zagorie
606 1032 816 1106 predictarum
838 1047 874 1089 ac
897 1031 1107 1104 Ortemburge
1131 1039 1185 1088 etc.
1210 1031 1340 1102 comitis,
1364 1044 1440 1086 nunc

183 1141 327 1198 similiter
360 1139 491 1214 predicti
526 1139 612 1211 regni
647 1136 809 1196 Sclauonie
839 1138 912 1195 bani
936 1144 967 1194 et
1000 1139 1051 1196 avi
1084 1137 1215 1195 illustris
1246 1135 1443 1194 consimiliter

187 1247 338 1320 principis
362 1251 391 1302 et
414 1245 540 1315 domini,
565 1243 682 1302 domini
704 1243 817 1302 erici
841 1244 949 1301 eadem
973 1243 1023 1302 dei
1045 1244 1149 1317 gracia
1172 1243 1252 1301 Cilie
1275 1252 1303 1300 et
1326 1242 1443 1299 Ortem·

186 1353 283 1424 burge
306 1367 341 1408 ac
365 1351 493 1423 Zagorie
517 1349 727 1423 predictarum
751 1357 805 1407 etc.
840 1351 961 1407 comitis
996 1356 1026 1406 et
1060 1366 1140 1407 nunc
1170 1350 1315 1408 similiter
1348 1348 1444 1422 ipsius

182 1459 269 1530 regni
292 1456 455 1515 Sclauonie
477 1456 551 1514 bani
574 1457 605 1513 in
628 1471 708 1513 anno
731 1455 876 1514 videlicet
900 1455 1018 1514 domini
1042 1456 1211 1514 millesimo
1243 1454 1444 1529 quadringen·

185 1565 295 1621 tesimo
330 1564 487 1621 tricesimo
522 1563 639 1635 quint0‚
672 1561 790 1619 dudum
822 1563 978 1636 preterito,
1014 1569 1084 1635 post
1120 1568 1251 1619 mortem
1285 1559 1446 1618 reverendi

181 1669 313 1727 condam
337 1670 367 1727 in
390 1669 513 1726 Christo
538 1669 634 1742 patris
658 1676 687 1725 et
711 1668 837 1740 domini,
861 1669 979 1726 domini
1011 1669 1159 1752 Johannis
1195 1669 1271 1726 olim
1295 1669 1347 1742 pie
1382 1683 1445 1724 me·

185 1776 284 1833 morie
307 1775 444 1847 episcopi
468 1773 606 1847 predicte
629 1773 755 1831 ecclesie
779 1776 994 1848 zagrabiensis.
1019 1782 1125 1833 contra
1149 1774 1285 1848 prefatos
1307 1772 1441 1849 judicem

182 1888 211 1938 et
233 1879 350 1955 juratos
373 1887 403 1936 et
438 1881 597 1936 universos
632 1880 722 1949 cives,
746 1896 862 1937 necnon
895 1887 993 1938 totam
1029 1882 1283 1938 communitatem
1306 1881 1446 1954 ipsorum

182 1987 298 2044 civium
332 1991 362 2043 et
396 1986 555 2058 hospitum
590 2001 625 2042 ac
660 1986 903 2043 inhabitatorum
939 1987 1071 2045 civitatis
1106 1992 1274 2060 prenotate,
1307 1986 1446 2044 nobilem

182 2095 286 2151 virum
310 2091 501 2165 Stephanum
526 2091 698 2164 Kuhyngar
721 2091 759 2148 de
783 2093 935 2164 Kathyna,
960 2098 1032 2149 tunc
1056 2093 1202 2150 comitem
1218 2093 1384 2149 comitatus
1399 2106 1445 2148 za·

183 2200 356 2272 grabiensis
379 2197 548 2271 supradicti
573 2213 608 2254 ac
631 2196 746 2254 iudices
780 2199 934 2256 nobilium
968 2198 1106 2256 eiusdem
1141 2199 1305 2256 comitatus
1342 2212 1445 2270 zagra·

182 2306 296 2362 biensis
320 2311 349 2361 et
372 2304 450 2361 alios
474 2305 579 2377 plures
603 2304 724 2360 nobiles
749 2305 833 2362 viros
856 2305 895 2362 ad
928 2305 1171 2364 reambulandas
1203 2311 1233 2362 et
1257 2290 1441 2362 revidendas

184 2411 317 2484 quasdas
341 2416 438 2467 terras
461 2411 596 2467 arabiles
620 2426 656 2467 ac
678 2412 788 2467 rubeta
812 2419 841 2468 et
876 2412 982 2471 senilia
1016 2428 1051 2469 ac
1086 2421 1175 2486 prata
1198 2418 1228 2468 et
1260 2426 1377 2485 pascua
1402 2413 1447 2485 ip·

184 2532 290 2574 sorum
313 2515 424 2592 judicis
456 2527 485 2574 et
520 2516 693 2592 juratorum
728 2532 762 2574 ae
798 2520 1015 2576 universorum
1056 2519 1181 2589 civium,
1205 2533 1325 2575 necnon
1349 2520 1446 2576 tocius

189 2623 421 2680 communitatis
443 2622 598 2680 dictorum
622 2623 737 2679 civium
762 2630 791 2681 et
815 2626 974 2698 hospitum
996 2641 1032 2683 ac
1055 2626 1299 2683 inhabitatorum
1315 2624 1448 2683 civitatis

187 2728 364 2803 supradicte
399 2731 477 2785 intra
515 2744 605 2785 veras
640 2735 737 2786 ructas
772 2741 801 2787 et
825 2746 933 2787 cursus
968 2732 1097 2788 metales
1133 2732 1281 2789 territorii
1315 2730 1447 2789 civitatis

183 2841 342 2908 prenotate
365 2851 383 2891 a
406 2842 493 2908 parte
517 2834 682 2892 occidentis
705 2835 836 2906 habitas,
871 2838 944 2894 sitas
977 2844 1006 2894 et
1037 2839 1209 2905 existentes,
1248 2837 1280 2894 in
1315 2852 1448 2910 quarum

183 2942 320 2999 dominio
343 2943 403 3015 ipsi
425 2940 519 3015 judex
542 2949 571 2998 et
594 2941 688 3017 jurati
712 2958 746 2999 ac
769 2944 906 3000 universi
929 2944 1022 3015 cives,
1057 2959 1174 3002 necnon
1210 2949 1275 3001 tota
1309 2959 1449 3002 comrnu·

183 3049 262 3105 nitas
286 3049 426 3120 ipsorum
451 3049 566 3103 civium
590 3055 619 3104 et
636 3050 793 3122 hospitum
810 3065 845 3105 ac
861 3050 1106 3106 inhabitatorum
1130 3050 1263 3106 civitatis
1296 3050 1449 3124 prelibate

184 3156 375 3210 amemoria
399 3155 561 3211 hominum
585 3161 614 3211 et
648 3149 807 3227 hucusque
838 3170 960 3228 semper
984 3153 1110 3211 fuerunt
1141 3160 1170 3212 et
1202 3162 1447 3228 permanserunt,

186 3261 303 3332 absque
326 3277 482 3330 consensu,
517 3262 595 3317 scitu
619 3268 647 3318 et
688 3262 846 3318 voluntate
880 3261 1050 3318 eorundem
1088 3260 1199 3336 judicis
1223 3269 1253 3318 et
1275 3259 1450 3336 juratorum

188 3382 223 3422 ac
245 3368 460 3424 uniuersorum
485 3368 601 3424 civium
635 3374 664 3424 et
700 3369 796 3425 tocius
831 3368 1062 3424 communitatis
1097 3368 1212 3425 civium
1236 3373 1266 3425 et
1290 3368 1451 3442 hospitum

185 3488 220 3529 ac
256 3474 498 3530 inhabitatorum
537 3475 671 3531 civitatis
706 3474 860 3548 sepedicte
894 3473 1080 3545 eduxissent,
1110 3479 1140 3531 et
1174 3474 1259 3546 ipsos
1282 3474 1452 3548 educendo,

186 3578 337 3650 quasdam
363 3578 509 3635 tassiones
534 3581 635 3636 minus
659 3581 753 3637 iustas
777 3588 883 3636 contra
907 3580 1031 3636 eosdem
1055 3577 1193 3654 judicem
1217 3587 1247 3637 et
1269 3578 1388 3655 juratos
1416 3596 1452 3640 ac

185 3685 344 3740 universos
368 3686 457 3753 cives,
484 3701 599 3741 necnon
624 3692 719 3742 totam
745 3687 998 3742 communitatem
1023 3685 1163 3758 ipsorum
1187 3685 1305 3743 civium
1327 3693 1357 3744 et
1380 3688 1452 3745 hos·

188 3791 288 3864 pitum
312 3805 347 3845 ac
371 3791 613 3847 inhabitatorum
639 3793 771 3849 civitatis
795 3792 949 3864 sepedicte
973 3791 1040 3849 fieri
1066 3799 1287 3864 procurassent
1309 3797 1341 3850 et
1363 3793 1452 3853 fecis·

186 3903 261 3965 sent,
288 3911 323 3951 ac
340 3897 475 3967 sibiipsis
491 3897 655 3968 superinde
678 3899 796 3955 litteras
821 3899 1024 3969 obligatorias
1047 3904 1077 3954 et
1100 3897 1178 3955 alias
1201 3898 1308 3971 plures
1332 3900 1452 3960 litteras

187 4004 284 4076 ipsius
317 4002 447 4058 condam
472 4003 589 4060 domini
614 4004 783 4061 llermanni
807 4005 880 4060 bani
915 4005 974 4060 sub
1008 4004 1112 4075 sigillo
1148 4003 1279 4077 predicti
1302 4003 1452 4080 Stephani

187 4110 365 4179 Kuuyngar,
390 4117 462 4165 tunc
487 4110 607 4165 comitis
631 4112 850 4187 zagrabiensis,
876 4110 1015 4166 eiusdem
1050 4108 1181 4166 condam
1217 4109 1338 4168 domini
1374 4113 1452 4170 Her-

187 4216 291 4270 manni
314 4215 387 4271 bani
410 4230 445 4271 ac
468 4214 604 4288 judicum
623 4217 778 4273 nobilium
795 4216 934 4273 eiusdem
952 4218 1117 4273 comitatus
1133 4220 1240 4273 contra
1255 4216 1450 4277 voluntatem

187 4327 215 4377 et
239 4335 419 4377 consensum
452 4337 487 4377 ac
511 4329 615 4378 contra
651 4322 818 4392 legittimas
853 4324 1082 4394 prohibiciones
1120 4329 1149 4379 et
1184 4322 1447 4382 contradicciones

187 4426 378 4499 prefatorum
402 4426 520 4500 judicis,
544 4428 716 4502 juratorum
741 4445 775 4485 ac
807 4430 1024 4486 universorum
1060 4429 1184 4500 civium,
1207 4443 1326 4486 necnon
1350 4431 1449 4489 tocius

190 4534 419 4590 communitatis
443 4536 582 4607 ipsorum
606 4536 721 4591 civium
746 4541 775 4592 et
799 4538 958 4609 hospitum
982 4551 1016 4592 ac
1040 4536 1285 4592 inhabitatorum
1316 4537 1449 4595 civitatis

187 4647 346 4711 prenotate
370 4640 479 4696 confici
502 4647 531 4696 et
555 4643 691 4697 emanari
708 4641 848 4699 iecissent
872 4649 900 4699 et
926 4648 1127 4715 procurasent
1142 4640 1280 4700 indebite
1303 4644 1449 4702 erminus

186 4743 266 4820 juste
289 4747 319 4802 in
343 4747 459 4818 grande
482 4746 558 4822 juris
592 4748 796 4819 preiudicium
832 4750 973 4822 ipsorum
1007 4749 1119 4825 judicis
1153 4755 1184 4806 et
1216 4746 1393 4824 juratorum
1415 4764 1449 4807 ac

188 4853 403 4910 universorum
439 4855 555 4911 civium
594 4869 629 4910 ac
663 4855 761 4911 tocius
797 4856 1030 4912 communitatis
1064 4854 1234 4912 eorundem
1269 4855 1388 4913 civium
1420 4860 1449 4912 et
