3256 5346
264 423 325 498 478
559 419 633 476 Doc.
650 412 726 493 356.
745 426 821 496 357.
854 448 884 458 -
910 415 968 472 An.
991 425 1211 492 troo-1491.

856 732 942 800 356.

373 895 453 943 Anno
476 904 550 956 1490,
574 901 613 944 ιι.
632 891 754 942 octobris.
771 890 868 942 Budae.

266 1023 365 1096 Regni
382 1020 540 1079 Slaoom'ae
562 1018 668 1076 ducatu
685 1017 826 1095 johanni
852 1016 976 1074 Coruino
999 1015 1149 1091 attrebato,
1172 1017 1340 1076 Lodr'slaus
1360 1015 1538 1094 Hungcrr'ae

265 1137 313 1186 etc.
337 1147 399 1198 rex,
418 1127 614 1185 communitati
634 1125 760 1182 civitatis
782 1124 886 1181 montis
916 1122 1067 1182 Grecensis
1089 1123 1219 1194 mandat,
1241 1126 1329 1181 utin
1360 1125 1485 1183 Corvini
1498 1126 1537 1182 di-

773 1231 877 1289 cionem
898 1230 1037 1291 concedat.

371 1379 532 1437 Ladislaus
556 1376 604 1434 dei
627 1377 731 1450 gracia
754 1391 809 1434 rex
842 1376 1009 1449 Hungarie‚
1041 1376 1187 1436 Bohemie
1215 1382 1272 1436 etc.
1304 1376 1478 1437 Prudenter
1508 1384 1537 1436 et

265 1484 487 1559 circumspecti,
503 1482 613 1540 fideles
635 1482 726 1540 nobis
750 1481 865 1540 dilecti.
891 1480 1055 1540 Credimus
1078 1481 1117 1540 ad
1140 1483 1288 1541 noticiam
1313 1490 1452 1542 vestram
1471 1500 1536 1558 per·

266 1592 395 1661 venisse,
419 1589 552 1662 qualiter
575 1603 632 1646 nos
655 1587 694 1647 de
717 1587 863 1647 concordi
887 1594 917 1646 et
946 1589 1085 1647 unanimi
1117 1589 1279 1646 voluntate
1306 1588 1453 1649 fidelium
1482 1605 1536 1649 no·

266 1703 405 1754 strorum
428 1695 644 1752 universorum
668 1693 862 1767 prelatorum
885 1700 915 1751 et
940 1694 1092 1762 baronum
1116 1695 1202 1768 regni
1224 1697 1324 1754 nostri
1342 1697 1423 1755 iuter
1439 1703 1537 1755 certas

265 1802 478 1861 ordinaciones
500 1806 530 1856 et
553 1798 776 1874 disposiciones
799 1800 878 1858 inter
901 1814 956 1858 nos
980 1807 1010 1858 et
1032 1799 1159 1858 cosdem
1183 1800 1327 1860 dominos
1352 1802 1491 1877 prelatos
1507 1810 1536 1862 et

266 1910 398 1967 barones
427 1913 549 1966 nostros
581 1908 621 1965 ab
657 1921 719 1964 una
742 1921 779 1964 ac
801 1906 957 1965 illustrem
981 1906 1143 1965 dominum
1166 1907 1341 1990 Johannem
1364 1908 1535 1969 Coruinum

179 1999 180 2003 ¹
268 2015 380 2074 ducem
412 2021 468 2072 etc.
503 2014 544 2071 ab
576 2013 675 2071 altera
712 2013 865 2086 partibus,
897 2013 1006 2085 vigore
1040 2020 1197 2072 certarum
1222 2014 1401 2077 litterarum
1425 2014 1535 2075 exinde

267 2121 479 2180 confectarum
514 2119 619 2191 factas,
654 2119 802 2177 ducatum
838 2135 964 2195 quoque
1000 2121 1084 2178 illius
1120 2121 1206 2193 regni
1241 2122 1342 2180 nostri
1372 2120 1535 2180 Solanonie

268 2228 361 2286 simul
384 2242 455 2284 curn
486 2226 640 2283 universis
671 2225 810 2284 eiusdem
841 2227 928 2299 regni
952 2219 1039 2284 iustis
1063 2231 1093 2285 et
1116 2227 1157 2284 ab
1180 2227 1308 2300 antiquo
1331 2228 1415 2300 exigi
1438 2228 1535 2287 solitis

267 2332 470 2407 proventibus
493 2337 524 2389 et
546 2331 719 2389 redditibus
747 2331 849 2390 eidem
882 2331 1009 2391 domino
1039 2333 1174 2416 Johanni
1205 2332 1345 2393 Coruino
1377 2334 1451 2393 duci
1481 2341 1535 2392 etc.

267 2440 464 2509 contulimus,
488 2440 634 2496 volumus
657 2437 773 2497 idcirco
796 2445 827 2497 et
850 2439 994 2498 fidelitati
1016 2447 1119 2499 vestre
1136 2441 1214 2500 serie
1230 2443 1427 2516 presencium
1450 2443 1533 2502 stric-

267 2547 385 2604 tissime
408 2545 601 2617 mandamus,
626 2551 779 2618 quatenus
818 2546 932 2604 amodo
962 2547 1120 2620 prefatum
1161 2547 1323 2606 dominum
1362 2548 1532 2631 Johannem

268 2652 439 2711 Coruinum
462 2650 577 2722 audire,
601 2666 659 2724 pro
683 2651 822 2727 duceque
846 2658 876 2710 et
900 2652 1027 2712 domino
1051 2660 1154 2712 vestro
1177 2638 1333 2726 legittimo
1367 2654 1484 2713 habere
1505 2662 1532 2712 et

269 2765 380 2829 tenere,
403 2756 566 2829 eidemque
590 2755 730 2815 debitum
756 2758 906 2817 honorem
929 2759 1077 2817 exhibere
1100 2766 1193 2833 atque
1225 2759 1366 2819 eiusdem
1395 2776 1532 2819 necnon

268 2845 429 2922 hominurn
453 2876 581 2920 suorum
605 2878 660 2936 per
683 2864 787 2936 ipsum
811 2863 850 2921 ad
874 2863 905 2923 id
930 2863 1181 2938 deputandorum
1206 2864 1362 2925 mandatis
1386 2874 1416 2925 et
1448 2864 1532 2942 jussi·

269 2971 380 3028 onibus
403 2970 490 3026 iustis
514 2975 617 3027 tamen
640 2976 670 3027 et
693 2970 786 3029 licitis
808 2986 930 3046 parere,
953 2971 1080 3030 obedire
1104 2977 1134 3029 et
1156 2971 1377 3046 obtemperare
1388 2972 1531 3044 debeatis,

269 3084 298 3135 et
321 3074 406 3134 aliud
430 3074 530 3133 facere
551 3090 612 3134 non
635 3077 863 3149 presummatis.
887 3078 1002 3135 Datum
1025 3077 1111 3136 Bude
1135 3076 1212 3136 feria
1234 3079 1370 3137 secunda
1393 3079 1531 3154 proxima

269 3190 339 3257 post
366 3181 478 3240 festum
514 3183 595 3240 beati
618 3183 749 3241 Dionisii
773 3183 916 3242 martiris.
941 3186 1031 3243 Anno
1054 3184 1173 3242 domini
1194 3184 1366 3244 millesimo
1391 3185 1530 3261 quadriu·

269 3290 440 3363 gentesimo
464 3289 674 3361 nonagesimo
904 3353 906 3357 ,
1428 3305 1432 3309 ’

376 3400 417 3464 (A
437 3399 531 3465 tergo).
556 3395 762 3454 Prudentibus
785 3402 815 3453 et
828 3396 1059 3471 circumspectis
1074 3395 1170 3472 judici
1186 3405 1216 3456 et
1230 3396 1350 3474 juratis,
1366 3401 1531 3474 ceterisque

269 3503 390 3561 civibus
421 3512 451 3561 et
482 3503 537 3561 toti
572 3502 787 3560 communitati
821 3503 955 3561 civitatis
979 3505 1092 3562 montis
1116 3502 1289 3577 Grecensis,
1312 3505 1461 3565 fidelibus
1482 3520 1529 3564 no·

268 3610 342 3667 stris
364 3609 493 3668 dilectis.

374 3764 397 3811 E
417 3770 577 3828 transumpto
596 3761 702 3826 capituli
722 3763 822 3826 zagrab.
852 3763 886 3812 de
903 3777 971 3814 mo
991 3775 1066 3829 1497.
1085 3764 1118 3813 In
1136 3763 1232 3816 archiv.
1247 3763 1294 3816 lib.
1307 3781 1361 3830 reg.
1373 3765 1421 3817 civ.
1435 3765 1529 3830 zagrab.

865 3992 948 4061 35⁷.

376 4151 455 4198 Auno
480 4161 552 4212 1491,
573 4152 595 4202 8.
617 4154 709 4200 martii.
730 4152 877 4216 Zagrabiue.

276 4274 432 4332 Comitatus
455 4278 596 4334 crz'rr'ensr's
611 4278 719 4336 decreti
731 4281 885 4353 excerptor,
904 4299 961 4354 quo
971 4280 1126 4357 lohannes
1142 4281 1264 4340 Horvot
1275 4282 1310 4340 de
1331 4283 1412 4344 Okic
1420 4295 1529 4362 raptam

262 4382 476 4456 possessiouem,
498 4400 571 4455 quac
594 4386 760 4442 nominatur
782 4384 916 4458 Stupmk,
938 4387 1055 4445 reddere
1077 4387 1200 4460 iubetur,
1223 4407 1243 4446 a
1265 4391 1393 4464 capitulo
1416 4391 1530 4467 zugrcb.

509 4486 663 4560 fratribus
686 4491 745 4550 ord.
770 4491 1009 4549 Praedicatorum
1032 4495 1150 4567 zagrab.
1173 4495 1277 4553 editur.

377 4647 439 4704 Nos
478 4649 649 4721 capitulum
686 4654 814 4710 ecclesie
847 4655 1063 4727 zagrabiensis.
1096 4658 1244 4717 Memorie
1280 4661 1531 4720 commendamus

270 4769 327 4827 per
351 4764 515 4827 presentes
540 4757 622 4828 quod
648 4759 811 4830 religiosus
842 4759 937 4819 frater
960 4763 1102 4834 Michael,
1135 4764 1222 4838 prior
1253 4765 1373 4824 ordinis
1403 4766 1531 4826 fratrum

270 4860 500 4918 Predicatorum
527 4863 557 4919 in
587 4864 723 4922 claustro
759 4867 842 4925 beati
876 4868 998 4927 Nicolai
1033 4870 1170 4945 episcopi
1201 4870 1375 4946 Zagrabtae
1407 4873 1533 4934 fundato
