3278 5348
619 407 691 466 Doc.
715 419 781 480 ιρι.
808 439 848 449 -
872 405 928 463 An.
952 414 1040 481 1457.
1387 423 1447 482 253

193 623 267 681 tatis
287 628 400 694 nostre,
424 637 512 681 more
534 623 668 681 aliarum
691 621 875 697 civitatuum
899 629 1074 679 nostrarum
1097 623 1268 681 liberarum
1293 622 1324 680 in
1340 638 1450 680 manus

185 727 330 787 fidelium
352 736 530 788 nostrorum
553 730 670 787 civium
694 733 724 785 et
747 727 990 786 inhabitatorum
1027 729 1166 787 eiusdem
1189 729 1450 800 commiserimus,

181 836 310 893 omnino
326 835 457 894 distrahi
478 841 508 894 et
530 835 644 893 abduci
667 834 768 892 facere
784 833 911 905 debeat;
936 834 1006 893 ideo
1029 841 1059 892 et
1074 834 1218 893 fidelitati
1241 841 1292 893 tue
1315 834 1449 894 firmiter

184 941 418 1013 committimus,
435 949 586 1015 quatenus
608 957 691 1013 casu,
715 956 777 1015 quo
801 941 921 1013 prefata
945 940 1071 999 domina
1095 941 1126 999 in
1149 943 1339 1000 contrarium
1364 956 1450 999 man-

184 1047 248 1105 dati
271 1048 378 1118 nostri,
410 1046 568 1122 prefatum
591 1047 754 1105 castellum
778 1062 840 1105 non
863 1046 1056 1117 distraheret,
1092 1055 1125 1105 tu
1159 1047 1280 1106 civibus
1315 1048 1450 1106 civitatis

183 1161 288 1212 nostre
311 1159 447 1228 pretacte
477 1160 597 1212 tantum
629 1154 782 1212 auxilium
818 1157 848 1211 et
885 1152 1059 1211 subsidium
1095 1153 1195 1212 facere
1227 1153 1349 1224 debeas,
1386 1169 1449 1227 quo

184 1259 347 1332 mediante,
377 1260 495 1318 dictum
518 1261 681 1318 castellum
705 1259 836 1317 distrahi
859 1259 963 1316 valeat
986 1260 1136 1317 effective.
1173 1261 1210 1317 Et
1239 1259 1326 1317 aliud
1349 1258 1451 1318 facere

184 1381 246 1423 non
270 1381 441 1440 presumas.
465 1367 582 1424 Datum
606 1366 723 1424 Vienne
745 1366 777 1423 in
800 1364 879 1423 festo
902 1365 986 1422 beati
1009 1366 1110 1438 Egidii
1133 1365 1258 1423 abbatis
1283 1371 1312 1423 et
1329 1366 1448 1425 confes-

183 1473 273 1530 soris.
298 1473 388 1530 Anno
412 1472 530 1530 domini
553 1472 710 1531 milesimo
727 1471 1033 1545 quadringentesimo
1050 1473 1287 1545 quiquagesimo
1305 1474 1450 1546 septimo.

183 1578 361 1650 Regnorum
385 1585 490 1638 autem
513 1586 691 1638 nostrorum
714 1593 794 1637 anno
818 1578 976 1650 Hungarie
999 1584 1054 1636 etc.
1078 1578 1199 1637 decimo
1222 1579 1365 1652 septimo,
1385 1576 1450 1654 (sic)

185 1684 331 1742 Bobemie
353 1700 430 1743 vero
453 1690 572 1758 quarto.

290 1888 424 1954 Originale
442 1891 470 1939 in
494 1890 589 1940 charta.
627 1892 658 1938 In
683 1891 796 1953 margine
823 1891 938 1940 inferiori
967 1891 1118 1955 impressum
1147 1898 1185 1940 est
1210 1891 1333 1954 sigillum.
1360 1895 1392 1942 In
1411 1910 1450 1942 nr·

184 1979 271 2028 chivio
290 1978 336 2029 lib.
357 1995 410 2043 reg.
429 1980 477 2030 civ.
498 1979 597 2042 zagrab.

776 2263 853 2330 191.

291 2458 371 2507 Anno
394 2469 469 2523 1457,
491 2470 512 2508 1.
533 2457 694 2522 septembris.
714 2458 840 2509 Viennae.

184 2602 353 2674 ladislaus,
376 2604 552 2677 Hungorr'ac
575 2610 624 2663 etc.
648 2621 711 2671 rex,
733 2601 841 2659 civibus
863 2603 983 2674 zagrab.
1006 2604 1127 2676 agnoscit
1147 2622 1240 2660 omncs
1263 2605 1451 2662 contimtcltbs

502 2731 528 2783 cl
551 2727 692 2802 injurias,
715 2725 817 2799 quibus
839 2722 947 2784 nobiles
970 2727 1133 2800 afficerrmt.

880 2881 1036 2932 Commissio
1055 2885 1159 2949 propria
1178 2885 1275 2934 domini
1295 2886 1379 2948 regis..

292 3013 355 3070 Nos
378 3012 542 3070 Ladislaus
565 3012 615 3069 dei
637 3013 742 3085 gracia
765 3012 931 3084 Hungarie,
956 3011 1111 3084 Bobemie,
1135 3014 1304 3082 Dalmacie,
1321 3014 1450 3072 Croacie

187 3125 243 3177 etc.
265 3135 328 3176 rex.
352 3134 388 3176 ac
411 3119 535 3176 Austris
558 3127 588 3175 et
611 3116 703 3176 Stirie
726 3118 798 3188 dux,
823 3120 1023 3192 marchioque
1047 3121 1184 3177 llorauie
1207 3130 1264 3179 etc.
1301 3122 1450 3179 Memorie

186 3224 442 3282 commendamus
466 3239 521 3298 per
546 3232 711 3298 presentes,
747 3224 831 3297 quod
855 3241 910 3282 nos
935 3227 1095 3284 universos
1129 3228 1212 3284 cives
1246 3236 1276 3284 et
1300 3228 1449 3285 inhabita·

187 3339 268 3390 tores
292 3331 425 3389 civitatis
447 3340 551 3388 nostre
574 3331 687 3388 montis
710 3331 872 3389 Grecensis
896 3347 989 3404 super
1012 3333 1165 3390 universis
1197 3333 1359 3390 dumtaxat
1388 3334 1451 3391 illis

184 3437 339 3511 dampnis,
363 3435 492 3512 injuriis,
516 3438 641 3495 offensis
665 3443 694 3495 et
717 3439 917 3509 nocumentis,
941 3453 1001 3511 que
1025 3439 1118 3495 iidem
1142 3439 1225 3496 cives
1247 3448 1277 3497 et
1301 3440 1452 3497 inhabita·

183 3553 265 3602 tores
287 3544 421 3602 civitatis
444 3554 547 3601 nostre
572 3542 708 3616 predicte
732 3554 873 3616 tempore
896 3545 1111 3616 occupacionis
1148 3544 1286 3602 eiusdem
1317 3546 1452 3602 civitatis

185 3657 288 3707 nostre
305 3650 418 3707 montis
441 3649 604 3707 Grecensis
628 3637 684 3722 per
707 3649 840 3707 condam
863 3650 1018 3707 illustrem
1043 3650 1184 3707 Vlricum
1209 3651 1355 3708 comitem
1372 3651 1451 3708 Cilie

184 3766 238 3814 etc.
263 3755 342 3814 facte
362 3761 393 3813 et
414 3762 524 3829 expost
547 3770 608 3813 non
632 3757 806 3814 voluntarie
830 3755 885 3813 sed
909 3772 965 3829 per
988 3756 1121 3813 eunlem
1144 3757 1275 3814 condam
1309 3758 1451 3814 Vlricum

184 3862 331 3921 comitem
354 3877 391 3919 ac
414 3861 582 3920 familiares
606 3877 678 3920 suos
701 3871 730 3920 et
754 3862 794 3920 ad
818 3863 922 3937 ipsum
946 3863 1133 3936 pertinentes
1156 3864 1299 3936 conpulsi
1316 3872 1346 3919 et
1362 3878 1448 3919 coar·

189 3970 253 4040 tati,
276 3968 435 4026 nobilibus
459 3968 511 4025 vel
527 3968 655 4026 alterius
678 3969 813 4026 cuiusvis
836 3975 932 4025 status
968 3967 1147 4024 hominibus
1179 3968 1447 4041 qualitercumque

187 4075 372 4145 intulissent,
396 4075 476 4132 intra
500 4075 549 4132 vel
574 4083 660 4132 extra
683 4074 832 4149 judicium
856 4074 975 4147 quietos
999 4082 1028 4130 et
1063 4073 1224 4146 expeditos
1256 4073 1449 4130 reddidimus

185 4191 215 4239 et
240 4181 462 4251 commisimus,
487 4182 584 4238 immo
605 4180 764 4238 reddimus
780 4187 810 4238 et
825 4181 1048 4237 committimus
1062 4181 1255 4252 presencium
1272 4180 1446 4236 testimonio

187 4287 347 4346 mediante.
371 4288 488 4344 Datum
510 4286 651 4359 Wyenrre
674 4289 705 4345 in
729 4287 807 4345 festo
830 4287 913 4344 beati
937 4286 1036 4357 Egilii
1061 4286 1183 4342 abbatis
1207 4292 1237 4341 et
1253 4284 1450 4342 confessoris.

185 4397 275 4452 Anno
309 4392 428 4451 domini
463 4373 632 4451 millesimo
667 4394 971 4466 quadringentesimo
1007 4392 1264 4464 quinquagesimo
1303 4391 1446 4463 septimo.

186 4500 365 4574 Regnorum
389 4507 566 4557 nostrorum
589 4514 669 4557 anno
707 4501 865 4573 ilungarie
899 4506 953 4556 etc.
991 4498 1113 4555 decimo
1145 4507 1264 4567 octav0,
1301 4496 1447 4553 Bobemie

183 4620 258 4664 vero
283 4611 402 4678 quarto.

287 4793 459 4858 Originalein
478 4794 565 4842 charta
593 4795 623 4841 in
644 4794 756 4855 margine
772 4794 887 4843 inferiori
903 4793 1016 4858 sigillum
1036 4795 1196 4857 impressum.
1216 4794 1248 4842 ln
1268 4793 1382 4841 archivio
1402 4791 1446 4842 lib.

183 4898 236 4947 reg.
255 4884 305 4936 civ.
322 4883 504 4948 zagrablensis.
