3278 5348
701 405 773 463 θοι.
793 419 845 479 92.
867 438 911 449 -
934 404 980 462 An
1013 416 1101 482 1435.

270 624 475 699 precipientes
516 623 721 695 mandamus,
764 628 915 698 quatenus
950 627 1088 681 vestrum
1123 624 1254 682 mittatis
1287 623 1450 682 homiuem
1483 639 1538 698 pro
1554 628 1636 674 U

270 731 447 790 testimonio
481 730 694 804 fidedignnm,
737 745 799 804 quo
832 734 973 804 presente
1007 727 1170 789 ladislaus
1212 729 1314 789 Thoot
1357 729 1397 788 de
1440 730 1539 789 Zwm·
1571 752 1630 767 -

269 836 401 908 aedwar,
420 837 473 894 vel
508 836 664 909 Nicolaus,
699 837 783 895 lilius
818 836 938 894 Nicolai
972 835 1011 894 de
1042 834 1175 908 Greben,
1206 841 1261 894 aut
1281 837 1430 920 Jacobus,
1453 837 1540 896 filius
1605 850 1623 879 ⁴·

268 943 418 1026 Jobannis
441 942 479 1000 de
507 943 625 1015 eadem,
658 959 712 1001 ceu
744 942 897 1015 Georgius
920 947 950 1000 et
972 942 1136 1025 Johannes,
1160 941 1218 1000 filii
1238 943 1368 1001 alterius
1390 943 1539 1026 Johannis

271 1047 309 1106 de
344 1048 427 1106 dicta
462 1048 596 1120 Greben,
632 1051 678 1108 sin
712 1051 877 1132 Johannes,
913 1048 999 1106 filius
1031 1048 1180 1131 Johannis
1208 1047 1246 1105 de
1276 1048 1470 1119 Brezouicza,
1494 1051 1540 1108 sin

273 1154 434 1227 Georgius,
470 1154 554 1212 filius
586 1156 670 1214 iwan
705 1155 744 1213 de
781 1154 907 1227 eadem,
939 1169 1018 1213 neve
1051 1152 1245 1229 Stephanus,
1282 1152 1369 1212 filius
1416 1155 1538 1213 Nicolai

272 1260 310 1318 de
346 1261 475 1332 eadem,
509 1277 564 1318 ceu
599 1262 762 1320 Ladislaus
797 1260 932 1333 Zaloycb
968 1259 1006 1317 de
1036 1259 1209 1333 Egidowcz,
1241 1259 1312 1319 aliis
1347 1262 1539 1331 absentibus,

271 1369 366 1425 homo
408 1373 531 1439 noster,
574 1367 614 1425 ad
657 1366 768 1425 faciem
809 1366 947 1441 predicte
983 1366 1117 1424 civitatis
1156 1367 1270 1424 montis
1308 1365 1475 1425 Grecensis
1510 1374 1540 1425 et

270 1489 398 1531 suarum
430 1475 690 1546 pertinenciarum
721 1474 830 1531 vicinis
865 1480 894 1529 et
929 1473 1148 1530 commetaneis
1183 1473 1246 1530 suis
1282 1473 1438 1530 universis
1462 1473 1540 1531 inibi

271 1579 426 1650 legittime
451 1581 627 1638 convocatis
650 1585 681 1636 et
704 1579 899 1653 presentibus
919 1577 1102 1649 accedendo,
1125 1578 1309 1649 reambulet,
1332 1577 1461 1636 easdem
1485 1594 1541 1652 per

270 1701 343 1743 suas
366 1701 456 1743 veras
479 1693 577 1743 metas
607 1687 758 1758 antiquas,
788 1700 886 1743 novas
920 1686 1006 1743 iuxta
1037 1690 1158 1743 veteres
1188 1686 1220 1743 in
1250 1685 1328 1742 locis
1356 1686 1540 1744 necessariis

270 1790 425 1862 erigendo,
449 1791 721 1864 reambulatasque
744 1797 774 1848 et
797 1792 838 1848 ab
860 1791 995 1849 aliorum
1020 1788 1140 1866 juribus
1163 1791 1414 1865 possessionariis
1442 1797 1540 1849 meta·

268 1898 340 1956 liter
362 1906 519 1971 separatas
541 1903 571 1954 et
594 1897 753 1956 distinctas
776 1899 932 1970 relinquat
954 1896 1070 1955 eisdem
1097 1894 1202 1973 judici,
1228 1896 1337 1974 juratis
1366 1897 1540 1979 ceterisque

269 2004 391 2061 civibus
414 2009 444 2061 et
466 2003 575 2061 incolis
598 2008 733 2077 pretacte
757 2003 889 2061 civitatis
920 2013 1023 2061 nostre
1053 2001 1121 2076 jure
1144 2004 1221 2077 ipsis
1242 2003 1442 2062 incumbente
1465 2019 1537 2077 per·

270 2116 362 2183 petue
393 2108 602 2183 possidendas,
633 2111 658 2167 si
688 2124 750 2167 non
781 2108 874 2166 fuerit
908 2109 1164 2181 contradictum,
1180 2108 1424 2167 contradictores
1447 2123 1533 2177 vere,

270 2218 296 2273 si
331 2216 384 2289 qui
419 2214 542 2281 fuerint,
577 2219 685 2272 evocet
718 2215 803 2287 ipsos
834 2220 941 2272 contra
963 2215 1049 2288 ipsos
1071 2213 1216 2290 judicem,
1239 2212 1366 2290 juratos,
1392 2216 1480 2273 cives
1503 2230 1539 2272 ac

270 2323 430 2380 universos
453 2322 591 2394 hospites
615 2321 644 2379 in
669 2322 861 2395 presenciam
884 2321 973 2393 regni
995 2321 1093 2378 nostri
1115 2319 1277 2379 Sclauonie
1293 2320 1366 2378 bani
1383 2322 1415 2379 in
1432 2320 1540 2379 sedem

270 2428 501 2500 zagrabiensem
513 2426 553 2483 ad
566 2427 734 2484 terminum
746 2434 973 2501 competentem
985 2429 1141 2486 racionem
1157 2427 1414 2486 contradiccionis
1429 2443 1541 2486 eorum

270 2532 457 2592 reddituros.
479 2532 519 2589 Et
541 2537 612 2606 post
635 2534 691 2590 hec
714 2533 893 2592 huiusmodi
916 2533 1176 2592 reambulacionis
1199 2539 1230 2591 et
1252 2541 1407 2592 metarum
1425 2535 1538 2593 erecci·

270 2640 337 2696 onis
360 2640 471 2697 seriem
496 2654 566 2697 cum
587 2640 730 2696 cursibus
752 2645 906 2697 metarum
931 2639 1010 2698 inibi
1031 2639 1257 2712 erigendarum,
1272 2640 1540 2699 contradictorum

270 2750 300 2802 et
323 2751 532 2816 evocatorum,
556 2746 660 2818 siqui
686 2744 808 2817 fuerint,
832 2762 868 2804 ac
891 2747 1066 2804 vicinorum
1095 2752 1126 2804 et
1156 2752 1453 2818 commetaneorum,
1485 2749 1540 2822 qui

269 2852 419 2923 premisse
453 2851 698 2909 reambulacioni
732 2853 901 2910 intererunt
931 2853 1118 2925 nominibus,
1150 2853 1345 2926 terminoque
1371 2854 1540 2927 assignato,

268 2956 358 3013 nobis
382 2957 516 3014 fideliter
541 2959 724 3017 rescribatis.
749 2960 864 3017 Datum
888 2960 1013 3017 Posonii
1047 2959 1124 3018 feria
1155 2964 1266 3033 quarta
1296 2960 1443 3033 proxima
1467 2968 1538 3019 ante

269 3061 382 3119 festum
404 3063 485 3121 beati
508 3065 631 3122 Martini
655 3066 793 3139 episcopi
816 3071 847 3123 et
868 3065 1059 3123 contessoris.
1095 3068 1185 3124 Anno
1215 3064 1334 3123 domini
1365 3066 1539 3124 millesimo

270 3166 573 3241 quadringentesimo
589 3172 745 3228 tricesimo
762 3173 877 3244 quinto.
893 3172 1072 3245 Regnorum
1087 3178 1265 3230 nostrorum
1281 3186 1361 3230 anno
1376 3172 1539 3246 ilungarie

270 3279 327 3332 etc.
344 3273 491 3334 XLVllll.
516 3277 728 3335 Romanorum
745 3279 855 3341 XXVI.
868 3279 1013 3338 Bohemie
1029 3279 1192 3353 sedecim0,
1204 3280 1329 3354 imperii
1342 3295 1418 3339 vero
1434 3281 1538 3340 tercio.

375 3385 421 3448 (A
440 3390 537 3449 tergo).
562 3383 722 3442 l'idelibus
745 3386 858 3443 nostris
894 3387 1031 3460 capitulo
1054 3386 1181 3443 ecclesie
1212 3385 1295 3444 Albe
1325 3386 1450 3458 regalis,
1481 3402 1539 3460 pro

269 3483 370 3561 judice
394 3503 428 3544 ac
451 3486 559 3561 juratis
581 3492 752 3563 ceterisque
775 3492 896 3549 civibus
927 3493 1060 3550 civitatis
1091 3498 1194 3550 nostre
1225 3493 1339 3551 montis
1370 3491 1534 3551 Grecensis

269 3592 307 3650 de
330 3594 490 3666 Zagrabia.
514 3596 776 3655 lleambulatoria.

375 3730 508 3793 originale
527 3732 554 3780 in
574 3732 668 3783 charta.
688 3734 716 3781 A
735 3741 807 3798 tergo
826 3736 964 3800 vestigium
988 3737 1107 3800 impressi
1133 3736 1213 3800 sigilli
1231 3735 1344 3789 maioris.
1379 3739 1414 3787 In
1441 3738 1537 3787 archiv.

268 3815 314 3869 lib.
334 3834 387 3882 reg.
406 3820 475 3870 civit.
494 3821 595 3884 zagrab.

868 4001 929 4066 92.

374 4120 455 4169 Anno
479 4133 552 4187 1435,
576 4123 614 4174 16.
634 4124 793 4175 Decembris.
815 4127 846 4173 In
865 4125 998 4175 Prodavic.

269 4228 429 4286 Matlmcus
457 4230 586 4289 salonas
609 4234 708 4303 barrius,
738 4235 871 4292 ottrm'bus
901 4236 1061 4292 horninibus
1083 4237 1312 4309 possessionatis,
1341 4241 1397 4312 qui
1426 4242 1538 4300 m'buta

267 4324 368 4387 tenent,
392 4319 519 4389 miradal,
542 4340 577 4377 ne
601 4321 783 4395 Sigr'snnmdi'
803 4326 879 4397 regis
891 4326 981 4399 jussu
1004 4344 1024 4383 a
1048 4325 1156 4383 civibus
1178 4324 1419 4399 regredientibus
1442 4331 1538 4389 ullum

758 4413 895 4470 miratum
918 4416 1044 4488 exigant.

372 4530 499 4590 llathko
522 4532 561 4591 de
583 4534 609 4591 T
611 4535 739 4593 allowcz
763 4538 850 4609 regni
869 4536 1032 4597 Sclauonie
1048 4541 1154 4599 banus.
1178 4540 1339 4600 Universis
1355 4548 1386 4602 et
1401 4546 1538 4622 singulis

266 4636 426 4695 nobilibus
449 4644 478 4695 et
501 4640 628 4698 alterius
652 4642 787 4701 cuiusvis
811 4650 907 4703 status
924 4646 997 4704 dicti
1016 4648 1102 4719 regni
1118 4646 1282 4706 Sclauonie
1298 4654 1539 4720 possessionatis

266 4742 446 4800 hominibus
478 4746 592 4804 tributa
625 4747 760 4806 ubilibet
791 4752 964 4810 tenentibus
995 4760 1026 4811 et
1048 4755 1236 4812 habentibus
1259 4758 1458 4829 presencium
1481 4776 1539 4822 no·

267 4847 371 4907 ticiam
404 4849 557 4909 habituris
590 4853 722 4911 salutem
757 4871 828 4913 cum
863 4857 1039 4918 dileccione.
1075 4861 1119 4918 Ex
1151 4861 1263 4919 litteris
1295 4861 1415 4924 domini
1437 4870 1540 4928 nostri
