3256 5346
540 388 613 450 Doc.
637 401 702 446 111.
725 382 794 458 118,
817 420 860 431 -
883 387 939 445 An.
964 381 1055 465 1438.
1374 401 1433 456 155

167 621 275 667 corum
298 611 329 666 et
353 607 486 665 aliarum
511 622 618 665 rerum
640 620 786 677 suarum;
809 605 884 664 item
907 603 1029 663 Blasius
1048 601 1169 679 juratus
1192 605 1269 663 civis
1301 603 1435 661 civitatis

170 714 320 789 predicte,
344 714 412 771 sola
442 715 473 772 in
508 728 640 787 persona
674 713 759 771 iuxta
793 710 1059 770 adiudicacionem
1092 711 1248 770 dictorum
1281 710 1435 768 banorum

166 837 260 896 super
291 821 403 894 viginti
425 820 550 879 florenis
582 820 651 878 auri
687 835 744 894 per
777 818 921 876 homines
945 824 975 875 et
1005 817 1176 876 familiares
1210 816 1285 875 dicti
1314 816 1436 874 comitis

168 927 267 987 Vlrici
288 928 320 986 in
343 929 537 1002 possessione
559 941 615 984 sua
646 924 796 1011 Ralronolr
829 930 947 996 vocata,
982 925 1085 983 minus
1120 923 1200 1001 juste
1234 928 1264 981 et
1298 921 1435 981 indebite

171 1036 318 1110 receptis;
343 1035 417 1093 item
441 1035 590 1093 Nicolaus
612 1032 770 1092 aurifaber
785 1030 903 1107 juratus
918 1031 995 1088 civis
1018 1032 1115 1106 ipsius
1139 1030 1281 1100 civitatis,
1298 1028 1364 1087 sola
1380 1043 1435 1086 sua

170 1142 201 1200 in
223 1157 356 1216 persona
379 1148 473 1214 super
503 1141 640 1215 quinque
662 1154 733 1197 cum
756 1138 861 1197 medio
895 1136 1018 1196 florenis
1049 1138 1126 1209 auri,
1158 1136 1267 1194 valore
1291 1135 1437 1193 videlicet

171 1248 261 1307 unius
285 1249 358 1322 equi
381 1249 428 1306 sui
452 1262 487 1305 ac
511 1246 589 1305 freni
612 1251 642 1305 et
665 1246 759 1315 selle;
795 1246 870 1303 item
900 1245 1035 1328 Jacobus
1071 1244 1148 1302 alias
1176 1241 1272 1320 Judex
1302 1241 1436 1300 civitatis

175 1353 322 1428 predicte,
345 1355 413 1413 sola
435 1370 491 1413 sua
514 1355 545 1413 in
567 1369 700 1430 persona
722 1353 807 1410 iuxta
831 1353 1081 1417 commissionem
1105 1352 1260 1410 dictorum
1283 1350 1438 1407 banorum

169 1474 259 1519 suum
273 1461 417 1534 deposuit
432 1459 642 1536 juramentum
657 1465 750 1534 prout
766 1459 874 1517 debuit
889 1475 984 1533 super
1000 1473 1044 1528 eo,
1066 1457 1150 1533 quod
1182 1458 1248 1531 ipse
1280 1454 1435 1530 quendam

171 1566 360 1627 familiarem
383 1568 458 1626 dicti
482 1568 644 1642 Vylhelmi
666 1581 728 1624 non
751 1565 945 1640 captivasset,
970 1566 1001 1623 in
1025 1565 1154 1623 ecclesia
1175 1565 1316 1638 ipsorum
1345 1574 1435 1635 paro·

172 1674 263 1732 chiali
280 1675 312 1732 in
334 1675 452 1733 honore
475 1674 570 1732 sancti
587 1674 683 1732 Marci
706 1672 903 1745 ewangeliste
926 1673 958 1729 in
981 1671 1089 1729 eadem
1107 1672 1231 1729 civitate
1252 1672 1435 1739 constructa,

172 1794 276 1839 coram
300 1780 390 1837 dictis
412 1778 568 1854 judicibus
590 1779 744 1838 nobilium
761 1780 926 1836 comitatus
948 1778 1156 1852 zagrabiensis
1180 1783 1210 1834 et
1228 1779 1335 1833 nostro
1350 1773 1433 1832 testi·

170 1888 278 1945 monio
315 1887 549 1960 prescriptaque
583 1900 691 1943 eorum
723 1885 895 1943 iuramenta
931 1890 1025 1958 prout
1059 1883 1246 1953 debuissent,
1282 1880 1434 1953 legittime

170 1992 391 2067 deposuissent.
416 1993 492 2051 Item
515 1993 546 2050 in
577 1991 718 2050 clausula
749 2007 806 2065 pro
840 1999 929 2064 parte
963 1990 1176 2049 Bartholomci
1199 1988 1369 2062 vitriparis,
1400 1986 1432 2043 in

168 2098 250 2159 dicta
274 2099 401 2158 civitate
435 2098 666 2169 commorantis,
690 2099 775 2155 iuxta
806 2098 1057 2155 commissionem
1092 2096 1246 2154 dictorum
1279 2095 1434 2151 banorum

167 2221 276 2265 coram
299 2205 415 2263 eisdem
448 2211 549 2264 vestre
583 2204 754 2262 serenitatis
789 2211 819 2262 et
855 2204 1037 2262 eorumdem
1072 2204 1226 2261 banorum
1255 2199 1435 2258 hominibus

162 2313 253 2371 iuxta
275 2316 416 2370 contenta
440 2310 622 2368 earumdem
644 2311 820 2368 litterarum
845 2316 947 2368 vestre
970 2310 1143 2368 serenitatis
1176 2308 1349 2382 proborum
1388 2305 1435 2362 vi·

164 2433 276 2478 rorum
299 2418 331 2475 in
354 2417 548 2492 presenciam
572 2415 759 2474 eorumdem
791 2416 999 2475 adductorum
1033 2415 1293 2485 attestacionibus,
1317 2425 1436 2470 necnon

163 2523 395 2582 sufficientibus
419 2523 490 2581 aliis
514 2523 757 2596 probacionibus
780 2529 811 2580 et
834 2522 1026 2581 documentis
1048 2522 1080 2580 id
1105 2520 1333 2596 comprobavit,
1350 2515 1435 2592 quod

162 2630 309 2689 homines
332 2634 361 2686 et
385 2628 555 2687 familiares
580 2627 692 2702 prefati
723 2629 845 2687 comitis
877 2629 976 2687 Virici
1009 2644 1143 2687 unacum
1170 2628 1281 2700 viginti
1311 2623 1435 2682 florenis

167 2736 246 2807 auri,
271 2750 349 2809 quos
380 2734 499 2793 eisdem
529 2751 623 2809 super
651 2736 845 2794 relaxacione
879 2742 909 2794 et
942 2736 1146 2811 permissione
1181 2734 1219 2792 de
1254 2733 1434 2807 captivitate

172 2844 314 2917 ipsorum
337 2841 418 2900 facta
441 2842 602 2916 persolvit,
617 2857 653 2899 ac
674 2858 744 2900 cum
768 2844 862 2901 rebus
884 2851 914 2901 et
937 2844 1024 2918 equis
1041 2841 1250 2916 computando
1274 2840 1304 2898 in
1327 2839 1435 2896 valore

166 2950 328 3023 sexaginta
350 2950 442 3007 unius
464 2948 571 3006 florcni
594 2949 662 3006 auri
686 2949 787 3007 eidem
812 2949 1031 3007 Bartholomeo
1065 2949 1202 3022 dampna
1236 2946 1433 3004 intullissent.

165 3056 244 3115 Item
268 3057 299 3115 in
322 3055 461 3115 clausula
485 3056 608 3113 racione
632 3056 852 3128 homagiorum
868 3057 1029 3114 hominum
1054 3054 1287 3114 interfectorum
1311 3056 1341 3109 et
1365 3052 1434 3109 vul·

166 3178 276 3221 nerum
300 3163 331 3220 in
355 3160 472 3220 eisdem
496 3162 607 3220 litteris
631 3161 770 3220 eiusdem
793 3169 895 3221 vestre
918 3163 1090 3221 serenitatis
1114 3161 1296 3234 conscripta,
1320 3157 1434 3232 prefati

169 3270 254 3328 cives
277 3284 349 3326 cum
372 3268 464 3326 certis
486 3268 598 3326 litteris
629 3269 918 3341 inquisicionalibus
948 3274 978 3327 et
1013 3268 1320 3343 quamplurimorum
1343 3266 1433 3324 nobi·

166 3374 245 3434 lium
270 3375 444 3433 vicinorum
473 3382 502 3432 et
525 3380 810 3434 commetaneorum
840 3375 986 3434 videlicet
1015 3376 1215 3449 zagrabiensi,
1245 3374 1382 3433 crisiensi
1404 3377 1434 3431 et

165 3479 387 3540 warasdinensi
417 3482 615 3538 comitatibus
646 3482 856 3553 existencium,
873 3497 978 3562 coram
1002 3482 1120 3540 eisdem
1136 3482 1315 3540 hominibus
1331 3485 1433 3539 vestre

169 3588 339 3647 maiestatis
361 3585 566 3645 adductorum
599 3588 630 3645 id
661 3588 850 3647 sufficienter
885 3589 1146 3663 comprobassent,
1178 3587 1260 3661 quod
1295 3586 1434 3662 prefatus

166 3692 357 3753 wilhelmus
379 3708 451 3751 cum
474 3695 536 3751 suis
559 3695 765 3768 complicibus
788 3695 838 3753 die
869 3695 1009 3769 predicto
1032 3695 1072 3753 ad
1096 3700 1199 3752 tenuta
1230 3699 1260 3752 et
1282 3694 1430 3752 terminos

167 3800 265 3874 ipsius
288 3799 423 3858 civitatis
446 3814 539 3858 manu
564 3807 683 3860 armata
706 3803 842 3873 veniens,
873 3802 1029 3876 predictos
1052 3803 1135 3859 cives
1159 3802 1189 3858 in
1213 3799 1351 3858 custodia
1373 3806 1432 3857 ter-

166 3906 324 3965 minorum
348 3904 429 3964 dicte
452 3907 586 3965 civitatis
610 3909 791 3966 constitutos
816 3909 919 3967 minus
943 3910 1021 3967 iuste
1045 3914 1074 3966 et
1098 3907 1234 3966 indebite
1257 3913 1326 3964 octo
1350 3906 1433 3964 cives

168 4028 205 4072 ex
228 4013 345 4071 eisdem
367 4019 397 4070 et
420 4027 515 4072 unum
540 4013 728 4073 familiarem
753 4013 915 4073 cuiusdam
939 4016 1015 4073 civis
1032 4031 1104 4073 nece
1127 4014 1300 4072 miserabili
1324 4014 1433 4071 intere·

166 4120 273 4179 misset
288 4134 324 4177 ac
346 4119 454 4177 decem
470 4125 499 4178 et
515 4128 585 4178 octo
605 4137 643 4178 ex
659 4121 735 4195 ipsis
751 4121 886 4180 letaliter
901 4122 1102 4192 vulnerasset,
1126 4136 1244 4179 necnon
1267 4119 1431 4177 duodecim

167 4241 203 4285 ex
227 4226 304 4300 ipsis
328 4226 450 4284 civibus
473 4233 580 4301 captos
596 4226 634 4284 ad
659 4228 777 4285 dietum
801 4236 938 4286 castrum
963 4228 1082 4286 bledwe
1114 4228 1302 4297 abduxisset,
1334 4227 1433 4300 ipsos·

165 4348 226 4407 que
248 4333 395 4391 omnibus
418 4333 511 4392 rebus
536 4340 565 4391 et
587 4335 675 4391 bonis
699 4335 840 4408 ipsorum
865 4341 928 4393 tam
954 4334 1188 4393 interfectorum
1212 4349 1307 4408 quam
1324 4332 1432 4391 vulne·

163 4445 304 4500 satorum
327 4447 357 4498 et
380 4442 609 4514 captivatorum
633 4442 800 4515 spoliasset
808 4461 815 4511 ;
840 4458 976 4517 quorum
1001 4442 1129 4515 quidem
1152 4441 1270 4500 civium
1285 4440 1430 4512 homagia

166 4546 252 4606 iuxta
276 4547 437 4605 libertates
459 4553 488 4605 et
511 4545 578 4623 jura
610 4548 690 4605 dicte
714 4549 848 4607 civitatis
879 4565 936 4624 per
966 4548 1122 4624 predictos
1152 4548 1294 4606 homines
1330 4552 1432 4604 vestre

164 4654 337 4713 serenitatis
361 4669 419 4728 pro
440 4655 570 4728 singulis
604 4655 725 4713 civibus
755 4655 923 4714 interfectis
959 4672 1014 4729 per
1049 4656 1275 4730 quinquaginta
1311 4667 1430 4710 marcas

165 4759 366 4819 denariorum
389 4762 551 4834 regalium,
576 4760 757 4835 homagium
781 4778 857 4821 vero
879 4764 955 4822 dicti
978 4762 1142 4821 familiaris
1166 4776 1224 4836 pro
1247 4775 1301 4817 sex
1317 4758 1430 4816 marcis

164 4865 368 4926 denariorum
399 4869 543 4927 similiter
578 4868 740 4941 regalium,
779 4870 901 4929 solvere
936 4870 1085 4941 debenda,
1111 4867 1297 4928 iudicialiter
1327 4864 1431 4924 decre·
