<?xml version="1.0" encoding="UTF-8"?>
<!DOCTYPE html PUBLIC "-//W3C//DTD XHTML 1.0 Transitional//EN"
    "http://www.w3.org/TR/xhtml1/DTD/xhtml1-transitional.dtd">
<html xmlns="http://www.w3.org/1999/xhtml" xml:lang="en" lang="en">
 <head>
  <title>
</title>
<meta http-equiv="Content-Type" content="text/html;charset=utf-8" />
  <meta name='ocr-system' content='tesseract 3.04.00' />
  <meta name='ocr-capabilities' content='ocr_page ocr_carea ocr_par ocr_line ocrx_word'/>
</head>
<body>
  <div class='ocr_page' id='page_1' title='image "./monumentahistor01laszgoog_0269.png"; bbox 0 0 3278 5348; ppageno 0'>
   <div class='ocr_carea' id='block_1_1' title="bbox 126 439 1462 1367">
    <p class='ocr_par' dir='ltr' id='par_1_1' title="bbox 126 439 1462 1367">
     <span class='ocr_line' id='line_1_1' title="bbox 567 439 1393 517; baseline -0.001 -20"><span class='ocrx_word' id='word_1_1' title='bbox 567 440 642 500; x_wconf 83' lang='lat' dir='ltr'>Doc.</span> <span class='ocrx_word' id='word_1_2' title='bbox 660 454 693 516; x_wconf 73' lang='lat'>5.</span> <span class='ocrx_word' id='word_1_3' title='bbox 717 472 760 481; x_wconf 91' lang='lat'><em>-</em></span> <span class='ocrx_word' id='word_1_4' title='bbox 784 439 839 497; x_wconf 81' lang='lat' dir='ltr'>An.</span> <span class='ocrx_word' id='word_1_5' title='bbox 866 453 954 515; x_wconf 77' lang='lat'><em>1401.</em></span> <span class='ocrx_word' id='word_1_6' title='bbox 1376 458 1393 517; x_wconf 84' lang='lat'>3</span> 
     </span>
     <span class='ocr_line' id='line_1_2' title="bbox 126 655 1394 731; baseline 0.002 -19"><span class='ocrx_word' id='word_1_7' title='bbox 126 672 216 730; x_wconf 91' lang='lat' dir='ltr'>super</span> <span class='ocrx_word' id='word_1_8' title='bbox 240 656 402 731; x_wconf 90' lang='lat' dir='ltr'>premissis</span> <span class='ocrx_word' id='word_1_9' title='bbox 424 662 494 714; x_wconf 88' lang='lat' dir='ltr'>acta</span> <span class='ocrx_word' id='word_1_10' title='bbox 514 663 544 712; x_wconf 90' lang='lat' dir='ltr'>et</span> <span class='ocrx_word' id='word_1_11' title='bbox 581 655 753 713; x_wconf 74' lang='lat' dir='ltr'>salubriter</span> <span class='ocrx_word' id='word_1_12' title='bbox 776 655 926 727; x_wconf 86' lang='lat' dir='ltr'>disposita</span> <span class='ocrx_word' id='word_1_13' title='bbox 955 655 1135 713; x_wconf 82' lang='lat' dir='ltr'>omnimode</span> <span class='ocrx_word' id='word_1_14' title='bbox 1166 655 1394 715; x_wconf 86' lang='lat' dir='ltr'>confirmantes.</span> 
     </span>
     <span class='ocr_line' id='line_1_3' title="bbox 126 761 1462 834; baseline 0.001 -16"><span class='ocrx_word' id='word_1_15' title='bbox 126 762 158 820; x_wconf 92' lang='lat' dir='ltr'>In</span> <span class='ocrx_word' id='word_1_16' title='bbox 191 764 280 821; x_wconf 92' lang='lat' dir='ltr'>cuius</span> <span class='ocrx_word' id='word_1_17' title='bbox 315 762 361 819; x_wconf 90' lang='lat' dir='ltr'>rei</span> <span class='ocrx_word' id='word_1_18' title='bbox 396 763 582 820; x_wconf 88' lang='lat' dir='ltr'>memoriam</span> <span class='ocrx_word' id='word_1_19' title='bbox 615 761 860 833; x_wconf 87' lang='lat' dir='ltr'>firmitatemque</span> <span class='ocrx_word' id='word_1_20' title='bbox 883 767 1067 834; x_wconf 87' lang='lat' dir='ltr'>perpetuam</span> <span class='ocrx_word' id='word_1_21' title='bbox 1091 768 1250 834; x_wconf 84' lang='lat' dir='ltr'>presentes</span> <span class='ocrx_word' id='word_1_22' title='bbox 1274 770 1396 820; x_wconf 87' lang='lat' dir='ltr'>nostras</span> <span class='ocrx_word' id='word_1_23' title='bbox 1460 770 1462 775; x_wconf 83' lang='grc'>’</span> 
     </span>
     <span class='ocr_line' id='line_1_4' title="bbox 127 866 1396 942; baseline -0.001 -15"><span class='ocrx_word' id='word_1_24' title='bbox 127 869 342 942; x_wconf 80' lang='lat' dir='ltr'>privilegiales</span> <span class='ocrx_word' id='word_1_25' title='bbox 365 867 486 926; x_wconf 80' lang='lat' dir='ltr'>litteras</span> <span class='ocrx_word' id='word_1_26' title='bbox 509 874 640 941; x_wconf 89' lang='lat' dir='ltr'>propter</span> <span class='ocrx_word' id='word_1_27' title='bbox 663 866 841 924; x_wconf 88' lang='lat' dir='ltr'>absenciam</span> <span class='ocrx_word' id='word_1_28' title='bbox 864 867 962 939; x_wconf 83' lang='lat' dir='ltr'><strong>sigilli</strong></span> <span class='ocrx_word' id='word_1_29' title='bbox 992 868 1090 925; x_wconf 82' lang='lat' dir='ltr'>nostri</span> <span class='ocrx_word' id='word_1_30' title='bbox 1122 868 1257 939; x_wconf 94' lang='lat' dir='ltr'>maioris,</span> <span class='ocrx_word' id='word_1_31' title='bbox 1290 869 1396 941; x_wconf 83' lang='lat' dir='ltr'>sigillo</span> 
     </span>
     <span class='ocr_line' id='line_1_5' title="bbox 129 972 1396 1048; baseline 0.002 -18"><span class='ocrx_word' id='word_1_32' title='bbox 129 983 230 1035; x_wconf 92' lang='lat' dir='ltr'>nostro</span> <span class='ocrx_word' id='word_1_33' title='bbox 250 975 396 1034; x_wconf 89' lang='lat' dir='ltr'>annulari</span> <span class='ocrx_word' id='word_1_34' title='bbox 418 975 609 1048; x_wconf 86' lang='lat' dir='ltr'>appensione</span> <span class='ocrx_word' id='word_1_35' title='bbox 632 974 777 1044; x_wconf 89' lang='lat' dir='ltr'>munitas,</span> <span class='ocrx_word' id='word_1_36' title='bbox 801 972 885 1045; x_wconf 93' lang='lat' dir='ltr'>quod</span> <span class='ocrx_word' id='word_1_37' title='bbox 910 972 1049 1031; x_wconf 90' lang='lat' dir='ltr'>eiusdem</span> <span class='ocrx_word' id='word_1_38' title='bbox 1072 974 1197 1031; x_wconf 90' lang='lat' dir='ltr'>roboris</span> <span class='ocrx_word' id='word_1_39' title='bbox 1220 989 1256 1031; x_wconf 92' lang='lat' dir='ltr'>ac</span> <span class='ocrx_word' id='word_1_40' title='bbox 1278 975 1396 1033; x_wconf 90' lang='lat' dir='ltr'>valoris</span> 
     </span>
     <span class='ocr_line' id='line_1_6' title="bbox 130 1079 1396 1156; baseline 0.002 -18"><span class='ocrx_word' id='word_1_41' title='bbox 130 1095 190 1139; x_wconf 84' lang='lat' dir='ltr'>esse</span> <span class='ocrx_word' id='word_1_42' title='bbox 214 1082 468 1156; x_wconf 87' lang='lat' dir='ltr'>pronunciamus,</span> <span class='ocrx_word' id='word_1_43' title='bbox 492 1081 672 1138; x_wconf 86' lang='lat' dir='ltr'>memoratis</span> <span class='ocrx_word' id='word_1_44' title='bbox 696 1079 831 1138; x_wconf 89' lang='lat' dir='ltr'>dominis</span> <span class='ocrx_word' id='word_1_45' title='bbox 862 1080 1077 1152; x_wconf 87' lang='lat' dir='ltr'>prebendariis</span> <span class='ocrx_word' id='word_1_46' title='bbox 1109 1079 1256 1138; x_wconf 85' lang='lat' dir='ltr'>duximus</span> <span class='ocrx_word' id='word_1_47' title='bbox 1288 1097 1396 1140; x_wconf 91' lang='lat' dir='ltr'>conce·</span> 
     </span>
     <span class='ocr_line' id='line_1_7' title="bbox 132 1184 1395 1260; baseline 0.003 -19"><span class='ocrx_word' id='word_1_48' title='bbox 132 1184 249 1247; x_wconf 88' lang='lat' dir='ltr'>dendas.</span> <span class='ocrx_word' id='word_1_49' title='bbox 266 1189 385 1246; x_wconf 90' lang='lat' dir='ltr'>Datum</span> <span class='ocrx_word' id='word_1_50' title='bbox 408 1187 560 1260; x_wconf 82' lang='lat' dir='ltr'>Zagrabie</span> <span class='ocrx_word' id='word_1_51' title='bbox 582 1185 718 1244; x_wconf 87' lang='lat' dir='ltr'>secundo</span> <span class='ocrx_word' id='word_1_52' title='bbox 742 1185 792 1243; x_wconf 94' lang='lat' dir='ltr'>die</span> <span class='ocrx_word' id='word_1_53' title='bbox 808 1185 877 1243; x_wconf 83' lang='lat' dir='ltr'>festi</span> <span class='ocrx_word' id='word_1_54' title='bbox 894 1186 1139 1259; x_wconf 90' lang='lat' dir='ltr'>Epiphaniarum</span> <span class='ocrx_word' id='word_1_55' title='bbox 1156 1185 1283 1245; x_wconf 90' lang='lat' dir='ltr'>domini.</span> <span class='ocrx_word' id='word_1_56' title='bbox 1306 1189 1395 1245; x_wconf 80' lang='lat' dir='ltr'>Anno</span> 
     </span>
     <span class='ocr_line' id='line_1_8' title="bbox 133 1292 925 1367; baseline 0.003 -21"><span class='ocrx_word' id='word_1_57' title='bbox 133 1292 266 1352; x_wconf 87' lang='lat' dir='ltr'>eiusdem</span> <span class='ocrx_word' id='word_1_58' title='bbox 289 1294 460 1352; x_wconf 89' lang='lat' dir='ltr'>millesimo</span> <span class='ocrx_word' id='word_1_59' title='bbox 484 1292 790 1367; x_wconf 84' lang='lat' dir='ltr'>quadringentesimo</span> <span class='ocrx_word' id='word_1_60' title='bbox 814 1292 925 1365; x_wconf 88' lang='lat' dir='ltr'>primo.</span> 
     </span>
    </p>
   </div>
   <div class='ocr_carea' id='block_1_2' title="bbox 131 1427 1396 1585">
    <p class='ocr_par' dir='ltr' id='par_1_2' title="bbox 131 1427 1396 1585">
     <span class='ocr_line' id='line_1_9' title="bbox 229 1427 1396 1497; baseline -0.003 -17"><span class='ocrx_word' id='word_1_61' title='bbox 229 1433 255 1480; x_wconf 88' lang='lat' dir='ltr'><strong>E</strong></span> <span class='ocrx_word' id='word_1_62' title='bbox 275 1437 436 1496; x_wconf 85' lang='lat' dir='ltr'>transumpto</span> <span class='ocrx_word' id='word_1_63' title='bbox 454 1430 561 1497; x_wconf 85' lang='lat' dir='ltr'>capituli</span> <span class='ocrx_word' id='word_1_64' title='bbox 581 1430 682 1493; x_wconf 82' lang='lat' dir='ltr'>zagrab.</span> <span class='ocrx_word' id='word_1_65' title='bbox 702 1430 771 1480; x_wconf 83' lang='lat' dir='ltr'>sacto</span> <span class='ocrx_word' id='word_1_66' title='bbox 798 1442 865 1477; x_wconf 90' lang='lat' dir='ltr'>anno</span> <span class='ocrx_word' id='word_1_67' title='bbox 895 1441 969 1493; x_wconf 82' lang='lat'>1520.</span> <span class='ocrx_word' id='word_1_68' title='bbox 999 1431 1031 1478; x_wconf 91' lang='lat' dir='ltr'>In</span> <span class='ocrx_word' id='word_1_69' title='bbox 1058 1428 1169 1478; x_wconf 80' lang='lat' dir='ltr'>archivo</span> <span class='ocrx_word' id='word_1_70' title='bbox 1195 1445 1251 1480; x_wconf 88' lang='lat' dir='ltr'>ven.</span> <span class='ocrx_word' id='word_1_71' title='bbox 1281 1427 1396 1493; x_wconf 88' lang='lat' dir='ltr'>Capituli</span> 
     </span>
     <span class='ocr_line' id='line_1_10' title="bbox 131 1519 807 1585; baseline -0.003 -15"><span class='ocrx_word' id='word_1_72' title='bbox 131 1522 308 1584; x_wconf 73' lang='lat' dir='ltr'>ugrabiensis.</span> <span class='ocrx_word' id='word_1_73' title='bbox 327 1520 390 1570; x_wconf 77' lang='lat' dir='ltr'>Act.</span> <span class='ocrx_word' id='word_1_74' title='bbox 410 1519 473 1585; x_wconf 86' lang='lat' dir='ltr'>Cap.</span> <span class='ocrx_word' id='word_1_75' title='bbox 492 1526 544 1570; x_wconf 81' lang='lat' dir='ltr'>nni.</span> <span class='ocrx_word' id='word_1_76' title='bbox 564 1521 625 1570; x_wconf 80' lang='lat' dir='ltr'>fasc.</span> <span class='ocrx_word' id='word_1_77' title='bbox 646 1519 688 1583; x_wconf 85' lang='lat'>76.</span> <span class='ocrx_word' id='word_1_78' title='bbox 709 1534 746 1568; x_wconf 90' lang='lat' dir='ltr'>nr.</span> <span class='ocrx_word' id='word_1_79' title='bbox 767 1531 807 1580; x_wconf 81' lang='lat'>34.</span> 
     </span>
    </p>
   </div>
   <div class='ocr_carea' id='block_1_3' title="bbox 743 1714 779 1779">
    <p class='ocr_par' dir='ltr' id='par_1_3' title="bbox 743 1714 779 1779">
     <span class='ocr_line' id='line_1_11' title="bbox 743 1714 779 1779; baseline 0 0"><span class='ocrx_word' id='word_1_80' title='bbox 743 1714 779 1779; x_wconf 78' lang='lat'>3.</span> 
     </span>
    </p>
   </div>
   <div class='ocr_carea' id='block_1_4' title="bbox 229 1853 752 1919">
    <p class='ocr_par' dir='ltr' id='par_1_4' title="bbox 229 1853 752 1919">
     <span class='ocr_line' id='line_1_12' title="bbox 229 1853 752 1919; baseline -0.004 -13"><span class='ocrx_word' id='word_1_81' title='bbox 229 1858 313 1906; x_wconf 89' lang='lat' dir='ltr'>Anno</span> <span class='ocrx_word' id='word_1_82' title='bbox 334 1867 409 1919; x_wconf 84' lang='lat'>1401,</span> <span class='ocrx_word' id='word_1_83' title='bbox 432 1868 441 1905; x_wconf 93' lang='grc' dir='ltr'>ι</span> <span class='ocrx_word' id='word_1_84' title='bbox 447 1867 471 1918; x_wconf 86' lang='lat'>3.</span> <span class='ocrx_word' id='word_1_85' title='bbox 490 1856 584 1907; x_wconf 84' lang='lat' dir='ltr'>martii.</span> <span class='ocrx_word' id='word_1_86' title='bbox 603 1853 752 1918; x_wconf 83' lang='lat' dir='ltr'>Zagrabiae.</span> 
     </span>
    </p>
   </div>
   <div class='ocr_carea' id='block_1_5' title="bbox 92 1964 1396 2169">
    <p class='ocr_par' dir='ltr' id='par_1_5' title="bbox 92 1964 1396 2169">
     <span class='ocr_line' id='line_1_13' title="bbox 106 1964 1395 2054; baseline -0.006 -10"><span class='ocrx_word' id='word_1_87' title='bbox 106 1979 326 2044; x_wconf 62' lang='lat' dir='ltr'>communitas</span> <span class='ocrx_word' id='word_1_88' title='bbox 355 1984 480 2040; x_wconf 79' lang='lat' dir='ltr'>civitatis</span> <span class='ocrx_word' id='word_1_89' title='bbox 504 1964 614 2040; x_wconf 35' lang='lat' dir='ltr'>montis·</span> <span class='ocrx_word' id='word_1_90' title='bbox 636 1980 791 2041; x_wconf 81' lang='lat' dir='ltr'>Grecensis</span> <span class='ocrx_word' id='word_1_91' title='bbox 815 1999 911 2038; x_wconf 81' lang='lat' dir='ltr'>coram</span> <span class='ocrx_word' id='word_1_92' title='bbox 935 1983 1061 2054; x_wconf 81' lang='lat' dir='ltr'>capitulo</span> <span class='ocrx_word' id='word_1_93' title='bbox 1084 1981 1274 2054; x_wconf 79' lang='lat' dir='ltr'>zagrabiensi</span> <span class='ocrx_word' id='word_1_94' title='bbox 1294 1988 1395 2037; x_wconf 78' lang='lat' dir='ltr'>contra</span> 
     </span>
     <span class='ocr_line' id='line_1_14' title="bbox 92 2082 1396 2169; baseline -0.005 -21"><span class='ocrx_word' id='word_1_95' title='bbox 92 2082 347 2169; x_wconf 59' lang='lat' dir='ltr'>Saegismundum</span> <span class='ocrx_word' id='word_1_96' title='bbox 371 2107 464 2164; x_wconf 79' lang='lat' dir='ltr'>regem</span> <span class='ocrx_word' id='word_1_97' title='bbox 487 2089 521 2147; x_wconf 82' lang='lat' dir='ltr'>de</span> <span class='ocrx_word' id='word_1_98' title='bbox 536 2088 767 2163; x_wconf 72' lang='lat' dir='ltr'>possessionibus</span> <span class='ocrx_word' id='word_1_99' title='bbox 788 2088 907 2145; x_wconf 63' lang='lat' dir='ltr'>Hrafca</span> <span class='ocrx_word' id='word_1_100' title='bbox 930 2095 959 2144; x_wconf 79' lang='lat' dir='ltr'>et</span> <span class='ocrx_word' id='word_1_101' title='bbox 979 2088 1148 2157; x_wconf 82' lang='lat' dir='ltr'>Pclrovina,</span> <span class='ocrx_word' id='word_1_102' title='bbox 1164 2106 1238 2161; x_wconf 79' lang='lat' dir='ltr'>quoe</span> <span class='ocrx_word' id='word_1_103' title='bbox 1253 2085 1396 2145; x_wconf 82' lang='lat' dir='ltr'>nobilibus</span> 
     </span>
    </p>
   </div>
   <div class='ocr_carea' id='block_1_6' title="bbox 466 2194 1055 2263">
    <p class='ocr_par' dir='ltr' id='par_1_6' title="bbox 466 2194 1055 2263">
     <span class='ocr_line' id='line_1_15' title="bbox 466 2194 1055 2263; baseline -0.002 -11"><span class='ocrx_word' id='word_1_104' title='bbox 466 2196 500 2253; x_wconf 84' lang='lat' dir='ltr'>de</span> <span class='ocrx_word' id='word_1_105' title='bbox 524 2194 619 2253; x_wconf 77' lang='lat' dir='ltr'>Susccl</span> <span class='ocrx_word' id='word_1_106' title='bbox 638 2195 813 2255; x_wconf 77' lang='lat' dir='ltr'>condonatae</span> <span class='ocrx_word' id='word_1_107' title='bbox 835 2203 911 2263; x_wconf 81' lang='lat' dir='ltr'>sunt,</span> <span class='ocrx_word' id='word_1_108' title='bbox 934 2202 1055 2252; x_wconf 83' lang='lat' dir='ltr'>recusat.</span> 
     </span>
    </p>
   </div>
   <div class='ocr_carea' id='block_1_7' title="bbox 71 2353 1395 4978">
    <p class='ocr_par' dir='ltr' id='par_1_7' title="bbox 71 2353 1395 4349">
     <span class='ocr_line' id='line_1_16' title="bbox 229 2353 1395 2430; baseline -0.002 -16"><span class='ocrx_word' id='word_1_109' title='bbox 229 2356 296 2414; x_wconf 87' lang='lat' dir='ltr'>Nos</span> <span class='ocrx_word' id='word_1_110' title='bbox 320 2357 495 2430; x_wconf 89' lang='lat' dir='ltr'>capitulum</span> <span class='ocrx_word' id='word_1_111' title='bbox 519 2357 647 2415; x_wconf 86' lang='lat' dir='ltr'>ecclesie</span> <span class='ocrx_word' id='word_1_112' title='bbox 666 2357 875 2429; x_wconf 88' lang='lat' dir='ltr'>zagrabiensis</span> <span class='ocrx_word' id='word_1_113' title='bbox 898 2357 1049 2414; x_wconf 90' lang='lat' dir='ltr'>memorie</span> <span class='ocrx_word' id='word_1_114' title='bbox 1073 2353 1333 2413; x_wconf 86' lang='lat' dir='ltr'>commendamus</span> <span class='ocrx_word' id='word_1_115' title='bbox 1353 2359 1395 2412; x_wconf 88' lang='lat' dir='ltr'>te-</span> 
     </span>
     <span class='ocr_line' id='line_1_17' title="bbox 88 2461 1391 2539; baseline -0.006 -13"><span class='ocrx_word' id='word_1_116' title='bbox 88 2474 200 2527; x_wconf 70' lang='lat' dir='ltr'>nore</span> <span class='ocrx_word' id='word_1_117' title='bbox 222 2464 423 2539; x_wconf 88' lang='lat' dir='ltr'>presencium</span> <span class='ocrx_word' id='word_1_118' title='bbox 447 2464 560 2536; x_wconf 90' lang='lat' dir='ltr'>quibus</span> <span class='ocrx_word' id='word_1_119' title='bbox 583 2462 710 2537; x_wconf 80' lang='lat' dir='ltr'>expedit</span> <span class='ocrx_word' id='word_1_120' title='bbox 739 2464 906 2520; x_wconf 80' lang='lat' dir='ltr'>universis:</span> <span class='ocrx_word' id='word_1_121' title='bbox 931 2462 1016 2535; x_wconf 93' lang='lat' dir='ltr'>quod</span> <span class='ocrx_word' id='word_1_122' title='bbox 1047 2461 1172 2535; x_wconf 88' lang='lat' dir='ltr'>providi</span> <span class='ocrx_word' id='word_1_123' title='bbox 1200 2466 1229 2518; x_wconf 91' lang='lat' dir='ltr'>et</span> <span class='ocrx_word' id='word_1_124' title='bbox 1261 2462 1391 2518; x_wconf 89' lang='lat' dir='ltr'>circum-</span> 
     </span>
     <span class='ocr_line' id='line_1_18' title="bbox 83 2567 1389 2653; baseline -0.001 -28"><span class='ocrx_word' id='word_1_125' title='bbox 83 2573 224 2651; x_wconf 76' lang='lat' dir='ltr'>specti</span> <span class='ocrx_word' id='word_1_126' title='bbox 251 2571 313 2628; x_wconf 87' lang='lat' dir='ltr'>viri</span> <span class='ocrx_word' id='word_1_127' title='bbox 334 2570 499 2653; x_wconf 83' lang='lat' dir='ltr'>Johannes,</span> <span class='ocrx_word' id='word_1_128' title='bbox 523 2569 608 2627; x_wconf 90' lang='lat' dir='ltr'>filius</span> <span class='ocrx_word' id='word_1_129' title='bbox 630 2570 739 2653; x_wconf 88' lang='lat' dir='ltr'>Jacobi</span> <span class='ocrx_word' id='word_1_130' title='bbox 762 2569 837 2627; x_wconf 92' lang='lat' dir='ltr'>dicti</span> <span class='ocrx_word' id='word_1_131' title='bbox 860 2570 964 2640; x_wconf 88' lang='lat' dir='ltr'>Bolye,</span> <span class='ocrx_word' id='word_1_132' title='bbox 984 2574 1013 2625; x_wconf 87' lang='lat' dir='ltr'>et</span> <span class='ocrx_word' id='word_1_133' title='bbox 1031 2569 1110 2625; x_wconf 90' lang='lat' dir='ltr'>alter</span> <span class='ocrx_word' id='word_1_134' title='bbox 1124 2568 1287 2650; x_wconf 87' lang='lat' dir='ltr'>Johannes,</span> <span class='ocrx_word' id='word_1_135' title='bbox 1304 2567 1389 2624; x_wconf 88' lang='lat' dir='ltr'>filius</span> 
     </span>
     <span class='ocr_line' id='line_1_19' title="bbox 71 2668 1394 2753; baseline -0.002 -20"><span class='ocrx_word' id='word_1_136' title='bbox 71 2668 273 2753; x_wconf 77' lang='lat' dir='ltr'>Stephani</span> <span class='ocrx_word' id='word_1_137' title='bbox 297 2674 335 2732; x_wconf 90' lang='lat' dir='ltr'>de</span> <span class='ocrx_word' id='word_1_138' title='bbox 359 2675 480 2746; x_wconf 79' lang='lat' dir='ltr'>BozoW,</span> <span class='ocrx_word' id='word_1_139' title='bbox 505 2677 592 2748; x_wconf 93' lang='lat' dir='ltr'>olym</span> <span class='ocrx_word' id='word_1_140' title='bbox 622 2674 750 2751; x_wconf 88' lang='lat' dir='ltr'>judices,</span> <span class='ocrx_word' id='word_1_141' title='bbox 781 2677 864 2733; x_wconf 89' lang='lat' dir='ltr'>cives</span> <span class='ocrx_word' id='word_1_142' title='bbox 895 2675 1028 2732; x_wconf 89' lang='lat' dir='ltr'>civitatis</span> <span class='ocrx_word' id='word_1_143' title='bbox 1052 2674 1165 2730; x_wconf 88' lang='lat' dir='ltr'>montis</span> <span class='ocrx_word' id='word_1_144' title='bbox 1198 2672 1394 2745; x_wconf 87' lang='lat' dir='ltr'>Grechensis,</span> 
     </span>
     <span class='ocr_line' id='line_1_20' title="bbox 79 2777 1394 2858; baseline -0.002 -21"><span class='ocrx_word' id='word_1_145' title='bbox 79 2777 140 2846; x_wconf 70' lang='lat' dir='ltr'>in</span> <span class='ocrx_word' id='word_1_146' title='bbox 170 2786 324 2858; x_wconf 89' lang='lat' dir='ltr'>ipsorum</span> <span class='ocrx_word' id='word_1_147' title='bbox 347 2796 382 2839; x_wconf 92' lang='lat' dir='ltr'>ac</span> <span class='ocrx_word' id='word_1_148' title='bbox 404 2778 523 2856; x_wconf 91' lang='lat' dir='ltr'>judicis,</span> <span class='ocrx_word' id='word_1_149' title='bbox 545 2779 719 2857; x_wconf 88' lang='lat' dir='ltr'>juratorum</span> <span class='ocrx_word' id='word_1_150' title='bbox 742 2791 772 2839; x_wconf 90' lang='lat' dir='ltr'>et</span> <span class='ocrx_word' id='word_1_151' title='bbox 794 2783 1014 2839; x_wconf 87' lang='lat' dir='ltr'>universorum</span> <span class='ocrx_word' id='word_1_152' title='bbox 1030 2780 1146 2837; x_wconf 87' lang='lat' dir='ltr'>civium</span> <span class='ocrx_word' id='word_1_153' title='bbox 1163 2779 1302 2836; x_wconf 90' lang='lat' dir='ltr'>eiusdem</span> <span class='ocrx_word' id='word_1_154' title='bbox 1319 2779 1394 2836; x_wconf 87' lang='lat' dir='ltr'>civi·</span> 
     </span>
     <span class='ocr_line' id='line_1_21' title="bbox 83 2884 1394 2962; baseline -0.004 -16"><span class='ocrx_word' id='word_1_155' title='bbox 83 2892 195 2952; x_wconf 76' lang='lat' dir='ltr'>tatis</span> <span class='ocrx_word' id='word_1_156' title='bbox 222 2888 367 2962; x_wconf 88' lang='lat' dir='ltr'>personis</span> <span class='ocrx_word' id='word_1_157' title='bbox 389 2888 595 2961; x_wconf 86' lang='lat' dir='ltr'>personaliter</span> <span class='ocrx_word' id='word_1_158' title='bbox 618 2903 723 2946; x_wconf 90' lang='lat' dir='ltr'>coram</span> <span class='ocrx_word' id='word_1_159' title='bbox 747 2889 837 2946; x_wconf 89' lang='lat' dir='ltr'>nobis</span> <span class='ocrx_word' id='word_1_160' title='bbox 861 2885 1069 2960; x_wconf 90' lang='lat' dir='ltr'>comparendo</span> <span class='ocrx_word' id='word_1_161' title='bbox 1093 2901 1149 2959; x_wconf 90' lang='lat' dir='ltr'>per</span> <span class='ocrx_word' id='word_1_162' title='bbox 1172 2884 1302 2942; x_wconf 92' lang='lat' dir='ltr'>modum</span> <span class='ocrx_word' id='word_1_163' title='bbox 1318 2900 1394 2958; x_wconf 92' lang='lat' dir='ltr'>pro-</span> 
     </span>
     <span class='ocr_line' id='line_1_22' title="bbox 82 2991 1394 3068; baseline -0.004 -16"><span class='ocrx_word' id='word_1_164' title='bbox 82 2994 304 3058; x_wconf 81' lang='lat' dir='ltr'>testacionis</span> <span class='ocrx_word' id='word_1_165' title='bbox 328 3003 357 3051; x_wconf 93' lang='lat' dir='ltr'>et</span> <span class='ocrx_word' id='word_1_166' title='bbox 380 2994 605 3068; x_wconf 89' lang='lat' dir='ltr'>prohibicionis</span> <span class='ocrx_word' id='word_1_167' title='bbox 635 2995 725 3052; x_wconf 92' lang='lat' dir='ltr'>nobis</span> <span class='ocrx_word' id='word_1_168' title='bbox 756 2994 930 3067; x_wconf 86' lang='lat' dir='ltr'>significare</span> <span class='ocrx_word' id='word_1_169' title='bbox 962 2997 1155 3063; x_wconf 85' lang='lat' dir='ltr'>curaverunt,</span> <span class='ocrx_word' id='word_1_170' title='bbox 1187 2991 1270 3063; x_wconf 90' lang='lat' dir='ltr'>quod</span> <span class='ocrx_word' id='word_1_171' title='bbox 1301 2995 1394 3063; x_wconf 90' lang='lat' dir='ltr'>prout</span> 
     </span>
     <span class='ocr_line' id='line_1_23' title="bbox 82 3097 1393 3180; baseline -0.004 -23"><span class='ocrx_word' id='word_1_172' title='bbox 82 3097 178 3180; x_wconf 84' lang='lat' dir='ltr'>ipsi</span> <span class='ocrx_word' id='word_1_173' title='bbox 208 3099 315 3175; x_wconf 87' lang='lat' dir='ltr'>judex,</span> <span class='ocrx_word' id='word_1_174' title='bbox 337 3098 431 3175; x_wconf 88' lang='lat' dir='ltr'>jurati</span> <span class='ocrx_word' id='word_1_175' title='bbox 454 3115 490 3157; x_wconf 89' lang='lat' dir='ltr'>ac</span> <span class='ocrx_word' id='word_1_176' title='bbox 512 3100 649 3157; x_wconf 88' lang='lat' dir='ltr'>universi</span> <span class='ocrx_word' id='word_1_177' title='bbox 672 3101 756 3158; x_wconf 86' lang='lat' dir='ltr'>cives</span> <span class='ocrx_word' id='word_1_178' title='bbox 788 3099 867 3158; x_wconf 89' lang='lat' dir='ltr'>dicte</span> <span class='ocrx_word' id='word_1_179' title='bbox 899 3099 1033 3157; x_wconf 82' lang='lat' dir='ltr'>civitatis</span> <span class='ocrx_word' id='word_1_180' title='bbox 1064 3099 1281 3171; x_wconf 82' lang='lat' dir='ltr'>percepissent,</span> <span class='ocrx_word' id='word_1_181' title='bbox 1312 3112 1393 3153; x_wconf 92' lang='lat' dir='ltr'>sere-</span> 
     </span>
     <span class='ocr_line' id='line_1_24' title="bbox 90 3201 1392 3278; baseline -0.009 -8"><span class='ocrx_word' id='word_1_182' title='bbox 90 3208 276 3269; x_wconf 81' lang='lat' dir='ltr'>nissimus</span> <span class='ocrx_word' id='word_1_183' title='bbox 299 3206 444 3278; x_wconf 89' lang='lat' dir='ltr'>princeps</span> <span class='ocrx_word' id='word_1_184' title='bbox 466 3212 497 3263; x_wconf 88' lang='lat' dir='ltr'>et</span> <span class='ocrx_word' id='word_1_185' title='bbox 519 3205 664 3263; x_wconf 91' lang='lat' dir='ltr'>dominus</span> <span class='ocrx_word' id='word_1_186' title='bbox 687 3213 791 3263; x_wconf 90' lang='lat' dir='ltr'>noster</span> <span class='ocrx_word' id='word_1_187' title='bbox 813 3205 974 3275; x_wconf 82' lang='lat' dir='ltr'>naturalis,</span> <span class='ocrx_word' id='word_1_188' title='bbox 998 3205 1142 3261; x_wconf 89' lang='lat' dir='ltr'>dominus</span> <span class='ocrx_word' id='word_1_189' title='bbox 1166 3201 1392 3275; x_wconf 78' lang='lat' dir='ltr'>sigismundus,</span> 
     </span>
     <span class='ocr_line' id='line_1_25' title="bbox 77 3307 1392 3386; baseline -0.008 -11"><span class='ocrx_word' id='word_1_190' title='bbox 77 3310 163 3375; x_wconf 75' lang='lat' dir='ltr'>dei</span> <span class='ocrx_word' id='word_1_191' title='bbox 192 3313 301 3386; x_wconf 84' lang='lat' dir='ltr'>gracia</span> <span class='ocrx_word' id='word_1_192' title='bbox 323 3327 379 3370; x_wconf 86' lang='lat' dir='ltr'>rex</span> <span class='ocrx_word' id='word_1_193' title='bbox 401 3312 569 3384; x_wconf 84' lang='lat' dir='ltr'>Hungarie,</span> <span class='ocrx_word' id='word_1_194' title='bbox 602 3311 763 3369; x_wconf 89' lang='lat' dir='ltr'>Dalmacie</span> <span class='ocrx_word' id='word_1_195' title='bbox 788 3317 818 3368; x_wconf 86' lang='lat' dir='ltr'>et</span> <span class='ocrx_word' id='word_1_196' title='bbox 848 3311 976 3368; x_wconf 85' lang='lat' dir='ltr'>croacie</span> <span class='ocrx_word' id='word_1_197' title='bbox 1010 3317 1064 3368; x_wconf 89' lang='lat' dir='ltr'>etc.</span> <span class='ocrx_word' id='word_1_198' title='bbox 1099 3325 1216 3367; x_wconf 89' lang='lat' dir='ltr'>necnon</span> <span class='ocrx_word' id='word_1_199' title='bbox 1252 3307 1392 3365; x_wconf 88' lang='lat' dir='ltr'>marchio</span> 
     </span>
     <span class='ocr_line' id='line_1_26' title="bbox 96 3414 1392 3491; baseline -0.009 -10"><span class='ocrx_word' id='word_1_200' title='bbox 96 3417 437 3489; x_wconf 81' lang='lat' dir='ltr'>Brandenburgensis</span> <span class='ocrx_word' id='word_1_201' title='bbox 471 3423 527 3475; x_wconf 88' lang='lat' dir='ltr'>etc.</span> <span class='ocrx_word' id='word_1_202' title='bbox 562 3418 713 3491; x_wconf 86' lang='lat' dir='ltr'>quasdam</span> <span class='ocrx_word' id='word_1_203' title='bbox 748 3417 824 3475; x_wconf 89' lang='lat' dir='ltr'>duas</span> <span class='ocrx_word' id='word_1_204' title='bbox 858 3418 951 3474; x_wconf 88' lang='lat' dir='ltr'>villas</span> <span class='ocrx_word' id='word_1_205' title='bbox 986 3417 1160 3487; x_wconf 89' lang='lat' dir='ltr'>Petrouyna</span> <span class='ocrx_word' id='word_1_206' title='bbox 1191 3421 1221 3473; x_wconf 85' lang='lat' dir='ltr'>et</span> <span class='ocrx_word' id='word_1_207' title='bbox 1252 3414 1392 3472; x_wconf 91' lang='lat' dir='ltr'>Hrascha</span> 
     </span>
     <span class='ocr_line' id='line_1_27' title="bbox 88 3520 1392 3602; baseline -0.008 -17"><span class='ocrx_word' id='word_1_208' title='bbox 88 3525 313 3602; x_wconf 70' lang='lat' dir='ltr'>appellatas,</span> <span class='ocrx_word' id='word_1_209' title='bbox 337 3538 372 3581; x_wconf 91' lang='lat' dir='ltr'>ac</span> <span class='ocrx_word' id='word_1_210' title='bbox 395 3538 490 3581; x_wconf 90' lang='lat' dir='ltr'>unam</span> <span class='ocrx_word' id='word_1_211' title='bbox 514 3524 740 3598; x_wconf 87' lang='lat' dir='ltr'>possessionem</span> <span class='ocrx_word' id='word_1_212' title='bbox 764 3522 973 3595; x_wconf 83' lang='lat' dir='ltr'>Sylyakouina</span> <span class='ocrx_word' id='word_1_213' title='bbox 1009 3528 1153 3579; x_wconf 85' lang='lat' dir='ltr'>vocatam</span> <span class='ocrx_word' id='word_1_214' title='bbox 1182 3522 1211 3579; x_wconf 95' lang='lat' dir='ltr'>in</span> <span class='ocrx_word' id='word_1_215' title='bbox 1244 3520 1392 3577; x_wconf 88' lang='lat' dir='ltr'>comitatu</span> 
     </span>
     <span class='ocr_line' id='line_1_28' title="bbox 88 3628 1391 3706; baseline -0.008 -14"><span class='ocrx_word' id='word_1_216' title='bbox 88 3629 318 3706; x_wconf 77' lang='lat' dir='ltr'>zagrabiensi</span> <span class='ocrx_word' id='word_1_217' title='bbox 342 3630 464 3687; x_wconf 88' lang='lat' dir='ltr'>habitas</span> <span class='ocrx_word' id='word_1_218' title='bbox 488 3636 519 3687; x_wconf 89' lang='lat' dir='ltr'>et</span> <span class='ocrx_word' id='word_1_219' title='bbox 541 3630 713 3702; x_wconf 83' lang='lat' dir='ltr'>existentes,</span> <span class='ocrx_word' id='word_1_220' title='bbox 739 3630 911 3687; x_wconf 89' lang='lat' dir='ltr'>venerabili</span> <span class='ocrx_word' id='word_1_221' title='bbox 935 3630 1003 3687; x_wconf 91' lang='lat' dir='ltr'>viro</span> <span class='ocrx_word' id='word_1_222' title='bbox 1020 3629 1147 3686; x_wconf 92' lang='lat' dir='ltr'>domino</span> <span class='ocrx_word' id='word_1_223' title='bbox 1165 3628 1391 3699; x_wconf 71' lang='lat' dir='ltr'>christophoro</span> 
     </span>
     <span class='ocr_line' id='line_1_29' title="bbox 95 3727 1392 3813; baseline -0.008 -15"><span class='ocrx_word' id='word_1_224' title='bbox 95 3727 289 3813; x_wconf 67' lang='lat' dir='ltr'>preposito</span> <span class='ocrx_word' id='word_1_225' title='bbox 312 3736 351 3793; x_wconf 97' lang='lat' dir='ltr'>de</span> <span class='ocrx_word' id='word_1_226' title='bbox 375 3734 558 3809; x_wconf 83' lang='lat' dir='ltr'>Glogoncha</span> <span class='ocrx_word' id='word_1_227' title='bbox 582 3744 612 3793; x_wconf 90' lang='lat' dir='ltr'>et</span> <span class='ocrx_word' id='word_1_228' title='bbox 635 3738 785 3809; x_wconf 86' lang='lat' dir='ltr'>magistro</span> <span class='ocrx_word' id='word_1_229' title='bbox 816 3736 952 3806; x_wconf 85' lang='lat' dir='ltr'>Nicolao,</span> <span class='ocrx_word' id='word_1_230' title='bbox 987 3735 1061 3791; x_wconf 88' lang='lat' dir='ltr'>filiis</span> <span class='ocrx_word' id='word_1_231' title='bbox 1097 3735 1226 3791; x_wconf 88' lang='lat' dir='ltr'>condam</span> <span class='ocrx_word' id='word_1_232' title='bbox 1263 3732 1392 3803; x_wconf 89' lang='lat' dir='ltr'>Nicolai,</span> 
     </span>
     <span class='ocr_line' id='line_1_30' title="bbox 98 3840 1391 3912; baseline -0.006 -8"><span class='ocrx_word' id='word_1_233' title='bbox 98 3843 201 3904; x_wconf 81' lang='lat' dir='ltr'>dicti</span> <span class='ocrx_word' id='word_1_234' title='bbox 237 3840 341 3899; x_wconf 87' lang='lat' dir='ltr'>Thoth</span> <span class='ocrx_word' id='word_1_235' title='bbox 375 3840 414 3898; x_wconf 91' lang='lat' dir='ltr'>de</span> <span class='ocrx_word' id='word_1_236' title='bbox 448 3840 659 3900; x_wconf 87' lang='lat' dir='ltr'>Zwmzedwar</span> <span class='ocrx_word' id='word_1_237' title='bbox 693 3841 845 3912; x_wconf 89' lang='lat' dir='ltr'>donasset,</span> <span class='ocrx_word' id='word_1_238' title='bbox 883 3842 1062 3898; x_wconf 87' lang='lat' dir='ltr'>contulisset</span> <span class='ocrx_word' id='word_1_239' title='bbox 1093 3845 1185 3912; x_wconf 88' lang='lat' dir='ltr'>atque</span> <span class='ocrx_word' id='word_1_240' title='bbox 1206 3843 1391 3912; x_wconf 89' lang='lat' dir='ltr'>perpetuare</span> 
     </span>
     <span class='ocr_line' id='line_1_31' title="bbox 95 3943 1392 4022; baseline -0.005 -15"><span class='ocrx_word' id='word_1_241' title='bbox 95 3949 223 4009; x_wconf 70' lang='lat' dir='ltr'>vellet</span> <span class='ocrx_word' id='word_1_242' title='bbox 258 3952 289 4003; x_wconf 87' lang='lat' dir='ltr'>et</span> <span class='ocrx_word' id='word_1_243' title='bbox 321 3947 472 4005; x_wconf 91' lang='lat' dir='ltr'>niteretur</span> <span class='ocrx_word' id='word_1_244' title='bbox 505 3948 537 4006; x_wconf 92' lang='lat' dir='ltr'>in</span> <span class='ocrx_word' id='word_1_245' title='bbox 571 3947 688 4021; x_wconf 80' lang='lat' dir='ltr'>grande</span> <span class='ocrx_word' id='word_1_246' title='bbox 720 3947 927 4021; x_wconf 89' lang='lat' dir='ltr'>preludicium</span> <span class='ocrx_word' id='word_1_247' title='bbox 960 3946 1036 4022; x_wconf 84' lang='lat' dir='ltr'>juris</span> <span class='ocrx_word' id='word_1_248' title='bbox 1066 3944 1185 4021; x_wconf 89' lang='lat' dir='ltr'>judicis,</span> <span class='ocrx_word' id='word_1_249' title='bbox 1217 3943 1392 4020; x_wconf 88' lang='lat' dir='ltr'>juratorum</span> 
     </span>
     <span class='ocr_line' id='line_1_32' title="bbox 94 4052 1390 4128; baseline -0.004 -13"><span class='ocrx_word' id='word_1_250' title='bbox 94 4067 151 4115; x_wconf 73' lang='lat' dir='ltr'>ac</span> <span class='ocrx_word' id='word_1_251' title='bbox 176 4054 401 4112; x_wconf 86' lang='lat' dir='ltr'>universorum</span> <span class='ocrx_word' id='word_1_252' title='bbox 425 4053 541 4111; x_wconf 82' lang='lat' dir='ltr'>civium</span> <span class='ocrx_word' id='word_1_253' title='bbox 553 4055 842 4128; x_wconf 89' lang='lat' dir='ltr'>prenominatorum</span> <span class='ocrx_word' id='word_1_254' title='bbox 860 4060 889 4111; x_wconf 88' lang='lat' dir='ltr'>et</span> <span class='ocrx_word' id='word_1_255' title='bbox 905 4052 1105 4127; x_wconf 88' lang='lat' dir='ltr'>dispendium</span> <span class='ocrx_word' id='word_1_256' title='bbox 1126 4052 1215 4108; x_wconf 83' lang='lat' dir='ltr'>valde</span> <span class='ocrx_word' id='word_1_257' title='bbox 1231 4066 1390 4124; x_wconf 84' lang='lat' dir='ltr'>magnum.</span> 
     </span>
     <span class='ocr_line' id='line_1_33' title="bbox 103 4156 1391 4242; baseline -0.005 -20"><span class='ocrx_word' id='word_1_258' title='bbox 103 4156 215 4222; x_wconf 80' lang='lat' dir='ltr'>Unde</span> <span class='ocrx_word' id='word_1_259' title='bbox 239 4157 321 4216; x_wconf 87' lang='lat' dir='ltr'>facta</span> <span class='ocrx_word' id='word_1_260' title='bbox 342 4158 524 4218; x_wconf 87' lang='lat' dir='ltr'>huiusmodi</span> <span class='ocrx_word' id='word_1_261' title='bbox 547 4161 771 4234; x_wconf 88' lang='lat' dir='ltr'>protestacione</span> <span class='ocrx_word' id='word_1_262' title='bbox 795 4159 890 4217; x_wconf 90' lang='lat' dir='ltr'>iidem</span> <span class='ocrx_word' id='word_1_263' title='bbox 910 4160 1074 4242; x_wconf 87' lang='lat' dir='ltr'>Johannes,</span> <span class='ocrx_word' id='word_1_264' title='bbox 1106 4158 1190 4216; x_wconf 90' lang='lat' dir='ltr'>iilius</span> <span class='ocrx_word' id='word_1_265' title='bbox 1220 4157 1330 4240; x_wconf 89' lang='lat' dir='ltr'>Jacobi</span> <span class='ocrx_word' id='word_1_266' title='bbox 1361 4164 1391 4216; x_wconf 88' lang='lat' dir='ltr'>et</span> 
     </span>
     <span class='ocr_line' id='line_1_34' title="bbox 104 4263 1391 4349; baseline -0.005 -24"><span class='ocrx_word' id='word_1_267' title='bbox 104 4269 202 4325; x_wconf 80' lang='lat' dir='ltr'>alter</span> <span class='ocrx_word' id='word_1_268' title='bbox 225 4264 392 4349; x_wconf 84' lang='lat' dir='ltr'>Johannes,</span> <span class='ocrx_word' id='word_1_269' title='bbox 414 4263 500 4322; x_wconf 92' lang='lat' dir='ltr'>filius</span> <span class='ocrx_word' id='word_1_270' title='bbox 523 4264 681 4339; x_wconf 87' lang='lat' dir='ltr'>Stephani,</span> <span class='ocrx_word' id='word_1_271' title='bbox 704 4264 830 4342; x_wconf 89' lang='lat' dir='ltr'>judices,</span> <span class='ocrx_word' id='word_1_272' title='bbox 854 4280 981 4323; x_wconf 90' lang='lat' dir='ltr'>suorum</span> <span class='ocrx_word' id='word_1_273' title='bbox 1006 4271 1037 4322; x_wconf 91' lang='lat' dir='ltr'>et</span> <span class='ocrx_word' id='word_1_274' title='bbox 1052 4264 1238 4335; x_wconf 87' lang='lat' dir='ltr'>nominibus,</span> <span class='ocrx_word' id='word_1_275' title='bbox 1256 4268 1391 4335; x_wconf 88' lang='lat' dir='ltr'>quorum</span> 
     </span>
    </p>

    <p class='ocr_par' dir='ltr' id='par_1_8' title="bbox 111 4370 1390 4978">
     <span class='ocr_line' id='line_1_35' title="bbox 111 4370 1388 4446; baseline -0.002 -17"><span class='ocrx_word' id='word_1_276' title='bbox 111 4386 227 4446; x_wconf 88' lang='lat' dir='ltr'>supra,</span> <span class='ocrx_word' id='word_1_277' title='bbox 252 4371 376 4429; x_wconf 88' lang='lat' dir='ltr'>meliori</span> <span class='ocrx_word' id='word_1_278' title='bbox 399 4370 496 4429; x_wconf 91' lang='lat' dir='ltr'>modo</span> <span class='ocrx_word' id='word_1_279' title='bbox 518 4378 548 4430; x_wconf 87' lang='lat' dir='ltr'>et</span> <span class='ocrx_word' id='word_1_280' title='bbox 572 4371 682 4445; x_wconf 79' lang='lat' dir='ltr'>forma,</span> <span class='ocrx_word' id='word_1_281' title='bbox 705 4373 819 4446; x_wconf 90' lang='lat' dir='ltr'>quibus</span> <span class='ocrx_word' id='word_1_282' title='bbox 843 4372 1009 4429; x_wconf 84' lang='lat' dir='ltr'>valuerunt</span> <span class='ocrx_word' id='word_1_283' title='bbox 1032 4379 1061 4429; x_wconf 90' lang='lat' dir='ltr'>et</span> <span class='ocrx_word' id='word_1_284' title='bbox 1092 4375 1267 4445; x_wconf 88' lang='lat' dir='ltr'>potuerunt,</span> <span class='ocrx_word' id='word_1_285' title='bbox 1294 4384 1388 4427; x_wconf 91' lang='lat' dir='ltr'>anno·</span> 
     </span>
     <span class='ocr_line' id='line_1_36' title="bbox 111 4475 1390 4553; baseline -0.002 -19"><span class='ocrx_word' id='word_1_286' title='bbox 111 4482 219 4536; x_wconf 80' lang='lat' dir='ltr'>tatum</span> <span class='ocrx_word' id='word_1_287' title='bbox 244 4475 408 4535; x_wconf 90' lang='lat' dir='ltr'>dominum</span> <span class='ocrx_word' id='word_1_288' title='bbox 429 4482 572 4536; x_wconf 88' lang='lat' dir='ltr'>nostrum</span> <span class='ocrx_word' id='word_1_289' title='bbox 594 4494 701 4553; x_wconf 81' lang='lat' dir='ltr'>regem</span> <span class='ocrx_word' id='word_1_290' title='bbox 721 4493 739 4535; x_wconf 94' lang='lat' dir='ltr'>a</span> <span class='ocrx_word' id='word_1_291' title='bbox 762 4479 923 4552; x_wconf 89' lang='lat' dir='ltr'>premissis</span> <span class='ocrx_word' id='word_1_292' title='bbox 955 4477 1137 4549; x_wconf 90' lang='lat' dir='ltr'>donacione,</span> <span class='ocrx_word' id='word_1_293' title='bbox 1158 4476 1328 4534; x_wconf 88' lang='lat' dir='ltr'>collacione</span> <span class='ocrx_word' id='word_1_294' title='bbox 1360 4480 1390 4533; x_wconf 89' lang='lat' dir='ltr'>et</span> 
     </span>
     <span class='ocr_line' id='line_1_37' title="bbox 117 4581 1389 4658; baseline -0.004 -16"><span class='ocrx_word' id='word_1_295' title='bbox 117 4583 363 4658; x_wconf 88' lang='lat' dir='ltr'>perpetuacione</span> <span class='ocrx_word' id='word_1_296' title='bbox 394 4585 620 4658; x_wconf 89' lang='lat' dir='ltr'>premissarum</span> <span class='ocrx_word' id='word_1_297' title='bbox 651 4584 785 4644; x_wconf 90' lang='lat' dir='ltr'>duarum</span> <span class='ocrx_word' id='word_1_298' title='bbox 813 4586 964 4644; x_wconf 83' lang='lat' dir='ltr'>villarum</span> <span class='ocrx_word' id='word_1_299' title='bbox 997 4584 1162 4642; x_wconf 88' lang='lat' dir='ltr'>Petrouina</span> <span class='ocrx_word' id='word_1_300' title='bbox 1189 4588 1219 4639; x_wconf 87' lang='lat' dir='ltr'>et</span> <span class='ocrx_word' id='word_1_301' title='bbox 1249 4581 1389 4639; x_wconf 88' lang='lat' dir='ltr'>Hrascha</span> 
     </span>
     <span class='ocr_line' id='line_1_38' title="bbox 118 4685 1389 4764; baseline -0.003 -18"><span class='ocrx_word' id='word_1_302' title='bbox 118 4694 303 4748; x_wconf 81' lang='lat' dir='ltr'>vocatarum</span> <span class='ocrx_word' id='word_1_303' title='bbox 326 4704 362 4748; x_wconf 90' lang='lat' dir='ltr'>ac</span> <span class='ocrx_word' id='word_1_304' title='bbox 385 4690 476 4748; x_wconf 91' lang='lat' dir='ltr'>unius</span> <span class='ocrx_word' id='word_1_305' title='bbox 500 4691 702 4764; x_wconf 87' lang='lat' dir='ltr'>possessionis</span> <span class='ocrx_word' id='word_1_306' title='bbox 724 4691 878 4750; x_wconf 87' lang='lat' dir='ltr'>antedicte</span> <span class='ocrx_word' id='word_1_307' title='bbox 902 4690 1114 4764; x_wconf 86' lang='lat' dir='ltr'>Sylyakovina</span> <span class='ocrx_word' id='word_1_308' title='bbox 1127 4688 1295 4763; x_wconf 89' lang='lat' dir='ltr'>appellate,</span> <span class='ocrx_word' id='word_1_309' title='bbox 1313 4685 1389 4759; x_wconf 89' lang='lat' dir='ltr'>ipsis</span> 
     </span>
     <span class='ocr_line' id='line_1_39' title="bbox 122 4792 1389 4870; baseline -0.004 -18"><span class='ocrx_word' id='word_1_310' title='bbox 122 4793 249 4853; x_wconf 90' lang='lat' dir='ltr'>domino</span> <span class='ocrx_word' id='word_1_311' title='bbox 273 4793 504 4869; x_wconf 81' lang='lat' dir='ltr'>christophoro</span> <span class='ocrx_word' id='word_1_312' title='bbox 527 4797 687 4870; x_wconf 88' lang='lat' dir='ltr'>preposito</span> <span class='ocrx_word' id='word_1_313' title='bbox 711 4802 740 4854; x_wconf 91' lang='lat' dir='ltr'>et</span> <span class='ocrx_word' id='word_1_314' title='bbox 764 4798 913 4870; x_wconf 84' lang='lat' dir='ltr'>magistro</span> <span class='ocrx_word' id='word_1_315' title='bbox 936 4796 1067 4855; x_wconf 90' lang='lat' dir='ltr'>Nicolao</span> <span class='ocrx_word' id='word_1_316' title='bbox 1091 4795 1174 4854; x_wconf 88' lang='lat' dir='ltr'>dicto</span> <span class='ocrx_word' id='word_1_317' title='bbox 1196 4792 1309 4862; x_wconf 90' lang='lat' dir='ltr'>Thoth,</span> <span class='ocrx_word' id='word_1_318' title='bbox 1326 4805 1389 4847; x_wconf 92' lang='lat' dir='ltr'>me·</span> 
     </span>
     <span class='ocr_line' id='line_1_40' title="bbox 123 4896 1389 4978; baseline -0.004 -19"><span class='ocrx_word' id='word_1_319' title='bbox 123 4904 344 4975; x_wconf 82' lang='lat' dir='ltr'>motatumque</span> <span class='ocrx_word' id='word_1_320' title='bbox 367 4898 531 4961; x_wconf 88' lang='lat' dir='ltr'>dominum</span> <span class='ocrx_word' id='word_1_321' title='bbox 554 4902 816 4978; x_wconf 86' lang='lat' dir='ltr'>christophorum</span> <span class='ocrx_word' id='word_1_322' title='bbox 847 4904 1054 4977; x_wconf 88' lang='lat' dir='ltr'>prepositum,</span> <span class='ocrx_word' id='word_1_323' title='bbox 1083 4902 1268 4974; x_wconf 82' lang='lat' dir='ltr'>magistrum</span> <span class='ocrx_word' id='word_1_324' title='bbox 1299 4896 1389 4955; x_wconf 91' lang='lat' dir='ltr'>Nico·</span> 
     </span>
    </p>
   </div>
   <div class='ocr_carea' id='block_1_8' title="bbox 0 0 1660 5348">
    <p class='ocr_par' dir='ltr' id='par_1_9' title="bbox 0 0 1660 5348">
     <span class='ocr_line' id='line_1_41' title="bbox 0 0 1660 5348; baseline 0 0"><span class='ocrx_word' id='word_1_325' title='bbox 0 0 1660 5348; x_wconf 95' lang='lat' dir='ltr'> </span> 
     </span>
    </p>
   </div>
  </div>
 </body>
</html>
