3278 5348
649 409 721 469 Duc.
748 420 813 483 251.
840 442 877 452 -
904 405 995 486 1466.
1386 429 1447 488 309

185 625 302 698 posteri
324 626 471 682 omnibus
501 624 565 683 illis
595 624 794 682 libertatibus
825 634 855 684 et
886 626 1169 698 consvetudinibus,
1193 627 1306 701 quibus
1330 633 1449 685 sutores

185 735 215 787 et
237 730 371 788 artifices
395 730 528 788 aliarum
552 730 724 789 liberarum
747 731 908 790 civitatum
924 741 1101 791 nostrarum
1117 739 1246 791 utuntur
1261 738 1291 791 et
1306 732 1450 806 gaudent,

185 837 298 894 futuris
320 852 445 910 semper
467 837 648 894 successivis
672 838 877 910 temporibus,
911 840 955 896 uti
982 847 1109 913 possent
1139 845 1169 897 et
1199 838 1342 913 gaudere.
1372 838 1448 896 Item

184 943 296 1016 primo,
321 942 405 1015 quod
428 942 489 1016 ipsi
513 957 598 1000 more
622 942 756 1000 aliorum
779 950 920 1002 sutorum
944 951 973 1002 et
996 944 1152 1003 artificum
1176 945 1354 1002 societatem
1379 942 1448 1001 vul-

184 1049 301 1128 gariter
336 1049 409 1106 czeh
443 1047 640 1120 habencium,
672 1063 730 1122 pro
761 1064 794 1107 se
817 1050 916 1107 libere
940 1051 1119 1108 societatem
1143 1049 1244 1108 faeere
1266 1056 1296 1107 et
1318 1050 1449 1123 singulis

183 1155 270 1212 anuis
293 1155 374 1212 iuter
396 1170 429 1212 se
452 1154 604 1212 decanum
628 1155 678 1212 vel
702 1151 887 1228 magistrum
903 1155 1082 1213 huiusmodi
1097 1157 1250 1214 societatis
1266 1156 1450 1213 constituere

184 1261 304 1334 possint
334 1267 363 1318 et
398 1261 530 1332 valeant,
562 1262 615 1334 qui
646 1261 747 1334 ipsam
778 1261 955 1319 societatem
988 1268 1074 1333 regat
1100 1268 1130 1319 et
1160 1262 1319 1320 universas
1343 1277 1449 1319 causas

184 1371 328 1440 pretextu
351 1368 470 1424 arcium
491 1374 521 1424 et
544 1368 691 1424 laborum
713 1368 854 1440 ipsorum
877 1372 907 1423 et
929 1366 1007 1424 alias
1023 1368 1292 1440 qualitercumque
1308 1366 1449 1426 oriendus

183 1472 328 1545 inprimis
363 1472 484 1544 videat,
519 1472 645 1531 dirimat
680 1478 709 1531 et
741 1473 905 1543 discuciat,
940 1479 970 1530 et
1001 1473 1086 1546 quod
1117 1473 1223 1531 nullus
1246 1473 1372 1531 omnino
1394 1474 1449 1531 ho·

184 1578 305 1636 minum
330 1579 414 1652 ipsos
437 1579 489 1636 vel
513 1579 650 1652 aliquem
674 1595 712 1637 ex
742 1579 818 1653 ipsis
848 1580 879 1636 in
912 1580 1162 1652 quibuscumque
1193 1581 1293 1637 causis
1325 1580 1449 1637 racione

183 1685 363 1743 huiusmodi
383 1686 502 1743 arcium
526 1691 556 1743 et
580 1686 725 1743 laborum
750 1687 891 1759 ipsorum
915 1687 945 1743 in
969 1687 1161 1759 presenciam
1184 1684 1295 1761 judicis
1319 1691 1348 1742 et
1366 1682 1449 1760 jura·

184 1795 287 1848 torum
312 1792 429 1849 civium
451 1791 532 1850 dicte
555 1792 689 1850 civitatis
712 1799 816 1850 nostre
847 1792 896 1849 vel
920 1793 1055 1850 aliorum
1077 1790 1225 1867 judicum,
1239 1792 1330 1849 aliter
1353 1806 1447 1864 quam

182 1897 271 1970 prius
295 1897 471 1956 huiusmodi
496 1913 585 1955 cause
609 1914 665 1971 per
688 1898 873 1970 magistrum
889 1898 970 1956 dicte
987 1898 1139 1955 societatis
1156 1899 1297 1972 ipsorum
1313 1896 1449 1955 discusse

183 2007 215 2059 et
236 2000 370 2077 judicate
393 2003 515 2075 fuerint,
540 2005 704 2062 convenire
727 2009 840 2078 posset.
864 2004 951 2075 Item,
976 2004 1060 2077 quod
1083 2019 1174 2062 nemo
1198 2005 1276 2061 inter
1307 2019 1360 2062 eos
1382 2018 1449 2061 ma·

183 2108 280 2180 gister
302 2110 420 2166 arcium
446 2116 475 2167 et
499 2110 645 2167 laborum
667 2109 737 2167 fieri
759 2109 866 2182 possit,
889 2109 948 2166 nisi
972 2110 1007 2181 is,
1032 2110 1086 2182 qui
1109 2109 1225 2167 eisdem
1250 2115 1280 2167 et
1311 2109 1449 2167 societati

184 2228 293 2272 eorum
323 2215 363 2272 ad
393 2215 574 2273 huiusmodi
604 2221 685 2272 artes
716 2214 873 2272 sufficiens
903 2215 1069 2285 videbitur,
1101 2220 1131 2272 et
1161 2214 1200 2272 ad
1225 2216 1329 2288 ipsum
1352 2215 1449 2287 magi·

183 2321 313 2379 sterium
336 2323 455 2380 arcium
479 2329 510 2379 et
533 2323 711 2380 societatem
734 2337 791 2394 per
814 2321 998 2393 magistrum
1030 2320 1169 2379 eiusdem
1203 2321 1364 2393 societatis,
1396 2320 1450 2394 qui

183 2442 243 2502 pro
266 2434 409 2502 tempore
439 2429 532 2486 fuerit
564 2429 755 2497 constitutus,
779 2433 955 2501 acceptatus
979 2427 1080 2492 fuerit.
1105 2434 1134 2485 et
1158 2428 1229 2485 talis
1250 2428 1282 2485 in
1306 2428 1449 2500 magiste-

139 2563 141 2566 ·
184 2533 268 2591 rium
299 2534 513 2608 acceptandus,
554 2535 657 2607 primo
689 2534 905 2592 communitati
938 2533 1093 2591 societatis
1123 2538 1186 2591 tres
1221 2533 1352 2591 florenos
1382 2534 1450 2592 auri

183 2639 322 2711 solverit,
345 2647 376 2698 et
398 2640 548 2712 magistro
568 2640 706 2697 eiusdem
729 2640 882 2697 societatis
906 2655 941 2696 ac
965 2639 1034 2696 aliis
1057 2639 1214 2711 magistris
1238 2656 1334 2698 unum
1357 2654 1450 2714 pran-

185 2744 273 2803 dium
297 2746 423 2804 dederit.
449 2747 590 2804 Preterea
614 2745 698 2818 quod
728 2747 834 2803 nullus
866 2753 952 2804 sutor
979 2752 1066 2802 extra
1098 2747 1276 2803 societatem
1308 2747 1450 2820 ipsorum

184 2853 376 2924 constitutus,
407 2853 519 2910 audeat
548 2869 601 2910 seu
632 2859 825 2926 presummat
855 2853 885 2910 in
917 2855 985 2926 ipsa
1015 2852 1140 2910 civitate
1164 2859 1245 2910 artes
1268 2852 1449 2910 huiusmodi

185 2974 328 3016 exercere
336 2977 343 3029 ;
374 2960 400 3016 si
432 2960 487 3032 qui
518 2974 593 3017 vero
624 2964 809 3030 exercerent,
840 2959 951 3016 talium
982 2966 1123 3015 sutorum
1154 2959 1278 3015 labores
1302 2958 1451 3030 magister

184 3064 281 3138 ipsius
305 3066 459 3123 societatis
481 3066 579 3123 libere
602 3067 718 3122 auffere
741 3066 846 3137 possit.
869 3063 984 3122 Nullus
1003 3066 1100 3122 eciam
1117 3071 1203 3121 sutor
1219 3070 1382 3121 extraneus
1398 3063 1449 3120 vel

184 3177 346 3243 mercator,
370 3182 422 3230 aut
446 3174 540 3231 homo
564 3173 751 3246 negociator,
775 3171 888 3229 calcios
912 3173 963 3229 vel
987 3172 1065 3229 alios
1091 3173 1215 3229 labores
1238 3171 1355 3227 arcium
1380 3185 1450 3242 pre·

184 3279 371 3352 scriptarum
397 3280 427 3336 in
452 3280 519 3351 ipsa
542 3279 666 3336 civitate
696 3284 801 3336 nostra
830 3278 964 3336 vendere
993 3284 1195 3351 presummat,
1226 3278 1284 3335 nisi
1309 3281 1450 3350 tempore

184 3385 394 3443 nundinarum
429 3387 617 3456 annualium,
653 3391 683 3443 et
715 3386 741 3442 si
776 3386 915 3458 quipiam
950 3385 1129 3442 huiusmodi
1161 3385 1274 3442 calcios
1297 3384 1349 3440 vel
1373 3383 1450 3440 alios

186 3492 310 3549 labores
346 3493 480 3550 vendere
515 3493 765 3565 attemptaverit,
798 3493 945 3564 magister
979 3491 1059 3548 dicte
1093 3491 1246 3549 societatis
1280 3489 1451 3547 aufferendi

184 3598 318 3656 liberam
348 3600 462 3656 habeat
494 3600 653 3672 potestatis
683 3597 861 3655 facultatem
896 3614 934 3655 ex
956 3598 1092 3672 presenti
1122 3596 1315 3654 concessione
1338 3602 1450 3652 nostra.

186 3704 338 3780 Quocirca
374 3706 464 3762 vobis
498 3704 645 3762 fidelibus
679 3705 791 3761 nostris
826 3705 1000 3778 capetaueis
1032 3704 1082 3760 vel
1117 3702 1371 3775 vicecapetaneis,
1395 3717 1451 3774 per

184 3826 241 3869 nos
263 3817 315 3868 aut
338 3826 528 3869 successores
551 3818 672 3869 nostros
696 3826 784 3882 reges
808 3811 839 3867 in
870 3812 937 3883 ipsa
971 3811 1094 3867 civitate
1124 3806 1352 3877 constituendis,
1376 3806 1450 3863 item

183 3915 279 3993 judici
309 3924 339 3975 et
369 3917 487 3993 juratis,
518 3919 689 3990 ceterisque
722 3919 843 3975 civibus
872 3917 1005 3975 antelate
1037 3916 1169 3972 civitatis
1203 3919 1307 3969 nostre
1338 3914 1451 3970 montis

184 4022 347 4082 Grecensis
369 4000 567 4097 presentibus
590 4030 620 4081 et
643 4023 756 4082 futuris
780 4025 974 4096 presencium
999 4022 1144 4079 noticiam
1161 4019 1323 4089 habituris,
1339 4020 1450 4076 harum

184 4132 264 4189 serie
295 4131 427 4189 firmiter
463 4115 653 4203 precipimus
685 4137 713 4187 et
745 4130 948 4199 mandamus,
980 4137 1130 4201 quatenus
1165 4126 1278 4185 amodo
1307 4125 1451 4198 deinceps

184 4237 323 4312 prefatos
346 4244 466 4295 sutores
492 4238 542 4295 vel
565 4237 703 4311 aliquem
727 4253 764 4293 ex
788 4237 864 4310 ipsis
896 4237 926 4292 in
956 4235 1055 4292 causis
1086 4234 1273 4306 supradictis
1308 4236 1451 4304 pretextu

184 4345 302 4402 scilicet
332 4343 511 4401 huiusmodi
544 4344 661 4401 arcium
691 4350 720 4400 et
752 4343 897 4399 laborum
932 4343 1072 4415 ipsorum
1102 4337 1237 4415 judicare
1269 4339 1318 4395 vel
1347 4342 1451 4394 vestro

183 4454 285 4507 astare
305 4448 454 4526 judicatui
478 4450 668 4524 compellere
692 4454 744 4505 aut
773 4449 850 4506 alias
879 4447 1086 4521 quovismodo
1110 4453 1215 4503 contra
1239 4444 1372 4502 formam
1395 4443 1451 4500 hu·

183 4556 320 4629 iusmodi
342 4562 446 4615 nostre
470 4557 608 4632 graciose
642 4556 809 4612 annuencie
842 4553 1065 4627 quoquomodo
1096 4551 1257 4625 impedire,
1286 4549 1452 4607 molestare

183 4672 238 4723 aut
261 4665 445 4739 perturbare
469 4669 499 4721 et
522 4662 754 4736 dampnificare,
779 4662 867 4719 nullo
903 4676 1052 4734 umquam
1086 4665 1226 4732 tempore
1258 4656 1451 4730 presumatis.

186 4771 345 4829 Presentes
369 4780 481 4840 autem,
505 4786 582 4842 quas
606 4776 723 4826 secreto
746 4769 851 4840 sigillo
875 4774 988 4838 nostro,
1013 4781 1075 4839 quo
1106 4767 1232 4835 utimur,
1256 4765 1286 4821 in
1319 4763 1451 4838 penden-

184 4876 269 4938 denti
301 4877 489 4937 communiri
511 4875 651 4946 lecimus,
675 4880 746 4948 post
780 4889 887 4932 earum
919 4874 1079 4939 lecturam,
1103 4871 1191 4929 reddi
1215 4870 1358 4927 iubemus
1382 4885 1452 4943 pre·
