<?xml version="1.0" encoding="UTF-8"?>
<!DOCTYPE html PUBLIC "-//W3C//DTD XHTML 1.0 Transitional//EN"
    "http://www.w3.org/TR/xhtml1/DTD/xhtml1-transitional.dtd">
<html xmlns="http://www.w3.org/1999/xhtml" xml:lang="en" lang="en">
 <head>
  <title>
</title>
<meta http-equiv="Content-Type" content="text/html;charset=utf-8" />
  <meta name='ocr-system' content='tesseract 3.04.00' />
  <meta name='ocr-capabilities' content='ocr_page ocr_carea ocr_par ocr_line ocrx_word'/>
</head>
<body>
  <div class='ocr_page' id='page_1' title='image "./monumentahistor01laszgoog_0465.png"; bbox 0 0 3278 5348; ppageno 0'>
   <div class='ocr_carea' id='block_1_1' title="bbox 449 415 879 496">
    <p class='ocr_par' dir='ltr' id='par_1_1' title="bbox 449 415 879 496">
     <span class='ocr_line' id='line_1_1' title="bbox 449 415 879 496; baseline -0.002 -20"><span class='ocrx_word' id='word_1_1' title='bbox 449 420 523 478; x_wconf 72' lang='lat' dir='ltr'>Dec.</span> <span class='ocrx_word' id='word_1_2' title='bbox 550 433 616 496; x_wconf 69' lang='grc' dir='ltr'>ψ.</span> <span class='ocrx_word' id='word_1_3' title='bbox 641 451 683 462; x_wconf 89' lang='grc'>-</span> <span class='ocrx_word' id='word_1_4' title='bbox 707 420 761 477; x_wconf 82' lang='lat' dir='ltr'>An.</span> <span class='ocrx_word' id='word_1_5' title='bbox 788 415 879 496; x_wconf 62' lang='lat'><em>1446.</em></span> 
     </span>
    </p>
   </div>
   <div class='ocr_carea' id='block_1_2' title="bbox 1229 436 1286 489">
    <p class='ocr_par' dir='ltr' id='par_1_2' title="bbox 1229 436 1286 489">
     <span class='ocr_line' id='line_1_2' title="bbox 1229 436 1286 489; baseline -0.088 0"><span class='ocrx_word' id='word_1_6' title='bbox 1229 436 1286 489; x_wconf 78' lang='lat'>107</span> 
     </span>
    </p>
   </div>
   <div class='ocr_carea' id='block_1_3' title="bbox 12 633 1290 4948">
    <p class='ocr_par' dir='ltr' id='par_1_3' title="bbox 12 633 1290 4948">
     <span class='ocr_line' id='line_1_3' title="bbox 23 633 1289 709; baseline 0.002 -18"><span class='ocrx_word' id='word_1_7' title='bbox 23 634 178 693; x_wconf 88' lang='lat' dir='ltr'>clericalis</span> <span class='ocrx_word' id='word_1_8' title='bbox 203 633 343 705; x_wconf 90' lang='lat' dir='ltr'>includit,</span> <span class='ocrx_word' id='word_1_9' title='bbox 367 649 401 691; x_wconf 88' lang='lat' dir='ltr'>se</span> <span class='ocrx_word' id='word_1_10' title='bbox 424 650 549 692; x_wconf 91' lang='lat' dir='ltr'>murum</span> <span class='ocrx_word' id='word_1_11' title='bbox 574 633 759 692; x_wconf 88' lang='lat' dir='ltr'>defensionis</span> <span class='ocrx_word' id='word_1_12' title='bbox 782 640 939 709; x_wconf 89' lang='lat' dir='ltr'>apponat;</span> <span class='ocrx_word' id='word_1_13' title='bbox 975 651 1048 693; x_wconf 90' lang='lat' dir='ltr'>sane</span> <span class='ocrx_word' id='word_1_14' title='bbox 1082 635 1173 692; x_wconf 91' lang='lat' dir='ltr'>nobis</span> <span class='ocrx_word' id='word_1_15' title='bbox 1196 634 1289 693; x_wconf 91' lang='lat' dir='ltr'>hodie</span> 
     </span>
     <span class='ocr_line' id='line_1_4' title="bbox 23 739 1281 814; baseline -0.001 -16"><span class='ocrx_word' id='word_1_16' title='bbox 23 755 75 814; x_wconf 90' lang='lat' dir='ltr'>per</span> <span class='ocrx_word' id='word_1_17' title='bbox 99 741 190 814; x_wconf 92' lang='lat' dir='ltr'>ipsos</span> <span class='ocrx_word' id='word_1_18' title='bbox 212 740 408 798; x_wconf 86' lang='lat' dir='ltr'>venerabiles</span> <span class='ocrx_word' id='word_1_19' title='bbox 431 740 525 810; x_wconf 87' lang='lat' dir='ltr'>viros,</span> <span class='ocrx_word' id='word_1_20' title='bbox 560 739 703 798; x_wconf 90' lang='lat' dir='ltr'>dominos</span> <span class='ocrx_word' id='word_1_21' title='bbox 738 740 849 800; x_wconf 88' lang='lat' dir='ltr'>fratres</span> <span class='ocrx_word' id='word_1_22' title='bbox 887 748 1009 799; x_wconf 91' lang='lat' dir='ltr'>nostros</span> <span class='ocrx_word' id='word_1_23' title='bbox 1044 741 1281 810; x_wconf 87' lang='lat' dir='ltr'>amantissimos,</span> 
     </span>
     <span class='ocr_line' id='line_1_5' title="bbox 22 845 1290 920; baseline -0.002 -15"><span class='ocrx_word' id='word_1_24' title='bbox 22 845 185 905; x_wconf 87' lang='lat' dir='ltr'>videlicet:</span> <span class='ocrx_word' id='word_1_25' title='bbox 208 846 412 920; x_wconf 82' lang='lat' dir='ltr'><strong>prepositum,</strong></span> <span class='ocrx_word' id='word_1_26' title='bbox 438 846 595 917; x_wconf 90' lang='lat' dir='ltr'>lectorem,</span> <span class='ocrx_word' id='word_1_27' title='bbox 619 854 786 918; x_wconf 91' lang='lat' dir='ltr'>cantorem,</span> <span class='ocrx_word' id='word_1_28' title='bbox 809 846 1061 920; x_wconf 87' lang='lat' dir='ltr'>archidyaconos,</span> <span class='ocrx_word' id='word_1_29' title='bbox 1086 845 1243 905; x_wconf 85' lang='lat' dir='ltr'><strong>custodem</strong></span> <span class='ocrx_word' id='word_1_30' title='bbox 1260 852 1290 903; x_wconf 91' lang='lat' dir='ltr'>et</span> 
     </span>
     <span class='ocr_line' id='line_1_6' title="bbox 21 951 1289 1026; baseline 0 -17"><span class='ocrx_word' id='word_1_31' title='bbox 21 952 163 1025; x_wconf 85' lang='lat' dir='ltr'>singulos</span> <span class='ocrx_word' id='word_1_32' title='bbox 197 966 233 1009; x_wconf 91' lang='lat' dir='ltr'>ac</span> <span class='ocrx_word' id='word_1_33' title='bbox 267 953 429 1010; x_wconf 88' lang='lat' dir='ltr'>universos</span> <span class='ocrx_word' id='word_1_34' title='bbox 463 953 625 1010; x_wconf 91' lang='lat' dir='ltr'>canonicos</span> <span class='ocrx_word' id='word_1_35' title='bbox 657 951 737 1011; x_wconf 91' lang='lat' dir='ltr'>dicte</span> <span class='ocrx_word' id='word_1_36' title='bbox 779 954 907 1011; x_wconf 88' lang='lat' dir='ltr'>ecclesie</span> <span class='ocrx_word' id='word_1_37' title='bbox 941 960 1045 1011; x_wconf 91' lang='lat' dir='ltr'>nostre</span> <span class='ocrx_word' id='word_1_38' title='bbox 1082 952 1289 1026; x_wconf 90' lang='lat' dir='ltr'>zagrabiensis</span> 
     </span>
     <span class='ocr_line' id='line_1_7' title="bbox 22 1056 1288 1132; baseline -0.002 -16"><span class='ocrx_word' id='word_1_39' title='bbox 22 1057 185 1116; x_wconf 88' lang='lat' dir='ltr'>humiliter</span> <span class='ocrx_word' id='word_1_40' title='bbox 208 1063 239 1115; x_wconf 92' lang='lat' dir='ltr'>et</span> <span class='ocrx_word' id='word_1_41' title='bbox 261 1056 373 1115; x_wconf 81' lang='lat' dir='ltr'>devote</span> <span class='ocrx_word' id='word_1_42' title='bbox 395 1058 546 1132; x_wconf 86' lang='lat' dir='ltr'>exposito,</span> <span class='ocrx_word' id='word_1_43' title='bbox 571 1057 656 1131; x_wconf 92' lang='lat' dir='ltr'>quod</span> <span class='ocrx_word' id='word_1_44' title='bbox 679 1073 751 1116; x_wconf 90' lang='lat' dir='ltr'>cum</span> <span class='ocrx_word' id='word_1_45' title='bbox 771 1059 831 1132; x_wconf 93' lang='lat' dir='ltr'>ipsi</span> <span class='ocrx_word' id='word_1_46' title='bbox 862 1060 1068 1117; x_wconf 90' lang='lat' dir='ltr'>communiter</span> <span class='ocrx_word' id='word_1_47' title='bbox 1098 1064 1128 1116; x_wconf 93' lang='lat' dir='ltr'>et</span> <span class='ocrx_word' id='word_1_48' title='bbox 1160 1057 1288 1114; x_wconf 83' lang='lat' dir='ltr'><strong>divisim</strong></span> 
     </span>
     <span class='ocr_line' id='line_1_8' title="bbox 21 1163 1289 1239; baseline -0.002 -17"><span class='ocrx_word' id='word_1_49' title='bbox 21 1169 113 1236; x_wconf 92' lang='lat' dir='ltr'>prout</span> <span class='ocrx_word' id='word_1_50' title='bbox 146 1164 288 1237; x_wconf 90' lang='lat' dir='ltr'>ipsorum</span> <span class='ocrx_word' id='word_1_51' title='bbox 311 1163 545 1237; x_wconf 87' lang='lat' dir='ltr'>predecessores</span> <span class='ocrx_word' id='word_1_52' title='bbox 567 1179 693 1239; x_wconf 89' lang='lat' dir='ltr'>semper</span> <span class='ocrx_word' id='word_1_53' title='bbox 714 1179 733 1222; x_wconf 90' lang='lat' dir='ltr'>a</span> <span class='ocrx_word' id='word_1_54' title='bbox 756 1164 940 1223; x_wconf 78' lang='lat' dir='ltr'>fundacione</span> <span class='ocrx_word' id='word_1_55' title='bbox 964 1166 1106 1238; x_wconf 88' lang='lat' dir='ltr'>primeva</span> <span class='ocrx_word' id='word_1_56' title='bbox 1136 1163 1217 1221; x_wconf 90' lang='lat' dir='ltr'>dicte</span> <span class='ocrx_word' id='word_1_57' title='bbox 1241 1179 1289 1220; x_wconf 92' lang='lat' dir='ltr'>ec·</span> 
     </span>
     <span class='ocr_line' id='line_1_9' title="bbox 22 1268 1287 1345; baseline -0.002 -18"><span class='ocrx_word' id='word_1_58' title='bbox 22 1269 114 1328; x_wconf 88' lang='lat' dir='ltr'>clesie</span> <span class='ocrx_word' id='word_1_59' title='bbox 137 1278 246 1327; x_wconf 89' lang='lat' dir='ltr'>nostre</span> <span class='ocrx_word' id='word_1_60' title='bbox 275 1271 483 1343; x_wconf 88' lang='lat' dir='ltr'>zagrabiensis</span> <span class='ocrx_word' id='word_1_61' title='bbox 507 1270 695 1342; x_wconf 90' lang='lat' dir='ltr'>habuissent,</span> <span class='ocrx_word' id='word_1_62' title='bbox 719 1276 814 1345; x_wconf 86' lang='lat' dir='ltr'>prout</span> <span class='ocrx_word' id='word_1_63' title='bbox 836 1269 929 1328; x_wconf 93' lang='lat' dir='ltr'>hodie</span> <span class='ocrx_word' id='word_1_64' title='bbox 962 1271 1120 1341; x_wconf 87' lang='lat' dir='ltr'>haberent,</span> <span class='ocrx_word' id='word_1_65' title='bbox 1144 1268 1182 1326; x_wconf 91' lang='lat' dir='ltr'>de</span> <span class='ocrx_word' id='word_1_66' title='bbox 1205 1269 1287 1340; x_wconf 88' lang='lat' dir='ltr'>sti10,</span> 
     </span>
     <span class='ocr_line' id='line_1_10' title="bbox 22 1374 1289 1451; baseline -0.002 -17"><span class='ocrx_word' id='word_1_67' title='bbox 22 1389 117 1447; x_wconf 90' lang='lat' dir='ltr'>more,</span> <span class='ocrx_word' id='word_1_68' title='bbox 141 1374 362 1434; x_wconf 75' lang='lat' dir='ltr'>consuetudine</span> <span class='ocrx_word' id='word_1_69' title='bbox 397 1381 428 1434; x_wconf 90' lang='lat' dir='ltr'>et</span> <span class='ocrx_word' id='word_1_70' title='bbox 462 1376 665 1435; x_wconf 89' lang='lat' dir='ltr'>observancia</span> <span class='ocrx_word' id='word_1_71' title='bbox 700 1376 754 1433; x_wconf 90' lang='lat' dir='ltr'>diu</span> <span class='ocrx_word' id='word_1_72' title='bbox 792 1381 822 1434; x_wconf 90' lang='lat' dir='ltr'>et</span> <span class='ocrx_word' id='word_1_73' title='bbox 856 1376 1008 1448; x_wconf 80' lang='lat' dir='ltr'>legittime</span> <span class='ocrx_word' id='word_1_74' title='bbox 1042 1376 1223 1451; x_wconf 85' lang='lat' dir='ltr'>prescriptis</span> <span class='ocrx_word' id='word_1_75' title='bbox 1253 1389 1289 1432; x_wconf 92' lang='lat' dir='ltr'>ac</span> 
     </span>
     <span class='ocr_line' id='line_1_11' title="bbox 21 1479 1287 1556; baseline -0.002 -17"><span class='ocrx_word' id='word_1_76' title='bbox 21 1481 97 1540; x_wconf 85' lang='lat' dir='ltr'>alias</span> <span class='ocrx_word' id='word_1_77' title='bbox 121 1483 283 1555; x_wconf 89' lang='lat' dir='ltr'>hucusque</span> <span class='ocrx_word' id='word_1_78' title='bbox 305 1481 529 1540; x_wconf 89' lang='lat' dir='ltr'>inviolabiliter</span> <span class='ocrx_word' id='word_1_79' title='bbox 553 1487 583 1539; x_wconf 94' lang='lat' dir='ltr'>et</span> <span class='ocrx_word' id='word_1_80' title='bbox 618 1482 796 1540; x_wconf 89' lang='lat' dir='ltr'>inconcusse</span> <span class='ocrx_word' id='word_1_81' title='bbox 830 1498 886 1556; x_wconf 91' lang='lat' dir='ltr'>per</span> <span class='ocrx_word' id='word_1_82' title='bbox 920 1482 1077 1555; x_wconf 89' lang='lat' dir='ltr'>quoslibet</span> <span class='ocrx_word' id='word_1_83' title='bbox 1100 1479 1287 1540; x_wconf 89' lang='lat' dir='ltr'>reverendos</span> 
     </span>
     <span class='ocr_line' id='line_1_12' title="bbox 22 1587 1288 1662; baseline -0.002 -16"><span class='ocrx_word' id='word_1_84' title='bbox 22 1594 127 1662; x_wconf 87' lang='lat' dir='ltr'>patres</span> <span class='ocrx_word' id='word_1_85' title='bbox 151 1587 314 1661; x_wconf 92' lang='lat' dir='ltr'>episcopos</span> <span class='ocrx_word' id='word_1_86' title='bbox 337 1588 561 1661; x_wconf 86' lang='lat' dir='ltr'>zagrabienses‚</span> <span class='ocrx_word' id='word_1_87' title='bbox 586 1587 722 1662; x_wconf 89' lang='lat' dir='ltr'>prelatos</span> <span class='ocrx_word' id='word_1_88' title='bbox 745 1589 895 1662; x_wconf 90' lang='lat' dir='ltr'>ipsorum,</span> <span class='ocrx_word' id='word_1_89' title='bbox 911 1593 1033 1646; x_wconf 91' lang='lat' dir='ltr'>nostros</span> <span class='ocrx_word' id='word_1_90' title='bbox 1056 1587 1203 1646; x_wconf 90' lang='lat' dir='ltr'>videlicet</span> <span class='ocrx_word' id='word_1_91' title='bbox 1219 1603 1288 1661; x_wconf 92' lang='lat' dir='ltr'>pre·</span> 
     </span>
     <span class='ocr_line' id='line_1_13' title="bbox 20 1693 1287 1769; baseline -0.002 -18"><span class='ocrx_word' id='word_1_92' title='bbox 20 1693 205 1765; x_wconf 85' lang='lat' dir='ltr'>decessores,</span> <span class='ocrx_word' id='word_1_93' title='bbox 228 1694 328 1752; x_wconf 91' lang='lat' dir='ltr'>eciam</span> <span class='ocrx_word' id='word_1_94' title='bbox 361 1709 378 1751; x_wconf 89' lang='lat' dir='ltr'>a</span> <span class='ocrx_word' id='word_1_95' title='bbox 402 1699 487 1753; x_wconf 89' lang='lat' dir='ltr'>tanto</span> <span class='ocrx_word' id='word_1_96' title='bbox 517 1700 658 1769; x_wconf 92' lang='lat' dir='ltr'>tempore</span> <span class='ocrx_word' id='word_1_97' title='bbox 682 1695 768 1752; x_wconf 90' lang='lat' dir='ltr'>cuius</span> <span class='ocrx_word' id='word_1_98' title='bbox 791 1695 937 1752; x_wconf 89' lang='lat' dir='ltr'>contrarii</span> <span class='ocrx_word' id='word_1_99' title='bbox 961 1711 1014 1752; x_wconf 88' lang='lat' dir='ltr'>seu</span> <span class='ocrx_word' id='word_1_100' title='bbox 1036 1695 1120 1753; x_wconf 93' lang='lat' dir='ltr'>inicii</span> <span class='ocrx_word' id='word_1_101' title='bbox 1136 1693 1287 1752; x_wconf 91' lang='lat' dir='ltr'>memoria</span> 
     </span>
     <span class='ocr_line' id='line_1_14' title="bbox 22 1801 1285 1874; baseline -0.001 -16"><span class='ocrx_word' id='word_1_102' title='bbox 22 1801 186 1859; x_wconf 90' lang='lat' dir='ltr'>hominum</span> <span class='ocrx_word' id='word_1_103' title='bbox 209 1814 270 1858; x_wconf 93' lang='lat' dir='ltr'>non</span> <span class='ocrx_word' id='word_1_104' title='bbox 295 1801 446 1871; x_wconf 84' lang='lat' dir='ltr'>existeret,</span> <span class='ocrx_word' id='word_1_105' title='bbox 470 1801 644 1859; x_wconf 87' lang='lat' dir='ltr'>observatis</span> <span class='ocrx_word' id='word_1_106' title='bbox 667 1801 751 1858; x_wconf 93' lang='lat' dir='ltr'>ultra</span> <span class='ocrx_word' id='word_1_107' title='bbox 786 1815 830 1871; x_wconf 91' lang='lat' dir='ltr'>ea,</span> <span class='ocrx_word' id='word_1_108' title='bbox 867 1816 927 1873; x_wconf 90' lang='lat' dir='ltr'>que</span> <span class='ocrx_word' id='word_1_109' title='bbox 962 1802 1037 1874; x_wconf 90' lang='lat' dir='ltr'>ipsis</span> <span class='ocrx_word' id='word_1_110' title='bbox 1072 1807 1101 1858; x_wconf 94' lang='lat' dir='ltr'>et</span> <span class='ocrx_word' id='word_1_111' title='bbox 1124 1801 1194 1858; x_wconf 88' lang='lat' dir='ltr'>aliis</span> <span class='ocrx_word' id='word_1_112' title='bbox 1218 1801 1285 1873; x_wconf 92' lang='lat' dir='ltr'>qui·</span> 
     </span>
     <span class='ocr_line' id='line_1_15' title="bbox 20 1905 1286 1982; baseline 0 -18"><span class='ocrx_word' id='word_1_113' title='bbox 20 1906 130 1964; x_wconf 84' lang='lat' dir='ltr'>busris</span> <span class='ocrx_word' id='word_1_114' title='bbox 154 1907 298 1979; x_wconf 91' lang='lat' dir='ltr'>personis</span> <span class='ocrx_word' id='word_1_115' title='bbox 333 1906 547 1965; x_wconf 90' lang='lat' dir='ltr'>ecclesiasticis</span> <span class='ocrx_word' id='word_1_116' title='bbox 569 1922 587 1964; x_wconf 92' lang='lat' dir='ltr'>a</span> <span class='ocrx_word' id='word_1_117' title='bbox 609 1906 677 1982; x_wconf 88' lang='lat' dir='ltr'>jure</span> <span class='ocrx_word' id='word_1_118' title='bbox 700 1908 858 1964; x_wconf 91' lang='lat' dir='ltr'>communi</span> <span class='ocrx_word' id='word_1_119' title='bbox 879 1906 979 1964; x_wconf 87' lang='lat' dir='ltr'>forent</span> <span class='ocrx_word' id='word_1_120' title='bbox 1014 1906 1134 1966; x_wconf 90' lang='lat' dir='ltr'>indulta</span> <span class='ocrx_word' id='word_1_121' title='bbox 1157 1905 1196 1965; x_wconf 91' lang='lat' dir='ltr'>de</span> <span class='ocrx_word' id='word_1_122' title='bbox 1219 1907 1286 1980; x_wconf 93' lang='lat' dir='ltr'>qui·</span> 
     </span>
     <span class='ocr_line' id='line_1_16' title="bbox 22 2012 1284 2086; baseline -0.001 -16"><span class='ocrx_word' id='word_1_123' title='bbox 22 2012 162 2070; x_wconf 87' lang='lat' dir='ltr'>buslibet</span> <span class='ocrx_word' id='word_1_124' title='bbox 197 2012 287 2070; x_wconf 93' lang='lat' dir='ltr'>bonis</span> <span class='ocrx_word' id='word_1_125' title='bbox 323 2012 466 2086; x_wconf 91' lang='lat' dir='ltr'>ipsorum</span> <span class='ocrx_word' id='word_1_126' title='bbox 502 2028 538 2069; x_wconf 89' lang='lat' dir='ltr'>ac</span> <span class='ocrx_word' id='word_1_127' title='bbox 571 2014 665 2071; x_wconf 89' lang='lat' dir='ltr'>rebus</span> <span class='ocrx_word' id='word_1_128' title='bbox 700 2014 872 2070; x_wconf 90' lang='lat' dir='ltr'>mobilibus</span> <span class='ocrx_word' id='word_1_129' title='bbox 906 2020 936 2071; x_wconf 92' lang='lat' dir='ltr'>et</span> <span class='ocrx_word' id='word_1_130' title='bbox 970 2014 1196 2085; x_wconf 88' lang='lat' dir='ltr'>immobilibus,</span> <span class='ocrx_word' id='word_1_131' title='bbox 1219 2019 1284 2070; x_wconf 90' lang='lat' dir='ltr'>tam</span> 
     </span>
     <span class='ocr_line' id='line_1_17' title="bbox 23 2116 1287 2193; baseline 0.001 -19"><span class='ocrx_word' id='word_1_132' title='bbox 23 2116 170 2175; x_wconf 79' lang='lat' dir='ltr'>videlicet</span> <span class='ocrx_word' id='word_1_133' title='bbox 193 2116 231 2175; x_wconf 92' lang='lat' dir='ltr'>de</span> <span class='ocrx_word' id='word_1_134' title='bbox 254 2119 394 2191; x_wconf 90' lang='lat' dir='ltr'>ipsorum</span> <span class='ocrx_word' id='word_1_135' title='bbox 412 2118 569 2176; x_wconf 90' lang='lat' dir='ltr'>beneficiis</span> <span class='ocrx_word' id='word_1_136' title='bbox 585 2119 772 2190; x_wconf 91' lang='lat' dir='ltr'>huiusmodi,</span> <span class='ocrx_word' id='word_1_137' title='bbox 789 2135 883 2192; x_wconf 90' lang='lat' dir='ltr'>quarn</span> <span class='ocrx_word' id='word_1_138' title='bbox 900 2120 963 2177; x_wconf 92' lang='lat' dir='ltr'>alio</span> <span class='ocrx_word' id='word_1_139' title='bbox 978 2135 1174 2193; x_wconf 91' lang='lat' dir='ltr'>quocumque</span> <span class='ocrx_word' id='word_1_140' title='bbox 1192 2118 1287 2176; x_wconf 93' lang='lat' dir='ltr'>modo</span> 
     </span>
     <span class='ocr_line' id='line_1_18' title="bbox 23 2223 1287 2299; baseline 0.001 -19"><span class='ocrx_word' id='word_1_141' title='bbox 23 2227 50 2280; x_wconf 92' lang='lat' dir='ltr'>et</span> <span class='ocrx_word' id='word_1_142' title='bbox 74 2223 292 2297; x_wconf 88' lang='lat' dir='ltr'>undecumque</span> <span class='ocrx_word' id='word_1_143' title='bbox 315 2224 482 2298; x_wconf 83' lang='lat' dir='ltr'>acquisitis,</span> <span class='ocrx_word' id='word_1_144' title='bbox 506 2224 631 2299; x_wconf 90' lang='lat' dir='ltr'>plenam</span> <span class='ocrx_word' id='word_1_145' title='bbox 656 2231 686 2282; x_wconf 93' lang='lat' dir='ltr'>et</span> <span class='ocrx_word' id='word_1_146' title='bbox 709 2225 922 2297; x_wconf 87' lang='lat' dir='ltr'>omnimodam</span> <span class='ocrx_word' id='word_1_147' title='bbox 946 2225 1086 2295; x_wconf 88' lang='lat' dir='ltr'>testandi,</span> <span class='ocrx_word' id='word_1_148' title='bbox 1110 2224 1235 2297; x_wconf 89' lang='lat' dir='ltr'>legandi</span> <span class='ocrx_word' id='word_1_149' title='bbox 1257 2231 1287 2281; x_wconf 92' lang='lat' dir='ltr'>et</span> 
     </span>
     <span class='ocr_line' id='line_1_19' title="bbox 24 2329 1287 2405; baseline 0 -18"><span class='ocrx_word' id='word_1_150' title='bbox 24 2329 54 2387; x_wconf 92' lang='lat' dir='ltr'>in</span> <span class='ocrx_word' id='word_1_151' title='bbox 76 2330 191 2387; x_wconf 91' lang='lat' dir='ltr'>ultimo</span> <span class='ocrx_word' id='word_1_152' title='bbox 215 2335 289 2387; x_wconf 89' lang='lat' dir='ltr'>voto</span> <span class='ocrx_word' id='word_1_153' title='bbox 313 2330 361 2387; x_wconf 92' lang='lat' dir='ltr'>sui</span> <span class='ocrx_word' id='word_1_154' title='bbox 385 2332 562 2388; x_wconf 89' lang='lat' dir='ltr'>testamenti</span> <span class='ocrx_word' id='word_1_155' title='bbox 596 2347 631 2387; x_wconf 93' lang='lat' dir='ltr'>ac</span> <span class='ocrx_word' id='word_1_156' title='bbox 667 2336 885 2389; x_wconf 89' lang='lat' dir='ltr'>testamentum</span> <span class='ocrx_word' id='word_1_157' title='bbox 921 2330 1029 2403; x_wconf 87' lang='lat' dir='ltr'>facere,</span> <span class='ocrx_word' id='word_1_158' title='bbox 1064 2332 1188 2405; x_wconf 92' lang='lat' dir='ltr'>quibus,</span> <span class='ocrx_word' id='word_1_159' title='bbox 1211 2344 1287 2403; x_wconf 91' lang='lat' dir='ltr'>quo·</span> 
     </span>
     <span class='ocr_line' id='line_1_20' title="bbox 24 2434 1286 2511; baseline 0 -18"><span class='ocrx_word' id='word_1_160' title='bbox 24 2434 116 2493; x_wconf 90' lang='lat' dir='ltr'>modo</span> <span class='ocrx_word' id='word_1_161' title='bbox 140 2442 170 2492; x_wconf 90' lang='lat' dir='ltr'>et</span> <span class='ocrx_word' id='word_1_162' title='bbox 194 2435 377 2508; x_wconf 89' lang='lat' dir='ltr'>cuicumque</span> <span class='ocrx_word' id='word_1_163' title='bbox 400 2480 407 2495; x_wconf 92' lang='lat'><strong>.</strong></span> <span class='ocrx_word' id='word_1_164' title='bbox 431 2479 438 2493; x_wconf 87' lang='lat'><strong>.</strong></span> <span class='ocrx_word' id='word_1_165' title='bbox 464 2436 580 2493; x_wconf 84' lang='lat' dir='ltr'>vellent</span> <span class='ocrx_word' id='word_1_166' title='bbox 604 2435 788 2510; x_wconf 90' lang='lat' dir='ltr'>disponendi</span> <span class='ocrx_word' id='word_1_167' title='bbox 813 2444 995 2511; x_wconf 90' lang='lat' dir='ltr'>potestatem</span> <span class='ocrx_word' id='word_1_168' title='bbox 1028 2452 1085 2510; x_wconf 94' lang='lat' dir='ltr'>pro</span> <span class='ocrx_word' id='word_1_169' title='bbox 1118 2453 1172 2493; x_wconf 90' lang='lat' dir='ltr'>sue</span> <span class='ocrx_word' id='word_1_170' title='bbox 1194 2436 1286 2494; x_wconf 91' lang='lat' dir='ltr'>libito</span> 
     </span>
     <span class='ocr_line' id='line_1_21' title="bbox 21 2541 1285 2616; baseline 0.001 -19"><span class='ocrx_word' id='word_1_171' title='bbox 21 2541 200 2612; x_wconf 76' lang='lat' dir='ltr'>voluntatis,</span> <span class='ocrx_word' id='word_1_172' title='bbox 236 2549 266 2598; x_wconf 92' lang='lat' dir='ltr'>et</span> <span class='ocrx_word' id='word_1_173' title='bbox 288 2541 320 2598; x_wconf 95' lang='lat' dir='ltr'>in</span> <span class='ocrx_word' id='word_1_174' title='bbox 355 2542 452 2615; x_wconf 89' lang='lat' dir='ltr'>ipsius</span> <span class='ocrx_word' id='word_1_175' title='bbox 480 2544 708 2601; x_wconf 90' lang='lat' dir='ltr'>testamentarie</span> <span class='ocrx_word' id='word_1_176' title='bbox 744 2543 959 2616; x_wconf 90' lang='lat' dir='ltr'>disposicionis</span> <span class='ocrx_word' id='word_1_177' title='bbox 989 2559 1041 2600; x_wconf 91' lang='lat' dir='ltr'>seu</span> <span class='ocrx_word' id='word_1_178' title='bbox 1079 2543 1285 2600; x_wconf 88' lang='lat' dir='ltr'>ordinacionis</span> 
     </span>
     <span class='ocr_line' id='line_1_22' title="bbox 25 2645 1286 2723; baseline 0.002 -19"><span class='ocrx_word' id='word_1_179' title='bbox 25 2645 153 2705; x_wconf 90' lang='lat' dir='ltr'>fuissent</span> <span class='ocrx_word' id='word_1_180' title='bbox 177 2653 207 2704; x_wconf 93' lang='lat' dir='ltr'>et</span> <span class='ocrx_word' id='word_1_181' title='bbox 230 2654 331 2704; x_wconf 91' lang='lat' dir='ltr'>essent</span> <span class='ocrx_word' id='word_1_182' title='bbox 355 2648 414 2720; x_wconf 92' lang='lat' dir='ltr'>ipsi</span> <span class='ocrx_word' id='word_1_183' title='bbox 438 2654 597 2705; x_wconf 91' lang='lat' dir='ltr'>eteorum</span> <span class='ocrx_word' id='word_1_184' title='bbox 621 2648 855 2722; x_wconf 88' lang='lat' dir='ltr'>predecessores</span> <span class='ocrx_word' id='word_1_185' title='bbox 877 2646 952 2722; x_wconf 89' lang='lat' dir='ltr'>juris</span> <span class='ocrx_word' id='word_1_186' title='bbox 976 2650 1169 2723; x_wconf 90' lang='lat' dir='ltr'>possessione</span> <span class='ocrx_word' id='word_1_187' title='bbox 1203 2649 1286 2722; x_wconf 90' lang='lat' dir='ltr'>paci·</span> 
     </span>
     <span class='ocr_line' id='line_1_23' title="bbox 20 2752 1286 2829; baseline 0 -17"><span class='ocrx_word' id='word_1_188' title='bbox 20 2752 84 2825; x_wconf 87' lang='lat' dir='ltr'>dea,</span> <span class='ocrx_word' id='word_1_189' title='bbox 108 2753 189 2811; x_wconf 90' lang='lat' dir='ltr'>reali</span> <span class='ocrx_word' id='word_1_190' title='bbox 212 2758 242 2811; x_wconf 93' lang='lat' dir='ltr'>et</span> <span class='ocrx_word' id='word_1_191' title='bbox 266 2754 368 2827; x_wconf 92' lang='lat' dir='ltr'>quieta</span> <span class='ocrx_word' id='word_1_192' title='bbox 392 2755 443 2811; x_wconf 91' lang='lat' dir='ltr'>vel</span> <span class='ocrx_word' id='word_1_193' title='bbox 467 2756 562 2827; x_wconf 90' lang='lat' dir='ltr'>quasi.</span> <span class='ocrx_word' id='word_1_194' title='bbox 587 2754 818 2828; x_wconf 80' lang='lat' dir='ltr'>Quamquidem</span> <span class='ocrx_word' id='word_1_195' title='bbox 836 2755 1063 2813; x_wconf 90' lang='lat' dir='ltr'>consvetudinis</span> <span class='ocrx_word' id='word_1_196' title='bbox 1087 2761 1116 2812; x_wconf 94' lang='lat' dir='ltr'>et</span> <span class='ocrx_word' id='word_1_197' title='bbox 1132 2755 1286 2829; x_wconf 90' lang='lat' dir='ltr'>prescrip·</span> 
     </span>
     <span class='ocr_line' id='line_1_24' title="bbox 21 2859 1286 2935; baseline -0.001 -17"><span class='ocrx_word' id='word_1_198' title='bbox 21 2859 115 2918; x_wconf 81' lang='lat' dir='ltr'>donis</span> <span class='ocrx_word' id='word_1_199' title='bbox 139 2859 242 2932; x_wconf 90' lang='lat' dir='ltr'>legem</span> <span class='ocrx_word' id='word_1_200' title='bbox 265 2860 331 2917; x_wconf 91' lang='lat' dir='ltr'>sive</span> <span class='ocrx_word' id='word_1_201' title='bbox 355 2861 590 2918; x_wconf 82' lang='lat' dir='ltr'>observanciam</span> <span class='ocrx_word' id='word_1_202' title='bbox 613 2862 823 2935; x_wconf 90' lang='lat' dir='ltr'>plurimorum</span> <span class='ocrx_word' id='word_1_203' title='bbox 854 2875 1032 2918; x_wconf 89' lang='lat' dir='ltr'>nostrorum</span> <span class='ocrx_word' id='word_1_204' title='bbox 1067 2860 1286 2934; x_wconf 88' lang='lat' dir='ltr'>predessorum</span> 
     </span>
     <span class='ocr_line' id='line_1_25' title="bbox 16 2965 1285 3048; baseline -0.001 -24"><span class='ocrx_word' id='word_1_205' title='bbox 16 2965 240 3039; x_wconf 87' lang='lat' dir='ltr'>predictorum,</span> <span class='ocrx_word' id='word_1_206' title='bbox 264 2966 421 3037; x_wconf 86' lang='lat' dir='ltr'>signanter</span> <span class='ocrx_word' id='word_1_207' title='bbox 444 2967 524 3023; x_wconf 91' lang='lat' dir='ltr'>bone</span> <span class='ocrx_word' id='word_1_208' title='bbox 547 2967 695 3024; x_wconf 89' lang='lat' dir='ltr'>memorie</span> <span class='ocrx_word' id='word_1_209' title='bbox 712 2966 910 3024; x_wconf 89' lang='lat' dir='ltr'>dominorum</span> <span class='ocrx_word' id='word_1_210' title='bbox 927 2965 1108 3036; x_wconf 85' lang='lat' dir='ltr'>Eberhardi,</span> <span class='ocrx_word' id='word_1_211' title='bbox 1128 2966 1285 3048; x_wconf 90' lang='lat' dir='ltr'>Johannis,</span> 
     </span>
     <span class='ocr_line' id='line_1_26' title="bbox 17 3069 1285 3145; baseline -0.001 -16"><span class='ocrx_word' id='word_1_212' title='bbox 17 3069 116 3143; x_wconf 87' lang='lat' dir='ltr'>Pauli,</span> <span class='ocrx_word' id='word_1_213' title='bbox 140 3069 290 3145; x_wconf 87' lang='lat' dir='ltr'>Stephani</span> <span class='ocrx_word' id='word_1_214' title='bbox 313 3081 343 3128; x_wconf 91' lang='lat' dir='ltr'>et</span> <span class='ocrx_word' id='word_1_215' title='bbox 366 3073 513 3130; x_wconf 85' lang='lat' dir='ltr'>Anthonii</span> <span class='ocrx_word' id='word_1_216' title='bbox 535 3074 756 3145; x_wconf 87' lang='lat' dir='ltr'>episcoporum</span> <span class='ocrx_word' id='word_1_217' title='bbox 787 3073 852 3129; x_wconf 89' lang='lat' dir='ltr'>sive</span> <span class='ocrx_word' id='word_1_218' title='bbox 884 3073 1045 3145; x_wconf 91' lang='lat' dir='ltr'>presulum</span> <span class='ocrx_word' id='word_1_219' title='bbox 1081 3071 1213 3129; x_wconf 88' lang='lat' dir='ltr'>condam</span> <span class='ocrx_word' id='word_1_220' title='bbox 1236 3086 1285 3128; x_wconf 89' lang='lat' dir='ltr'>za-</span> 
     </span>
     <span class='ocr_line' id='line_1_27' title="bbox 16 3177 1283 3251; baseline -0.001 -16"><span class='ocrx_word' id='word_1_221' title='bbox 16 3177 241 3251; x_wconf 88' lang='lat' dir='ltr'>grabiensium,</span> <span class='ocrx_word' id='word_1_222' title='bbox 264 3178 440 3235; x_wconf 89' lang='lat' dir='ltr'>litterarum</span> <span class='ocrx_word' id='word_1_223' title='bbox 464 3179 648 3235; x_wconf 83' lang='lat' dir='ltr'>testimoniis</span> <span class='ocrx_word' id='word_1_224' title='bbox 682 3177 800 3235; x_wconf 90' lang='lat' dir='ltr'>ibidem</span> <span class='ocrx_word' id='word_1_225' title='bbox 835 3179 1026 3249; x_wconf 86' lang='lat' dir='ltr'>specietenus</span> <span class='ocrx_word' id='word_1_226' title='bbox 1063 3192 1170 3234; x_wconf 89' lang='lat' dir='ltr'>coram</span> <span class='ocrx_word' id='word_1_227' title='bbox 1194 3178 1283 3235; x_wconf 90' lang='lat' dir='ltr'>nobis</span> 
     </span>
     <span class='ocr_line' id='line_1_28' title="bbox 13 3283 1283 3357; baseline -0.001 -15"><span class='ocrx_word' id='word_1_228' title='bbox 13 3284 227 3342; x_wconf 88' lang='lat' dir='ltr'>exhibitarum</span> <span class='ocrx_word' id='word_1_229' title='bbox 251 3284 470 3357; x_wconf 90' lang='lat' dir='ltr'>approbabant</span> <span class='ocrx_word' id='word_1_230' title='bbox 494 3283 560 3341; x_wconf 86' lang='lat' dir='ltr'>fore</span> <span class='ocrx_word' id='word_1_231' title='bbox 584 3284 809 3353; x_wconf 85' lang='lat' dir='ltr'>confirmatam,</span> <span class='ocrx_word' id='word_1_232' title='bbox 833 3284 1045 3356; x_wconf 89' lang='lat' dir='ltr'>supplicantes</span> <span class='ocrx_word' id='word_1_233' title='bbox 1068 3284 1157 3340; x_wconf 91' lang='lat' dir='ltr'>nobis</span> <span class='ocrx_word' id='word_1_234' title='bbox 1182 3284 1283 3341; x_wconf 93' lang='lat' dir='ltr'>humi·</span> 
     </span>
     <span class='ocr_line' id='line_1_29' title="bbox 15 3387 1284 3463; baseline -0.001 -16"><span class='ocrx_word' id='word_1_235' title='bbox 15 3390 88 3448; x_wconf 90' lang='lat' dir='ltr'>liter</span> <span class='ocrx_word' id='word_1_236' title='bbox 113 3398 143 3445; x_wconf 90' lang='lat' dir='ltr'>et</span> <span class='ocrx_word' id='word_1_237' title='bbox 166 3387 278 3447; x_wconf 87' lang='lat' dir='ltr'>devote</span> <span class='ocrx_word' id='word_1_238' title='bbox 303 3397 452 3463; x_wconf 90' lang='lat' dir='ltr'>quatenus</span> <span class='ocrx_word' id='word_1_239' title='bbox 476 3405 531 3447; x_wconf 91' lang='lat' dir='ltr'>nos</span> <span class='ocrx_word' id='word_1_240' title='bbox 555 3391 653 3448; x_wconf 90' lang='lat' dir='ltr'>eciam</span> <span class='ocrx_word' id='word_1_241' title='bbox 690 3391 869 3448; x_wconf 90' lang='lat' dir='ltr'>huiusmodi</span> <span class='ocrx_word' id='word_1_242' title='bbox 904 3392 1042 3463; x_wconf 92' lang='lat' dir='ltr'>ipsorum</span> <span class='ocrx_word' id='word_1_243' title='bbox 1079 3391 1284 3463; x_wconf 88' lang='lat' dir='ltr'>peticionibus</span> 
     </span>
     <span class='ocr_line' id='line_1_30' title="bbox 13 3495 1284 3570; baseline 0 -17"><span class='ocrx_word' id='word_1_244' title='bbox 13 3495 220 3570; x_wconf 86' lang='lat' dir='ltr'>paternaliter</span> <span class='ocrx_word' id='word_1_245' title='bbox 243 3495 389 3564; x_wconf 89' lang='lat' dir='ltr'>inclinati,</span> <span class='ocrx_word' id='word_1_246' title='bbox 414 3496 486 3568; x_wconf 92' lang='lat' dir='ltr'>quia</span> <span class='ocrx_word' id='word_1_247' title='bbox 510 3513 547 3552; x_wconf 87' lang='lat' dir='ltr'>ex</span> <span class='ocrx_word' id='word_1_248' title='bbox 571 3497 712 3570; x_wconf 90' lang='lat' dir='ltr'>ipsorum</span> <span class='ocrx_word' id='word_1_249' title='bbox 735 3496 991 3570; x_wconf 88' lang='lat' dir='ltr'>predecessorum</span> <span class='ocrx_word' id='word_1_250' title='bbox 1023 3503 1201 3554; x_wconf 89' lang='lat' dir='ltr'>nostrorum</span> <span class='ocrx_word' id='word_1_251' title='bbox 1234 3497 1284 3553; x_wconf 93' lang='lat' dir='ltr'>lit·</span> 
     </span>
     <span class='ocr_line' id='line_1_31' title="bbox 13 3601 1284 3676; baseline -0.003 -15"><span class='ocrx_word' id='word_1_252' title='bbox 13 3607 153 3661; x_wconf 85' lang='lat' dir='ltr'>terarum</span> <span class='ocrx_word' id='word_1_253' title='bbox 177 3601 346 3671; x_wconf 90' lang='lat' dir='ltr'>tenoribus,</span> <span class='ocrx_word' id='word_1_254' title='bbox 371 3616 449 3674; x_wconf 89' lang='lat' dir='ltr'>quos</span> <span class='ocrx_word' id='word_1_255' title='bbox 472 3603 522 3659; x_wconf 94' lang='lat' dir='ltr'>hic</span> <span class='ocrx_word' id='word_1_256' title='bbox 546 3617 604 3675; x_wconf 89' lang='lat' dir='ltr'>pro</span> <span class='ocrx_word' id='word_1_257' title='bbox 628 3602 816 3660; x_wconf 87' lang='lat' dir='ltr'>sufficienter</span> <span class='ocrx_word' id='word_1_258' title='bbox 839 3603 993 3675; x_wconf 89' lang='lat' dir='ltr'>expressis</span> <span class='ocrx_word' id='word_1_259' title='bbox 1025 3609 1055 3659; x_wconf 94' lang='lat' dir='ltr'>et</span> <span class='ocrx_word' id='word_1_260' title='bbox 1087 3602 1284 3676; x_wconf 91' lang='lat' dir='ltr'>presentibus</span> 
     </span>
     <span class='ocr_line' id='line_1_32' title="bbox 14 3707 1285 3782; baseline -0.001 -15"><span class='ocrx_word' id='word_1_261' title='bbox 14 3722 73 3782; x_wconf 86' lang='lat' dir='ltr'>pro</span> <span class='ocrx_word' id='word_1_262' title='bbox 96 3707 221 3765; x_wconf 85' lang='lat' dir='ltr'>insertis</span> <span class='ocrx_word' id='word_1_263' title='bbox 244 3708 359 3765; x_wconf 90' lang='lat' dir='ltr'>habere</span> <span class='ocrx_word' id='word_1_264' title='bbox 384 3709 529 3765; x_wconf 90' lang='lat' dir='ltr'>volumus</span> <span class='ocrx_word' id='word_1_265' title='bbox 553 3715 582 3765; x_wconf 94' lang='lat' dir='ltr'>et</span> <span class='ocrx_word' id='word_1_266' title='bbox 617 3709 778 3778; x_wconf 90' lang='lat' dir='ltr'>habemus,</span> <span class='ocrx_word' id='word_1_267' title='bbox 802 3709 914 3781; x_wconf 91' lang='lat' dir='ltr'>quibus</span> <span class='ocrx_word' id='word_1_268' title='bbox 939 3709 1035 3765; x_wconf 90' lang='lat' dir='ltr'>eciam</span> <span class='ocrx_word' id='word_1_269' title='bbox 1060 3709 1177 3782; x_wconf 88' lang='lat' dir='ltr'>absque</span> <span class='ocrx_word' id='word_1_270' title='bbox 1200 3709 1285 3766; x_wconf 88' lang='lat' dir='ltr'>exhi·</span> 
     </span>
     <span class='ocr_line' id='line_1_33' title="bbox 15 3814 1285 3889; baseline 0 -17"><span class='ocrx_word' id='word_1_271' title='bbox 15 3814 137 3872; x_wconf 89' lang='lat' dir='ltr'>bicione</span> <span class='ocrx_word' id='word_1_272' title='bbox 160 3814 299 3886; x_wconf 89' lang='lat' dir='ltr'>ipsarum</span> <span class='ocrx_word' id='word_1_273' title='bbox 317 3814 456 3887; x_wconf 88' lang='lat' dir='ltr'>priarum</span> <span class='ocrx_word' id='word_1_274' title='bbox 474 3814 656 3884; x_wconf 89' lang='lat' dir='ltr'>litterarum,</span> <span class='ocrx_word' id='word_1_275' title='bbox 670 3814 708 3871; x_wconf 92' lang='lat' dir='ltr'>de</span> <span class='ocrx_word' id='word_1_276' title='bbox 724 3815 837 3887; x_wconf 91' lang='lat' dir='ltr'>quibus</span> <span class='ocrx_word' id='word_1_277' title='bbox 854 3830 948 3888; x_wconf 89' lang='lat' dir='ltr'>supra</span> <span class='ocrx_word' id='word_1_278' title='bbox 966 3814 1001 3872; x_wconf 88' lang='lat' dir='ltr'>fit</span> <span class='ocrx_word' id='word_1_279' title='bbox 1018 3816 1148 3886; x_wconf 90' lang='lat' dir='ltr'>mencio,</span> <span class='ocrx_word' id='word_1_280' title='bbox 1160 3831 1285 3889; x_wconf 88' lang='lat' dir='ltr'>semper</span> 
     </span>
     <span class='ocr_line' id='line_1_34' title="bbox 15 3917 1284 3992; baseline 0 -15"><span class='ocrx_word' id='word_1_281' title='bbox 15 3927 46 3977; x_wconf 91' lang='lat' dir='ltr'>et</span> <span class='ocrx_word' id='word_1_282' title='bbox 67 3920 186 3992; x_wconf 89' lang='lat' dir='ltr'>ubique</span> <span class='ocrx_word' id='word_1_283' title='bbox 209 3917 305 3975; x_wconf 90' lang='lat' dir='ltr'>fidem</span> <span class='ocrx_word' id='word_1_284' title='bbox 337 3919 478 3976; x_wconf 89' lang='lat' dir='ltr'>adhiberi</span> <span class='ocrx_word' id='word_1_285' title='bbox 505 3920 650 3976; x_wconf 91' lang='lat' dir='ltr'>volumus</span> <span class='ocrx_word' id='word_1_286' title='bbox 674 3927 703 3976; x_wconf 93' lang='lat' dir='ltr'>et</span> <span class='ocrx_word' id='word_1_287' title='bbox 727 3921 931 3990; x_wconf 85' lang='lat' dir='ltr'>declaramus,</span> <span class='ocrx_word' id='word_1_288' title='bbox 956 3923 1165 3992; x_wconf 89' lang='lat' dir='ltr'>comperimus</span> <span class='ocrx_word' id='word_1_289' title='bbox 1201 3920 1284 3978; x_wconf 87' lang='lat' dir='ltr'>clare</span> 
     </span>
     <span class='ocr_line' id='line_1_35' title="bbox 15 4024 1283 4099; baseline 0.001 -16"><span class='ocrx_word' id='word_1_290' title='bbox 15 4024 131 4083; x_wconf 91' lang='lat' dir='ltr'>dictam</span> <span class='ocrx_word' id='word_1_291' title='bbox 160 4024 414 4083; x_wconf 89' lang='lat' dir='ltr'>consvetudinem</span> <span class='ocrx_word' id='word_1_292' title='bbox 439 4026 571 4083; x_wconf 86' lang='lat' dir='ltr'>testandi</span> <span class='ocrx_word' id='word_1_293' title='bbox 594 4026 659 4082; x_wconf 86' lang='lat' dir='ltr'>fore</span> <span class='ocrx_word' id='word_1_294' title='bbox 684 4026 776 4083; x_wconf 87' lang='lat' dir='ltr'>fuisse</span> <span class='ocrx_word' id='word_1_295' title='bbox 802 4034 831 4083; x_wconf 89' lang='lat' dir='ltr'>et</span> <span class='ocrx_word' id='word_1_296' title='bbox 855 4043 919 4082; x_wconf 87' lang='lat' dir='ltr'>csse</span> <span class='ocrx_word' id='word_1_297' title='bbox 936 4027 977 4083; x_wconf 90' lang='lat' dir='ltr'>ab</span> <span class='ocrx_word' id='word_1_298' title='bbox 995 4027 1122 4099; x_wconf 91' lang='lat' dir='ltr'>antiquo</span> <span class='ocrx_word' id='word_1_299' title='bbox 1140 4026 1178 4083; x_wconf 89' lang='lat' dir='ltr'>de</span> <span class='ocrx_word' id='word_1_300' title='bbox 1200 4027 1283 4098; x_wconf 90' lang='lat' dir='ltr'>stilo,</span> 
     </span>
     <span class='ocr_line' id='line_1_36' title="bbox 14 4131 1284 4207; baseline 0 -16"><span class='ocrx_word' id='word_1_301' title='bbox 14 4147 101 4191; x_wconf 88' lang='lat' dir='ltr'>more</span> <span class='ocrx_word' id='word_1_302' title='bbox 136 4136 166 4189; x_wconf 91' lang='lat' dir='ltr'>et</span> <span class='ocrx_word' id='word_1_303' title='bbox 200 4131 401 4189; x_wconf 87' lang='lat' dir='ltr'>observancia</span> <span class='ocrx_word' id='word_1_304' title='bbox 435 4131 574 4188; x_wconf 89' lang='lat' dir='ltr'>eiusdem</span> <span class='ocrx_word' id='word_1_305' title='bbox 608 4138 711 4189; x_wconf 90' lang='lat' dir='ltr'>nostre</span> <span class='ocrx_word' id='word_1_306' title='bbox 745 4134 967 4205; x_wconf 88' lang='lat' dir='ltr'>zagrabiensis·</span> <span class='ocrx_word' id='word_1_307' title='bbox 988 4132 1114 4189; x_wconf 87' lang='lat' dir='ltr'>ecclesie</span> <span class='ocrx_word' id='word_1_308' title='bbox 1151 4134 1194 4190; x_wconf 91' lang='lat' dir='ltr'>ita</span> <span class='ocrx_word' id='word_1_309' title='bbox 1227 4149 1284 4207; x_wconf 87' lang='lat' dir='ltr'>per</span> 
     </span>
     <span class='ocr_line' id='line_1_37' title="bbox 14 4234 1283 4312; baseline -0.001 -16"><span class='ocrx_word' id='word_1_310' title='bbox 14 4239 118 4296; x_wconf 89' lang='lat' dir='ltr'>omnia</span> <span class='ocrx_word' id='word_1_311' title='bbox 142 4243 259 4294; x_wconf 90' lang='lat' dir='ltr'>tentam</span> <span class='ocrx_word' id='word_1_312' title='bbox 282 4243 312 4294; x_wconf 93' lang='lat' dir='ltr'>et</span> <span class='ocrx_word' id='word_1_313' title='bbox 335 4238 532 4295; x_wconf 88' lang='lat' dir='ltr'>observatam</span> <span class='ocrx_word' id='word_1_314' title='bbox 548 4254 583 4294; x_wconf 92' lang='lat' dir='ltr'>ac</span> <span class='ocrx_word' id='word_1_315' title='bbox 609 4234 703 4295; x_wconf 91' lang='lat' dir='ltr'>modo</span> <span class='ocrx_word' id='word_1_316' title='bbox 729 4239 893 4311; x_wconf 88' lang='lat' dir='ltr'>prehabito</span> <span class='ocrx_word' id='word_1_317' title='bbox 909 4240 1061 4310; x_wconf 88' lang='lat' dir='ltr'>legittime</span> <span class='ocrx_word' id='word_1_318' title='bbox 1079 4239 1283 4312; x_wconf 88' lang='lat' dir='ltr'>prescriptam</span> 
     </span>
     <span class='ocr_line' id='line_1_38' title="bbox 14 4341 1284 4418; baseline 0 -16"><span class='ocrx_word' id='word_1_319' title='bbox 14 4351 44 4402; x_wconf 92' lang='lat' dir='ltr'>et</span> <span class='ocrx_word' id='word_1_320' title='bbox 66 4359 124 4418; x_wconf 88' lang='lat' dir='ltr'>per</span> <span class='ocrx_word' id='word_1_321' title='bbox 146 4341 299 4400; x_wconf 85' lang='lat' dir='ltr'>antefatos</span> <span class='ocrx_word' id='word_1_322' title='bbox 335 4342 567 4417; x_wconf 87' lang='lat' dir='ltr'>predecessores</span> <span class='ocrx_word' id='word_1_323' title='bbox 590 4350 710 4403; x_wconf 91' lang='lat' dir='ltr'>nostros</span> <span class='ocrx_word' id='word_1_324' title='bbox 734 4344 958 4415; x_wconf 88' lang='lat' dir='ltr'>confirmatam,</span> <span class='ocrx_word' id='word_1_325' title='bbox 983 4346 1147 4417; x_wconf 89' lang='lat' dir='ltr'>omniaque</span> <span class='ocrx_word' id='word_1_326' title='bbox 1170 4345 1231 4402; x_wconf 87' lang='lat' dir='ltr'>alia</span> <span class='ocrx_word' id='word_1_327' title='bbox 1254 4350 1284 4402; x_wconf 94' lang='lat' dir='ltr'>et</span> 
     </span>
     <span class='ocr_line' id='line_1_39' title="bbox 13 4449 1283 4523; baseline -0.001 -14"><span class='ocrx_word' id='word_1_328' title='bbox 13 4449 137 4523; x_wconf 84' lang='lat' dir='ltr'>singula</span> <span class='ocrx_word' id='word_1_329' title='bbox 159 4449 302 4522; x_wconf 91' lang='lat' dir='ltr'>ipsorum</span> <span class='ocrx_word' id='word_1_330' title='bbox 332 4456 456 4506; x_wconf 89' lang='lat' dir='ltr'>narrata</span> <span class='ocrx_word' id='word_1_331' title='bbox 488 4450 616 4507; x_wconf 87' lang='lat' dir='ltr'>veritate</span> <span class='ocrx_word' id='word_1_332' title='bbox 651 4449 762 4508; x_wconf 87' lang='lat' dir='ltr'>fulciri.</span> <span class='ocrx_word' id='word_1_333' title='bbox 787 4451 858 4507; x_wconf 90' lang='lat' dir='ltr'>Ideo</span> <span class='ocrx_word' id='word_1_334' title='bbox 894 4465 949 4507; x_wconf 93' lang='lat' dir='ltr'>nos</span> <span class='ocrx_word' id='word_1_335' title='bbox 973 4467 1010 4506; x_wconf 86' lang='lat' dir='ltr'>ex</span> <span class='ocrx_word' id='word_1_336' title='bbox 1048 4458 1130 4509; x_wconf 89' lang='lat' dir='ltr'>certa</span> <span class='ocrx_word' id='word_1_337' title='bbox 1153 4452 1283 4509; x_wconf 89' lang='lat' dir='ltr'>sciencia</span> 
     </span>
     <span class='ocr_line' id='line_1_40' title="bbox 12 4554 1283 4629; baseline 0.001 -15"><span class='ocrx_word' id='word_1_338' title='bbox 12 4562 119 4615; x_wconf 90' lang='lat' dir='ltr'>nostra</span> <span class='ocrx_word' id='word_1_339' title='bbox 143 4561 173 4613; x_wconf 91' lang='lat' dir='ltr'>et</span> <span class='ocrx_word' id='word_1_340' title='bbox 196 4555 301 4613; x_wconf 90' lang='lat' dir='ltr'>animo</span> <span class='ocrx_word' id='word_1_341' title='bbox 324 4554 497 4613; x_wconf 89' lang='lat' dir='ltr'>deliberato</span> <span class='ocrx_word' id='word_1_342' title='bbox 521 4555 674 4629; x_wconf 85' lang='lat' dir='ltr'>prefatam</span> <span class='ocrx_word' id='word_1_343' title='bbox 706 4557 847 4629; x_wconf 91' lang='lat' dir='ltr'>ipsorum</span> <span class='ocrx_word' id='word_1_344' title='bbox 883 4556 1015 4614; x_wconf 80' lang='lat' dir='ltr'>fratrum</span> <span class='ocrx_word' id='word_1_345' title='bbox 1050 4566 1228 4615; x_wconf 89' lang='lat' dir='ltr'>nostrorum</span> <span class='ocrx_word' id='word_1_346' title='bbox 1253 4563 1283 4615; x_wconf 94' lang='lat' dir='ltr'>et</span> 
     </span>
     <span class='ocr_line' id='line_1_41' title="bbox 12 4661 1281 4735; baseline 0.001 -15"><span class='ocrx_word' id='word_1_347' title='bbox 12 4661 148 4720; x_wconf 80' lang='lat' dir='ltr'>aliarum</span> <span class='ocrx_word' id='word_1_348' title='bbox 171 4661 268 4735; x_wconf 90' lang='lat' dir='ltr'>ipsius</span> <span class='ocrx_word' id='word_1_349' title='bbox 291 4661 419 4718; x_wconf 84' lang='lat' dir='ltr'>ecclesie</span> <span class='ocrx_word' id='word_1_350' title='bbox 440 4667 543 4719; x_wconf 91' lang='lat' dir='ltr'>nostre</span> <span class='ocrx_word' id='word_1_351' title='bbox 568 4677 775 4735; x_wconf 88' lang='lat' dir='ltr'>personarum</span> <span class='ocrx_word' id='word_1_352' title='bbox 804 4663 996 4721; x_wconf 88' lang='lat' dir='ltr'>laudabilem</span> <span class='ocrx_word' id='word_1_353' title='bbox 1019 4663 1281 4735; x_wconf 82' lang='lat' dir='ltr'>consuetudinem,</span> 
     </span>
     <span class='ocr_line' id='line_1_42' title="bbox 13 4768 1278 4844; baseline -0.001 -17"><span class='ocrx_word' id='word_1_354' title='bbox 13 4775 117 4827; x_wconf 84' lang='lat' dir='ltr'>ratam</span> <span class='ocrx_word' id='word_1_355' title='bbox 140 4774 170 4825; x_wconf 91' lang='lat' dir='ltr'>et</span> <span class='ocrx_word' id='word_1_356' title='bbox 205 4773 327 4840; x_wconf 83' lang='lat' dir='ltr'>gratam</span> <span class='ocrx_word' id='word_1_357' title='bbox 362 4768 511 4825; x_wconf 90' lang='lat' dir='ltr'>habentes</span> <span class='ocrx_word' id='word_1_358' title='bbox 535 4775 564 4825; x_wconf 94' lang='lat' dir='ltr'>et</span> <span class='ocrx_word' id='word_1_359' title='bbox 600 4769 817 4842; x_wconf 89' lang='lat' dir='ltr'>approbantes,</span> <span class='ocrx_word' id='word_1_360' title='bbox 855 4771 1004 4842; x_wconf 91' lang='lat' dir='ltr'>presentis</span> <span class='ocrx_word' id='word_1_361' title='bbox 1028 4771 1135 4844; x_wconf 88' lang='lat' dir='ltr'>scripti</span> <span class='ocrx_word' id='word_1_362' title='bbox 1159 4769 1278 4827; x_wconf 92' lang='lat' dir='ltr'>stabili·</span> 
     </span>
     <span class='ocr_line' id='line_1_43' title="bbox 12 4872 1281 4948; baseline 0.001 -15"><span class='ocrx_word' id='word_1_363' title='bbox 12 4881 119 4934; x_wconf 87' lang='lat' dir='ltr'>mento</span> <span class='ocrx_word' id='word_1_364' title='bbox 142 4872 373 4945; x_wconf 83' lang='lat' dir='ltr'>confirmamus,</span> <span class='ocrx_word' id='word_1_365' title='bbox 396 4880 426 4930; x_wconf 90' lang='lat' dir='ltr'>et</span> <span class='ocrx_word' id='word_1_366' title='bbox 449 4873 566 4930; x_wconf 91' lang='lat' dir='ltr'>eisdem</span> <span class='ocrx_word' id='word_1_367' title='bbox 590 4875 720 4948; x_wconf 88' lang='lat' dir='ltr'>singulis</span> <span class='ocrx_word' id='word_1_368' title='bbox 743 4876 940 4947; x_wconf 89' lang='lat' dir='ltr'>singulariter</span> <span class='ocrx_word' id='word_1_369' title='bbox 964 4892 999 4933; x_wconf 93' lang='lat' dir='ltr'>ac</span> <span class='ocrx_word' id='word_1_370' title='bbox 1022 4891 1131 4934; x_wconf 90' lang='lat' dir='ltr'>eorum</span> <span class='ocrx_word' id='word_1_371' title='bbox 1153 4875 1281 4934; x_wconf 90' lang='lat' dir='ltr'>cuilibet</span> 
     </span>
    </p>
   </div>
   <div class='ocr_carea' id='block_1_4' title="bbox 0 0 1644 5348">
    <p class='ocr_par' dir='ltr' id='par_1_4' title="bbox 0 0 1644 5348">
     <span class='ocr_line' id='line_1_44' title="bbox 0 0 1644 5348; baseline 0 0"><span class='ocrx_word' id='word_1_372' title='bbox 0 0 1644 5348; x_wconf 95' lang='lat' dir='ltr'> </span> 
     </span>
    </p>
   </div>
  </div>
 </body>
</html>
