3278 5348
189 392 228 451 88
371 438 379 452 .
614 389 685 447 Doc.
709 398 758 464 70.
784 420 824 430 -
849 387 905 444 An.
931 400 1020 463 1434·

187 604 425 679 disposicionem
450 609 479 660 et
504 602 693 675 legacionem
725 603 999 673 testamentariam,
1023 601 1136 677 prelati
1167 601 1304 660 condam
1335 600 1463 661 domini

187 711 336 794 Johannis
365 710 503 783 episcopi
534 708 572 765 de
606 708 772 767 medietate
804 710 896 767 castri
928 709 1046 767 Kuuar
1076 716 1105 766 et
1136 706 1247 783 oppidi
1270 707 1460 782 Kaproncza

190 831 323 889 pernes
347 814 465 872 dudum
501 815 560 888 ipsi
595 815 727 872 condam
757 815 886 873 domino
917 815 1049 899 Johanni
1075 815 1222 889 episcopo
1250 828 1311 887 pro
1333 820 1460 888 septem

189 922 329 979 millibus
366 921 488 978 liorenis
511 922 578 978 auri
602 921 903 994 impignoratorum‚
934 920 1062 980 iamfato
1093 921 1231 995 capitulo
1259 919 1458 994 zagrabiensi

187 1044 224 1084 ex
260 1042 295 1084 eo
331 1027 464 1097 factam,
500 1033 533 1085 ut
568 1035 737 1100 proventus
773 1027 954 1086 eorumdem
991 1028 1132 1097 tamdiu,
1168 1027 1265 1085 donec
1301 1042 1361 1100 per
1398 1041 1457 1084 nos

187 1133 421 1202 redimerentur,
446 1140 476 1190 et
500 1141 570 1206 post
593 1135 734 1206 ipsorum
770 1133 1021 1208 redempcionem
1057 1132 1255 1190 medietatem
1291 1133 1454 1206 prenomi-

186 1248 330 1298 natorum
363 1247 482 1312 septem
526 1241 663 1298 millium
699 1241 888 1299 florenorum
926 1241 994 1298 auri
1029 1256 1086 1315 per
1121 1239 1240 1299 dictum
1278 1238 1453 1312 capitulum

186 1348 384 1418 zagrabiense
417 1353 447 1404 et
480 1354 658 1404 executores
693 1348 741 1404 sui
775 1348 951 1404 testamenti
979 1346 1018 1404 ad
1043 1345 1194 1404 fabricam
1218 1345 1300 1403 dicte
1321 1346 1451 1403 ecclesie

187 1453 395 1523 zagrabiensis
417 1452 676 1526 dispensarentur,
701 1453 739 1511 ad
764 1452 943 1510 huiusmodi
975 1452 1174 1510 medietatem
1203 1452 1266 1509 iam
1297 1450 1453 1509 dictorum

187 1559 278 1616 castri
305 1565 334 1615 et
357 1558 466 1633 oppidi
497 1559 615 1617 dictum
649 1561 822 1634 capitulum
854 1560 1053 1631 zagrabiense
1083 1564 1114 1616 et
1144 1558 1322 1615 testamenti
1354 1558 1451 1631 ipsius

187 1664 318 1720 condam
355 1664 473 1721 domini
503 1665 651 1746 Johannis
686 1666 824 1739 episcopi
859 1670 1038 1723 executores
1068 1664 1245 1722 nullatenus
1275 1661 1453 1723 admisisset

186 1786 286 1843 neque
317 1769 481 1827 admittere
515 1771 619 1842 vellet,
649 1771 780 1828 eandem
804 1771 888 1844 apud
913 1786 1022 1828 manus
1046 1786 1117 1828 suas
1141 1769 1357 1844 potencialiter
1382 1770 1452 1828 reti·

186 1876 294 1946 nendo,
319 1875 423 1933 dicens
447 1883 476 1933 et
498 1877 692 1935 subinserens
715 1878 799 1935 idem
822 1876 983 1946 Rodollus,
1009 1883 1101 1950 prout
1134 1876 1200 1950 ipse
1223 1876 1322 1933 eciam
1345 1891 1452 1934 coram

187 1983 276 2039 nobis
310 1983 368 2039 hoc
403 1981 487 2039 idem
518 1984 675 2040 asserebat
707 1982 887 2040 huiusmodi
923 1982 1187 2040 testamentariam
1211 1980 1452 2055 disposicionem

187 2088 332 2161 prelibati
356 2087 487 2145 condam
512 2088 630 2146 domini
653 2089 801 2170 Johannis
824 2088 971 2161 episcopi,
996 2087 1101 2145 fratris
1124 2087 1181 2156 sui,
1204 2086 1355 2145 frivolam
1387 2103 1452 2145 esse

188 2203 217 2252 et
252 2195 348 2252 nullis
383 2209 474 2267 posse
507 2203 560 2250 aut
596 2195 710 2252 debere
745 2195 865 2253 viribus
889 2195 1065 2264 subsistere,
1089 2209 1161 2252 cum
1184 2194 1222 2250 de
1245 2193 1366 2252 eisdem
1387 2196 1452 2269 ipse

186 2300 306 2357 nullam
331 2299 462 2356 testandi
486 2300 630 2357 habuerit
654 2299 851 2370 facultatem;
875 2306 905 2357 et
929 2300 1012 2373 quod
1037 2301 1163 2374 insuper
1189 2300 1273 2357 idem
1296 2300 1453 2359 Rodollus

186 2406 343 2480 quandam
359 2406 470 2463 villam
487 2406 657 2478 Cralyoucz
674 2416 703 2463 et
720 2407 918 2474 tributum,in
937 2406 1052 2478 Czerye
1068 2406 1150 2478 exigi
1173 2406 1311 2478 solitum,
1336 2423 1399 2480 que
1421 2414 1450 2466 et

186 2512 269 2586 quod
306 2528 362 2586 per
396 2512 527 2570 condam
559 2512 765 2570 reverendum
797 2521 920 2587 patrem
945 2510 1108 2570 dominum
1130 2511 1349 2570 Eberhardum
1373 2513 1453 2588 epis·

184 2634 299 2693 copum
322 2619 552 2690 zagrabiensem
578 2633 635 2691 pro
660 2618 854 2676 celebrandis
877 2618 908 2675 in
931 2625 1120 2692 perpetuum
1145 2618 1248 2676 missis
1264 2618 1295 2675 in
1312 2619 1451 2692 quodam

185 2726 276 2783 altari
300 2726 329 2782 in
353 2725 420 2797 ipsa
444 2725 573 2781 ecclesia
596 2741 652 2797 per
677 2726 781 2798 ipsum
804 2726 952 2796 instituto,
975 2726 1114 2799 capitulo
1138 2725 1279 2798 predicto
1299 2731 1336 2783 et*
1354 2733 1452 2785 recto·

185 2833 270 2888 ribus
295 2831 391 2904 ipsius
423 2831 530 2887 altaris
561 2830 672 2887 donate
708 2832 887 2901 extitissent,
922 2839 952 2888 et
983 2846 1117 2904 quorum
1149 2831 1325 2890 dominium
1356 2838 1450 2906 atque

186 2938 346 3010 pacificam
371 2937 598 3010 possessionem
623 2936 706 2994 idem
731 2939 903 3010 capitulum
928 2945 957 2994 et
983 2945 1118 2995 rectores
1142 2937 1240 3010 ipsius
1263 2937 1373 2996 altaris
1396 2955 1452 3013 per

185 3049 282 3100 totum
308 3050 430 3116 tempus
455 3044 551 3115 ipsius
575 3043 706 3100 condam
732 3043 849 3101 domini
872 3044 1021 3126 Johannis
1041 3043 1181 3117 episcopi
1200 3044 1391 3118 habuissent,
1411 3046 1452 3103 ab

184 3149 300 3205 eisdem
322 3145 443 3205 auferre
460 3149 544 3205 etad
561 3155 697 3206 castrum
722 3149 841 3207 hledwe
864 3150 1025 3223 applicare
1049 3160 1078 3207 et
1099 3155 1262 3208 annectere
1277 3158 1451 3225 conaretur,

185 3256 323 3326 allegans
354 3257 419 3329 ipse
454 3254 616 3325 liodollus,
650 3261 742 3328 prout
765 3263 794 3313 et
815 3270 920 3312 coram
945 3257 1034 3313 nobis
1058 3257 1267 3330 personaliter
1288 3257 1450 3330 allegavit,

185 3361 297 3417 dictam
323 3361 432 3417 villam
457 3377 491 3417 ac
515 3362 666 3418 tributum
691 3360 731 3417 ad
754 3363 857 3435 ipsum
882 3369 1018 3420 castrum
1042 3362 1162 3420 Medwe
1194 3378 1318 3435 semper
1348 3373 1380 3422 et
1410 3365 1450 3422 ab

184 3469 309 3538 antiquo
342 3467 533 3539 pertinuisse,
569 3475 598 3524 et
633 3469 737 3540 ipsum
773 3468 904 3525 condam
940 3469 1103 3526 dominum
1126 3467 1344 3526 Eberhardum
1369 3471 1451 3545 epis·

185 3588 298 3645 copum
335 3574 363 3629 in
400 3573 606 3645 preiudicium
642 3574 689 3631 sui
719 3572 795 3648 juris
826 3573 1006 3631 huiusmodi
1032 3573 1273 3647 disposicionem
1297 3574 1336 3632 de
1359 3575 1452 3635 dictis

184 3679 261 3734 villa
294 3685 322 3735 et
354 3680 469 3735 tributo
500 3678 600 3735 lacere
629 3696 689 3737 non
715 3682 858 3753 potuisse,
883 3678 1144 3736 mandaveramus
1167 3696 1225 3753 per
1246 3685 1369 3738 nostras
1401 3682 1452 3740 lit·

183 3791 264 3840 teras
299 3784 462 3856 spectabili
500 3796 529 3840 et
566 3786 731 3857 magnifico
767 3789 946 3843 Hermanno
981 3785 1061 3844 Cilie
1098 3792 1129 3842 et
1169 3785 1299 3858 Zagorie
1333 3788 1451 3860 comiti,

184 3891 343 3962 nostrique
368 3892 452 3962 regni
477 3890 639 3949 Sclauonie
664 3894 753 3959 bano,
779 3907 884 3951 socero
908 3899 1024 3964 nostr0,
1049 3897 1082 3950 ut
1113 3907 1239 3949 causam
1269 3893 1452 3954 huiusmodi

183 3998 412 4053 testamentario
444 3996 658 4070 disposicionis
690 4007 719 4055 et
751 4002 847 4057 eciam
871 3999 1077 4057 ordinacionis
1101 3999 1214 4073 prefati
1237 3999 1372 4058 condam
1396 4001 1453 4060 do·

184 4103 259 4159 mini
283 4102 456 4160 Eberhardi
491 4105 628 4176 episcopi
660 4121 754 4178 super
777 4107 936 4179 premissis
959 4108 1052 4163 rebus
1076 4107 1155 4163 inter
1177 4104 1341 4164 iamfatum
1364 4108 1452 4182 capi·

183 4210 285 4265 tulum
310 4210 509 4279 zagrabiense
534 4217 562 4266 et
587 4217 721 4268 rectores
744 4212 851 4269 altaris
876 4214 1029 4284 prenotati
1051 4229 1089 4269 ex
1113 4227 1174 4269 una
1207 4227 1243 4269 ac
1273 4212 1453 4286 sepefatum

183 4313 353 4371 Rodoilum
378 4331 414 4370 ex
439 4316 535 4371 altera
559 4317 701 4388 partibus
727 4319 874 4386 habitam,
899 4321 1033 4376 evocatis
1056 4318 1173 4377 eisdem
1198 4320 1246 4377 sui
1268 4320 1300 4377 in
1323 4336 1451 4393 presen-

184 4421 263 4476 ciam
288 4428 317 4477 et
342 4422 442 4477 revisa
467 4423 569 4478 littera
594 4425 767 4480 testamenti
792 4424 865 4482 dicti
889 4425 1019 4482 condam
1044 4424 1164 4483 domini
1185 4426 1336 4509 Johannis
1366 4429 1452 4500 epis·

183 4526 262 4597 copi,
300 4528 470 4599 ceterisque
503 4526 624 4601 juribus
660 4546 714 4585 nec
748 4545 808 4587 non
845 4532 1114 4604 proposicionibus
1148 4539 1178 4589 et
1201 4532 1451 4605 allegaciouibus

183 4631 365 4688 earumdem
401 4635 539 4705 parcium
577 4650 647 4690 cum
680 4637 739 4693 sibi
764 4653 819 4710 per
841 4653 897 4695 nos
920 4637 1080 4708 adiunctis
1104 4638 1188 4710 visiS,
1210 4637 1334 4711 auditis
1357 4639 1450 4699 intel·

182 4739 278 4807 lectis,
314 4741 505 4809 examinatis,
543 4741 704 4799 ruminatis
736 4751 765 4799 et
800 4743 945 4800 discussis
967 4741 1120 4818 judicaret
1143 4759 1179 4801 ac
1201 4743 1263 4801 fine
1286 4743 1396 4803 debito
1417 4750 1451 4805 et

182 4844 318 4902 decisivo
343 4847 527 4918 terminaret,
544 4856 710 4922 partesque
734 4851 811 4907 inter
835 4850 959 4908 easdem
984 4853 1014 4909 in
1035 4853 1103 4925 ipsa
1118 4867 1210 4909 causa
1224 4848 1293 4927 jure
1308 4851 1447 4912 dictante
