3278 5348
639 420 711 476 Doc.
736 415 805 495 267.
829 453 871 461 -
895 418 952 476 An.
975 429 1064 496 1470.

269 521 276 528 ι
286 514 522 530 ,ΛΠ-ὴ,-

816 736 901 804 267.

327 931 408 978 Anno
430 942 504 993 1470,
527 942 566 983 12.
587 931 709 993 Augusti,
731 931 879 993 Zagrabiae.

227 1111 332 1169 Corum
355 1112 481 1184 errpr'tulo
498 1112 685 1183 zetgrobiensi
704 1112 888 1169 communitos
911 1111 1036 1168 civitates
1059 1112 1286 1169 intercessionem
1303 1112 1399 1186 facit,
1422 1113 1506 1186 quod

224 1252 243 1290 a
259 1233 465 1309 jobogrbm'bns
494 1234 528 1290 de
557 1232 758 1309 Boz'jokovino
789 1235 893 1291 cebium
916 1243 1047 1292 armento
1070 1235 1100 1291 in
1125 1234 1237 1308 pabulo
1259 1243 1385 1292 amala
1409 1254 1501 1291 marm

758 1365 854 1431 erepla
876 1365 951 1415 sunt.

326 1552 389 1611 Nos
413 1551 583 1626 capitulum
608 1554 736 1612 ecclesie
752 1554 967 1627 zagrabiensis.
984 1555 1133 1612 Memorio
1156 1554 1422 1614 commendamus
1439 1575 1497 1632 per

221 1669 386 1733 presentes,
419 1660 501 1732 quod
533 1661 774 1732 circumspectus
805 1661 855 1718 vir
885 1660 1047 1718 Conradus
1078 1661 1206 1732 Ravsar,
1228 1659 1327 1736 judex
1359 1662 1499 1722 civitatis

222 1765 337 1824 montis
359 1764 522 1824 Grecensis
545 1765 584 1823 de
606 1764 693 1842 juxta
715 1766 909 1839 Zagrabiam‚
925 1766 957 1823 in
982 1781 1112 1840 persona
1136 1766 1235 1823 tocius
1256 1770 1497 1827 communitatis

222 1870 362 1930 eiusdem
394 1873 527 1930 civitatis
560 1873 674 1930 montis
706 1871 877 1944 Grecensis,
908 1879 1046 1930 nostram
1071 1871 1275 1946 personaliter
1308 1874 1442 1933 veniens
1465 1877 1497 1934 in

221 1979 422 2053 presenciam,
445 1980 607 2036 universos
631 1979 722 2050 cives,
746 1979 944 2052 populosque
967 1983 997 2037 et
1019 1977 1199 2055 jobagiones
1220 1994 1258 2037 ac
1281 1984 1385 2038 totam
1408 1997 1494 2040 com·

221 2085 403 2143 munitatem
427 2085 468 2142 ad
491 2085 656 2142 castellum
680 2084 819 2156 Bosyako
837 2091 982 2143 vocatum
998 2091 1180 2159 spectantes,
1195 2086 1227 2143 in
1242 2100 1278 2143 eo
1304 2086 1496 2146 inhibuisset

221 2195 250 2250 et
272 2190 489 2262 interdixisset,
512 2207 550 2248 ne
573 2191 667 2249 iidem
691 2190 827 2248 universi
851 2191 1068 2249 universaliter
1091 2196 1120 2248 et
1140 2191 1255 2263 singuli
1278 2191 1494 2265 singulariter,

219 2304 273 2355 aut
297 2297 486 2371 quicumque
509 2314 547 2354 ex
571 2298 686 2354 eisdem
710 2298 872 2355 universos
894 2296 992 2354 boses
1014 2301 1043 2355 et
1063 2311 1179 2371 ,pecora
1195 2311 1232 2354 ac
1247 2298 1400 2356 animalia
1420 2315 1496 2372 que·

221 2404 299 2462 libet
331 2410 383 2462 aut
414 2403 633 2477 quodcumque
663 2419 701 2461 ex
732 2403 849 2461 eisdem
880 2403 1069 2461 animalibus
1101 2402 1182 2461 dicte
1212 2403 1349 2462 civitatis
1374 2407 1495 2464 montis

224 2510 394 2582 Grecensis,
409 2527 487 2584 quos
504 2519 533 2569 et
550 2529 610 2585 que
630 2511 725 2570 iidem
743 2510 853 2585 populi
877 2515 906 2567 et
929 2507 1108 2585 jobagiones
1131 2525 1167 2567 ac
1190 2516 1254 2569 tota
1277 2513 1493 2571 communitas

220 2616 259 2675 ad
276 2618 380 2690 ipsum
397 2619 558 2676 castellum
578 2617 716 2690 Bosyako
732 2623 876 2674 vocatum
894 2617 1080 2688 pertinentes
1096 2615 1239 2674 adunatis
1255 2617 1316 2675 sibi
1329 2615 1495 2691 Stephano

220 2718 286 2796 Kys
303 2731 332 2782 et
346 2724 486 2808 Johanne
504 2723 656 2796 Paloczky
672 2723 847 2781 castellanis
864 2721 903 2780 de
918 2722 1028 2780 eadem
1041 2721 1189 2796 Bosyako,
1206 2721 1256 2780 die
1271 2723 1400 2782 sabbati
1417 2740 1495 2800 pro·

220 2831 306 2888 ximo
317 2837 388 2905 post
401 2830 514 2888 festum
529 2830 611 2888 beati
624 2830 785 2887 Laurencii
798 2829 943 2898 martiris,
960 2829 1103 2901 proxime
1118 2829 1313 2902 preteritum,
1329 2830 1361 2887 in
1374 2845 1491 2907 campo

221 2935 301 2994 dicte
324 2937 459 2994 civitatis
483 2937 596 2993 montis
621 2935 783 2993 Grecensis
806 2935 950 2992 manibus
973 2934 1101 2992 armatis
1123 2941 1153 2992 et
1176 2935 1377 3008 potenciariis
1401 2951 1493 2995 more

220 3042 388 3118 predonico
411 3043 598 3116 recepissent
621 3048 651 3099 et
673 3040 882 3112 abduxissent,
906 3041 1030 3098 interim
1054 3047 1083 3099 et
1107 3040 1226 3099 tamdiu
1248 3041 1341 3099 alicui
1371 3041 1496 3115 darent,

220 3149 384 3220 traderent,
409 3150 621 3222 dispergerent
645 3155 697 3205 aut
713 3149 743 3205 in
768 3163 860 3205 usum
883 3162 975 3204 suum
991 3151 1213 3217 converterent,
1238 3147 1337 3205 donec
1360 3151 1394 3205 et
1410 3163 1487 3222 quo·

219 3272 318 3330 usque
351 3255 470 3330 prefata
501 3256 708 3312 communitas
740 3253 873 3311 civitatis
904 3253 1019 3310 montis
1049 3251 1211 3311 Grecensis
1233 3268 1360 3311 causam
1384 3255 1487 3328 ipsius

219 3363 321 3437 spolii,
337 3361 578 3434 huiusmodique
610 3360 791 3418 violacionis
815 3359 968 3417 libertatis
992 3375 1046 3416 sue
1069 3359 1196 3417 domino
1220 3364 1327 3417 nostro
1351 3362 1423 3434 regi
1439 3367 1496 3422 aut

219 3468 385 3542 magnifico
408 3468 534 3526 domino
559 3467 661 3525 Blasio
682 3469 810 3539 Magyar
833 3480 999 3537 regnorum
1024 3465 1132 3537 Bozne,
1154 3466 1325 3538 Dalmacie,
1351 3465 1496 3540 Croacie,

219 3581 249 3634 et
280 3574 443 3633 Sclauonie
482 3576 572 3646 bano,
603 3576 680 3632 scire
715 3579 746 3631 et
780 3572 953 3644 intelligere
989 3572 1063 3629 dare
1094 3573 1215 3647 poterit.
1254 3575 1497 3648 Arestassetque

218 3681 344 3741 eosdem
368 3682 464 3737 boves
480 3688 509 3737 et
526 3681 673 3738 animalia
690 3679 827 3753 predicta
845 3677 928 3751 apud
946 3678 1044 3736 dictos
1067 3680 1158 3750 cives,
1175 3679 1311 3753 populos
1335 3693 1373 3736 ac
1390 3686 1494 3739 totam

218 3786 475 3844 communitatem
506 3786 545 3842 ad
569 3786 685 3843 dictum
708 3785 873 3842 castellum
897 3784 1037 3857 Bosyako
1061 3796 1207 3842 vocatum
1230 3785 1436 3859 pertinentes
1451 3803 1493 3845 ne

218 3908 317 3965 usque
351 3900 475 3964 tempus
508 3898 706 3965 prenotatum
738 3908 776 3949 ex
807 3891 922 3948 eisdem
948 3892 1050 3949 bobus
1079 3897 1110 3949 et
1141 3890 1331 3949 animalibus
1354 3892 1491 3967 aliquod

219 3997 309 4071 perdi
339 4003 409 4054 eta
441 3998 561 4055 civibus
595 4003 736 4055 annotate
760 3997 896 4054 civitatis
922 3999 1035 4056 montis
1058 3997 1221 4055 Grecensis
1245 3997 1377 4056 alienari
1402 3998 1493 4058 vide·

217 4113 297 4176 atur,
314 4105 411 4162 immo
435 4104 578 4176 inhibuit,
598 4104 820 4176 interdixitque
845 4108 876 4160 et
896 4104 1043 4162 arestavit
1066 4118 1172 4161 coram
1194 4103 1286 4162 nobis
1310 4104 1494 4164 testimonio

201 4195 413 4283 'presencium
426 4211 587 4268 mediante.
597 4211 713 4267 Datum
726 4211 756 4267 in
770 4209 848 4266 festo
867 4211 957 4267 beate
966 4208 1058 4267 Clare
1070 4209 1200 4283 virginis
1212 4213 1243 4267 et
1256 4210 1409 4270 martiris.
1416 4208 1491 4286 (sic).

218 4317 306 4374 Anno
329 4316 447 4374 domini
470 4319 639 4375 millesimo
663 4316 971 4390 quadringentesimo
994 4315 1231 4389 septuagesimo.

326 4504 461 4567 Originale
480 4505 506 4553 in
526 4505 621 4554 charta.
641 4506 668 4552 A
686 4513 757 4568 tergo
777 4505 917 4568 vestigium
935 4504 1056 4568 impressi
1068 4502 1158 4568 sigilli.
1177 4504 1210 4551 In
1222 4503 1321 4557 archiv,
1335 4503 1399 4557 incl.
1413 4507 1496 4557 Acud.

216 4593 312 4646 Scient.
332 4593 430 4646 Slavor.
450 4595 539 4646 merid.
1501 4598 1506 4606 '
