3278 5348
262 425 301 493 58
687 419 759 477 Dor.
783 413 836 494 48.
861 451 900 459 -
926 417 1093 493 An.1427.

260 637 335 696 ratis
359 641 389 693 et
412 636 481 694 aliis
505 635 626 692 civibus
650 633 879 707 processissent,
902 633 957 706 qui
980 633 1040 707 ipsi
1070 632 1193 691 nobiles
1224 630 1286 689 fide
1315 631 1523 703 sollempnem

261 742 404 800 fecissent
425 742 692 816 protestacionem.
716 741 847 798 Etcum
870 739 996 798 tandem
1019 739 1159 812 sequenti
1182 739 1232 797 die
1267 737 1415 795 videlicet
1449 733 1523 794 feria

261 850 368 922 quinta
392 849 536 922 proxima
558 854 628 904 ante
652 847 766 905 festum
791 846 967 922 predictum
990 845 1217 904 Purificationis
1241 844 1370 917 virginis
1390 843 1525 915 gloriose

260 953 374 1029 prefati
397 953 514 1030 judices
538 953 692 1011 nobilium
717 970 774 1026 per
796 952 915 1011 dictum
946 952 1120 1025 capitulum
1151 951 1296 1009 destinati
1331 949 1373 1007 ad
1408 948 1525 1007 dictum

260 1069 387 1135 portum
409 1061 508 1118 insule
528 1061 625 1144 Jarun
648 1060 853 1132 personaliter
883 1058 1089 1129 accessissent,
1113 1065 1186 1116 tunc
1210 1056 1328 1116 ibidem
1344 1053 1432 1130 juxta
1455 1070 1523 1128 pre·

261 1165 377 1225 dictum
404 1173 530 1240 portum
554 1166 737 1224 effusionem
761 1166 918 1238 sanguinis
943 1155 981 1223 de
1005 1165 1188 1222 vulneribus
1212 1164 1368 1222 dictorum
1391 1159 1525 1219 familia·

259 1272 343 1329 rium
377 1270 489 1344 prefati
524 1270 642 1329 domini
677 1272 810 1329 cantoris
845 1271 990 1328 similiter
1022 1268 1173 1327 vidissent
1202 1268 1265 1326 fide
1298 1267 1448 1338 occulata,
1472 1266 1526 1324 ubi

260 1378 357 1435 eciam
380 1385 570 1435 memoratus
587 1379 736 1435 Martinus
759 1384 869 1448 sartor,
887 1376 1092 1452 personaliter
1107 1375 1293 1444 adherendo,
1309 1375 1385 1448 ipsis
1401 1372 1525 1431 audien·

192 1552 195 1556 Ι
261 1483 344 1540 tibus
368 1483 511 1541 dixisset:
534 1483 620 1556 quod
644 1484 715 1542 licet
737 1484 897 1557 hucusque
920 1484 951 1541 in
975 1481 1103 1540 iamfata
1134 1482 1214 1541 silva
1247 1481 1388 1538 homines
1422 1485 1452 1537 et
1483 1477 1526 1535 fa·

261 1589 400 1647 miliares
435 1589 510 1648 dicti
545 1590 674 1663 capituli
709 1597 829 1648 nostras
863 1605 987 1647 secures
1021 1588 1203 1663 receperint,
1227 1586 1264 1644 de
1288 1592 1390 1644 cetero
1412 1590 1522 1655 tamen,

261 1695 356 1752 talem
380 1697 525 1754 timorem
550 1697 668 1754 vellent
691 1698 734 1754 eis
757 1698 902 1768 incutere,
932 1695 1016 1770 quod
1048 1696 1122 1753 talia
1157 1693 1258 1752 lacere
1299 1699 1407 1750 contra
1440 1692 1524 1765 ipsos

263 1808 445 1860 vererentur
457 1821 465 1873 ;
488 1803 616 1877 propria
640 1818 748 1862 eorum
784 1804 926 1877 potencia
960 1802 1116 1861 mediante
1150 1801 1180 1859 in
1211 1797 1420 1874 preiudicium
1452 1796 1525 1854 dicti

260 1908 391 1980 capituli
416 1908 509 1966 valde
532 1925 689 1982 magnum.
724 1910 841 1967 Datum
872 1909 1007 1983 septimo
1040 1907 1098 1979 die,
1119 1907 1182 1965 diei
1204 1904 1416 1979 inquisicionis
1439 1907 1524 1961 ante·

259 2011 346 2072 dicte.
372 2016 460 2074 Anno
484 2016 603 2074 domini
626 2017 795 2074 millesimo
818 2016 1123 2090 quadringentesimo
1147 2013 1300 2086 vigesimo
1323 2012 1466 2086 septimo.

364 2185 496 2249 Originale
515 2188 542 2236 in
561 2189 655 2240 charta.
676 2190 703 2237 Α
723 2196 795 2253 tergo
813 2190 950 2251 vestigium
968 2187 1087 2253 impressi
1113 2184 1200 2249 sigilli.
1221 2186 1254 2234 In
1266 2184 1371 2233 archivo
1381 2198 1438 2234 ven.
1458 2181 1520 2246 Cap.

257 2271 318 2322 eccl.
338 2275 518 2338 zagrabiensis.
538 2278 599 2328 Act.
619 2278 681 2343 Cap.
700 2285 754 2329 ant.
771 2280 832 2330 fasc.
856 2291 893 2328 10.
914 2295 952 2330 nr.
972 2288 1013 2328 21.

858 2563 920 2626 48.

362 2733 442 2783 Anno
464 2748 539 2798 1427,
559 2749 583 2796 9.
605 2736 726 2801 Augusti.
749 2738 895 2802 Zagrabiae.

263 2882 427 2955 Capitulum
450 2883 567 2957 zugrab.
591 2880 664 2961 285.
681 2885 804 2960 florenti·
825 2886 904 2952 auri,
927 2903 997 2958 quos
1014 2902 1033 2939 a
1046 2883 1187 2956 parochia
1204 2882 1406 2939 Novouillana
1429 2898 1517 2939 ueces-

255 2990 338 3045 sirau
368 2998 479 3061 cogente
501 2997 662 3047 iaculantum
687 3000 736 3061 cst,
769 2993 829 3050 triu
855 2990 1028 3065 praediola:
1052 2988 1176 3057 Sarute,
1207 2987 1282 3044 Otok
1313 2995 1342 3044 et
1363 2986 1522 3056 Preuluku,

791 3098 843 3154 dut
859 3097 985 3171 pagum.

361 3272 542 3346 Capitulum
566 3274 692 3333 ecclesie
714 3275 929 3348 aagrabiensis.
953 3276 1106 3334 Omnibus
1136 3274 1252 3333 Christi
1275 3273 1424 3333 fidelibus
1453 3290 1523 3349 pre·

255 3379 393 3436 sencium
417 3380 562 3438 noticiam
587 3382 741 3441 habituris
767 3383 900 3439 salutem
924 3383 954 3439 in
979 3382 1116 3439 omnium
1142 3381 1305 3439 salvatore.
1330 3380 1379 3437 Ad
1399 3382 1524 3439 univer·

255 3499 360 3541 sorum
384 3486 531 3543 noticiam
557 3488 669 3544 harum
694 3490 772 3546 serie
796 3488 943 3546 volumus
967 3489 1139 3562 pervenire,
1164 3487 1249 3561 quod
1279 3502 1335 3545 nos
1366 3486 1523 3561 inauditis,

255 3591 455 3662 gravissimis,
480 3593 694 3666 continuisque
718 3600 861 3651 taxarum
884 3595 1039 3667 regalium
1063 3594 1285 3652 vexacionibus
1319 3598 1349 3650 et
1372 3595 1524 3652 extorsio·

254 3695 345 3751 nibus
368 3711 423 3752 nos
447 3695 485 3753 ad
510 3713 636 3770 presens
661 3704 797 3756 extreme
820 3702 1012 3773 urgentibus,
1036 3700 1153 3757 scilicet
1177 3699 1262 3773 quod
1286 3699 1341 3757 ubi
1364 3714 1420 3757 uos
1455 3701 1520 3757 sine

255 3801 384 3873 aliquali
407 3802 569 3877 dilacione,
584 3805 665 3877 ipsas
688 3815 774 3862 taxas
797 3809 897 3880 regias
921 3823 981 3864 non
1006 3807 1267 3880 persolveremus,
1290 3807 1390 3865 edicto
1422 3808 1522 3880 regali

255 3907 355 3965 Priori
385 3910 510 3966 Aurane
533 3910 715 3968 litteratorie
747 3913 912 3986 superinde
941 3913 1031 3983 facto,
1055 3915 1264 3986 possessiones
1286 3919 1391 3972 nostre
1414 3919 1445 3972 et
1469 3914 1523 3971 be·

255 4013 365 4071 neficia
389 4019 493 4072 nostra
517 4024 748 4089 occuparentur.
773 4019 836 4076 Nos
859 4025 963 4077 autem
987 4021 1120 4078 sollicite
1146 4026 1317 4093 satagentes
1340 4018 1523 4078 huiusmodi

253 4119 401 4194 periculis
429 4122 566 4191 obviare,
591 4125 773 4182 comitatum
797 4132 938 4183 nostrum
962 4126 1182 4200 Toplicensem
1212 4126 1252 4183 ad
1275 4132 1375 4184 certos
1399 4124 1522 4184 futuros

254 4240 349 4283 annos
372 4226 558 4299 arendando,
583 4231 723 4303 aliosque
747 4237 868 4289 nostros
892 4233 1057 4289 comitatus
1080 4240 1110 4290 et
1134 4233 1295 4290 universos
1326 4232 1454 4289 colonos
1477 4237 1522 4289 ta·

252 4330 355 4389 xando
390 4338 420 4389 et
443 4334 570 4408 insuper
593 4352 664 4392 cum
689 4337 891 4410 dignitatibus
915 4337 953 4394 de
977 4339 1112 4411 propriis
1143 4339 1247 4396 bursis
1270 4338 1382 4396 nostris
1405 4339 1521 4397 contri·

253 4437 384 4507 buendo‚
409 4439 519 4496 calices
543 4456 667 4513 quoque
690 4444 818 4500 ecclesie
841 4453 952 4514 nostre,
970 4459 1030 4501 non
1054 4445 1119 4501 sine
1140 4445 1277 4516 tristicia,
1300 4444 1425 4517 pignori
1441 4444 1521 4502 obli·

252 4543 355 4616 gando
378 4551 408 4601 et
431 4560 486 4601 nec
509 4546 554 4602 sic
576 4549 744 4619 premissas
767 4555 855 4607 taxas
878 4550 1057 4622 persolvere
1095 4551 1281 4622 valentibus,
1312 4549 1350 4608 de
1376 4551 1521 4608 trecentis

252 4648 371 4706 ducatis
395 4652 466 4724 puri
490 4652 557 4708 auri
581 4652 708 4711 ecclesie
731 4656 827 4713 sancti
851 4655 978 4738 Joannis
1003 4656 1139 4729 Baptiste
1162 4656 1201 4713 de
1217 4656 1306 4714 Nova
1321 4656 1521 4715 villanostra

253 4755 336 4830 apud
360 4772 416 4815 nos
440 4758 471 4815 in
494 4759 631 4816 sacristia
655 4767 759 4818 nostra
784 4761 941 4834 depositis,
965 4763 1112 4821 ducentos
1136 4764 1312 4836 octuaginta
1335 4768 1366 4821 et
1388 4768 1452 4821 tres
1466 4761 1521 4821 tio·

251 4875 343 4919 renos
365 4863 433 4920 auri
457 4864 528 4938 puri
551 4865 725 4939 recepimus
749 4873 779 4925 et
802 4867 842 4924 ad
866 4870 1101 4943 supplecionem
1126 4871 1351 4944 premissarum
1364 4875 1521 4942 taxarum,
