<?xml version="1.0" encoding="UTF-8"?>
<!DOCTYPE html PUBLIC "-//W3C//DTD XHTML 1.0 Transitional//EN"
    "http://www.w3.org/TR/xhtml1/DTD/xhtml1-transitional.dtd">
<html xmlns="http://www.w3.org/1999/xhtml" xml:lang="en" lang="en">
 <head>
  <title>
</title>
<meta http-equiv="Content-Type" content="text/html;charset=utf-8" />
  <meta name='ocr-system' content='tesseract 3.04.00' />
  <meta name='ocr-capabilities' content='ocr_page ocr_carea ocr_par ocr_line ocrx_word'/>
</head>
<body>
  <div class='ocr_page' id='page_1' title='image "./monumentahistor01laszgoog_0278.png"; bbox 0 0 3278 5348; ppageno 0'>
   <div class='ocr_carea' id='block_1_1' title="bbox 189 428 1111 510">
    <p class='ocr_par' dir='ltr' id='par_1_1' title="bbox 189 428 1111 510">
     <span class='ocr_line' id='line_1_1' title="bbox 189 428 1111 510; baseline -0.003 -15"><span class='ocrx_word' id='word_1_1' title='bbox 189 450 223 495; x_wconf 83' lang='lat'>12</span> <span class='ocrx_word' id='word_1_2' title='bbox 512 435 584 492; x_wconf 77' lang='lat' dir='ltr'>Dec.</span> <span class='ocrx_word' id='word_1_3' title='bbox 605 447 651 490; x_wconf 84' lang='lat'>12.</span> <span class='ocrx_word' id='word_1_4' title='bbox 675 447 722 510; x_wconf 76' lang='lat'>13.</span> <span class='ocrx_word' id='word_1_5' title='bbox 743 467 787 478; x_wconf 96' lang='lat'><em>-</em></span> <span class='ocrx_word' id='word_1_6' title='bbox 810 433 865 491; x_wconf 80' lang='lat' dir='ltr'>Aa.</span> <span class='ocrx_word' id='word_1_7' title='bbox 891 428 1111 509; x_wconf 68' lang='lat' dir='ltr'>moe-1407.</span> 
     </span>
    </p>
   </div>
   <div class='ocr_carea' id='block_1_2' title="bbox 1364 529 1436 543">
    <p class='ocr_par' dir='ltr' id='par_1_2' title="bbox 1364 529 1436 543">
     <span class='ocr_line' id='line_1_2' title="bbox 1364 529 1436 543; baseline 0 0"><span class='ocrx_word' id='word_1_8' title='bbox 1364 529 1436 543; x_wconf 53' lang='lat' dir='ltr'>——ae</span> 
     </span>
    </p>
   </div>
   <div class='ocr_carea' id='block_1_3' title="bbox 182 646 1451 938">
    <p class='ocr_par' dir='ltr' id='par_1_3' title="bbox 182 646 1451 938">
     <span class='ocr_line' id='line_1_3' title="bbox 182 646 1448 724; baseline -0.007 -15"><span class='ocrx_word' id='word_1_9' title='bbox 182 652 343 710; x_wconf 89' lang='lat' dir='ltr'>Presentes</span> <span class='ocrx_word' id='word_1_10' title='bbox 366 665 441 708; x_wconf 90' lang='lat' dir='ltr'>vero</span> <span class='ocrx_word' id='word_1_11' title='bbox 463 657 535 724; x_wconf 90' lang='lat' dir='ltr'>post</span> <span class='ocrx_word' id='word_1_12' title='bbox 560 650 711 708; x_wconf 89' lang='lat' dir='ltr'>lecturam</span> <span class='ocrx_word' id='word_1_13' title='bbox 735 649 823 707; x_wconf 89' lang='lat' dir='ltr'>reddi</span> <span class='ocrx_word' id='word_1_14' title='bbox 848 650 992 707; x_wconf 88' lang='lat' dir='ltr'>iubemus</span> <span class='ocrx_word' id='word_1_15' title='bbox 1008 649 1208 723; x_wconf 86' lang='lat' dir='ltr'>presentanti.</span> <span class='ocrx_word' id='word_1_16' title='bbox 1233 648 1352 705; x_wconf 87' lang='lat' dir='ltr'>Datum</span> <span class='ocrx_word' id='word_1_17' title='bbox 1366 646 1448 707; x_wconf 87' lang='lat' dir='ltr'>Bude</span> 
     </span>
     <span class='ocr_line' id='line_1_4' title="bbox 182 749 1451 831; baseline -0.006 -13"><span class='ocrx_word' id='word_1_18' title='bbox 182 764 293 818; x_wconf 92' lang='lat' dir='ltr'>octavo</span> <span class='ocrx_word' id='word_1_19' title='bbox 317 758 368 816; x_wconf 86' lang='lat' dir='ltr'>die</span> <span class='ocrx_word' id='word_1_20' title='bbox 391 757 461 815; x_wconf 84' lang='lat' dir='ltr'>festi</span> <span class='ocrx_word' id='word_1_21' title='bbox 483 757 731 831; x_wconf 85' lang='lat' dir='ltr'>Epiphaniarum</span> <span class='ocrx_word' id='word_1_22' title='bbox 754 755 884 814; x_wconf 89' lang='lat' dir='ltr'>domini.</span> <span class='ocrx_word' id='word_1_23' title='bbox 907 749 999 815; x_wconf 84' lang='lat' dir='ltr'>Anno</span> <span class='ocrx_word' id='word_1_24' title='bbox 1022 754 1162 813; x_wconf 88' lang='lat' dir='ltr'>eiusdem</span> <span class='ocrx_word' id='word_1_25' title='bbox 1183 754 1355 812; x_wconf 88' lang='lat' dir='ltr'>millesimo</span> <span class='ocrx_word' id='word_1_26' title='bbox 1378 768 1451 826; x_wconf 65' lang='lat' dir='ltr'>qua¹</span> 
     </span>
     <span class='ocr_line' id='line_1_5' title="bbox 183 865 544 938; baseline -0.008 -15"><span class='ocrx_word' id='word_1_27' title='bbox 183 865 424 938; x_wconf 88' lang='lat' dir='ltr'>dringentesimo</span> <span class='ocrx_word' id='word_1_28' title='bbox 447 872 544 921; x_wconf 81' lang='lat' dir='ltr'>sexto</span> 
     </span>
    </p>
   </div>
   <div class='ocr_carea' id='block_1_4' title="bbox 182 1015 1452 1169">
    <p class='ocr_par' dir='ltr' id='par_1_4' title="bbox 182 1015 1452 1169">
     <span class='ocr_line' id='line_1_6' title="bbox 289 1015 1452 1081; baseline -0.001 -15"><span class='ocrx_word' id='word_1_29' title='bbox 289 1017 424 1081; x_wconf 81' lang='lat' dir='ltr'>Originole</span> <span class='ocrx_word' id='word_1_30' title='bbox 442 1019 469 1066; x_wconf 90' lang='lat' dir='ltr'>iu</span> <span class='ocrx_word' id='word_1_31' title='bbox 489 1017 637 1066; x_wconf 83' lang='lat' dir='ltr'>membrana</span> <span class='ocrx_word' id='word_1_32' title='bbox 664 1018 749 1079; x_wconf 87' lang='lat' dir='ltr'>Tergo</span> <span class='ocrx_word' id='word_1_33' title='bbox 768 1017 921 1081; x_wconf 85' lang='lat' dir='ltr'>impressum</span> <span class='ocrx_word' id='word_1_34' title='bbox 940 1015 1054 1079; x_wconf 85' lang='lat' dir='ltr'>sigillum</span> <span class='ocrx_word' id='word_1_35' title='bbox 1073 1017 1163 1065; x_wconf 85' lang='lat' dir='ltr'>maius.</span> <span class='ocrx_word' id='word_1_36' title='bbox 1192 1018 1225 1064; x_wconf 86' lang='lat' dir='ltr'>In</span> <span class='ocrx_word' id='word_1_37' title='bbox 1244 1016 1306 1065; x_wconf 83' lang='lat' dir='ltr'>arch</span> <span class='ocrx_word' id='word_1_38' title='bbox 1334 1016 1380 1067; x_wconf 89' lang='lat' dir='ltr'>lib.</span> <span class='ocrx_word' id='word_1_39' title='bbox 1400 1032 1452 1079; x_wconf 80' lang='lat' dir='ltr'>reg.</span> 
     </span>
     <span class='ocr_line' id='line_1_7' title="bbox 182 1106 372 1169; baseline 0.016 -15"><span class='ocrx_word' id='word_1_40' title='bbox 182 1106 252 1156; x_wconf 86' lang='lat' dir='ltr'>civit.</span> <span class='ocrx_word' id='word_1_41' title='bbox 272 1107 372 1169; x_wconf 77' lang='lat' dir='ltr'>zaprab.</span> 
     </span>
    </p>
   </div>
   <div class='ocr_carea' id='block_1_5' title="bbox 799 1295 850 1363">
    <p class='ocr_par' dir='ltr' id='par_1_5' title="bbox 799 1295 850 1363">
     <span class='ocr_line' id='line_1_8' title="bbox 799 1295 850 1363; baseline -0.02 0"><span class='ocrx_word' id='word_1_42' title='bbox 799 1295 850 1363; x_wconf 90' lang='lat'>12.</span> 
     </span>
    </p>
   </div>
   <div class='ocr_carea' id='block_1_6' title="bbox 288 1438 778 1504">
    <p class='ocr_par' dir='ltr' id='par_1_6' title="bbox 288 1438 778 1504">
     <span class='ocr_line' id='line_1_9' title="bbox 288 1438 778 1504; baseline 0.002 -16"><span class='ocrx_word' id='word_1_43' title='bbox 288 1440 368 1488; x_wconf 86' lang='lat' dir='ltr'>Auno</span> <span class='ocrx_word' id='word_1_44' title='bbox 390 1439 465 1502; x_wconf 78' lang='lat'>1406,</span> <span class='ocrx_word' id='word_1_45' title='bbox 488 1452 525 1502; x_wconf 80' lang='lat'>13.</span> <span class='ocrx_word' id='word_1_46' title='bbox 545 1439 662 1504; x_wconf 80' lang='lat' dir='ltr'>januarii.</span> <span class='ocrx_word' id='word_1_47' title='bbox 682 1438 778 1489; x_wconf 82' lang='lat' dir='ltr'>Budae.</span> 
     </span>
    </p>
   </div>
   <div class='ocr_carea' id='block_1_7' title="bbox 184 1567 1452 1749">
    <p class='ocr_par' dir='ltr' id='par_1_7' title="bbox 184 1567 1452 1749">
     <span class='ocr_line' id='line_1_10' title="bbox 184 1567 1452 1642; baseline 0.001 -17"><span class='ocrx_word' id='word_1_48' title='bbox 184 1568 391 1638; x_wconf 63' lang='lat' dir='ltr'>Sigismuudvs</span> <span class='ocrx_word' id='word_1_49' title='bbox 413 1570 590 1642; x_wconf 79' lang='lat' dir='ltr'>Hungurinc</span> <span class='ocrx_word' id='word_1_50' title='bbox 612 1577 658 1626; x_wconf 75' lang='lat' dir='ltr'>cic.</span> <span class='ocrx_word' id='word_1_51' title='bbox 682 1587 736 1625; x_wconf 80' lang='lat' dir='ltr'>rex</span> <span class='ocrx_word' id='word_1_52' title='bbox 758 1569 983 1627; x_wconf 77' lang='lat' dir='ltr'>cuiminurr&#39;nrieiie</span> <span class='ocrx_word' id='word_1_53' title='bbox 1005 1569 1129 1627; x_wconf 68' lang='lat' dir='ltr'>ciuitates</span> <span class='ocrx_word' id='word_1_54' title='bbox 1160 1569 1262 1625; x_wconf 73' lang='lat' dir='ltr'>trientis</span> <span class='ocrx_word' id='word_1_55' title='bbox 1300 1567 1452 1626; x_wconf 82' lang='lat' dir='ltr'>Grecensis</span> 
     </span>
     <span class='ocr_line' id='line_1_11' title="bbox 270 1674 1364 1749; baseline -0.002 -14"><span class='ocrx_word' id='word_1_56' title='bbox 270 1674 319 1735; x_wconf 80' lang='lat' dir='ltr'>die</span> <span class='ocrx_word' id='word_1_57' title='bbox 340 1684 526 1735; x_wconf 76' lang='lat' dir='ltr'>circumitum</span> <span class='ocrx_word' id='word_1_58' title='bbox 549 1676 695 1744; x_wconf 78' lang='lat' dir='ltr'>tribulum,</span> <span class='ocrx_word' id='word_1_59' title='bbox 717 1676 797 1749; x_wconf 79' lang='lat' dir='ltr'>quod</span> <span class='ocrx_word' id='word_1_60' title='bbox 814 1676 918 1745; x_wconf 79' lang='lat' dir='ltr'><em>debuit,</em></span> <span class='ocrx_word' id='word_1_61' title='bbox 940 1676 998 1732; x_wconf 80' lang='lat' dir='ltr'>sibi</span> <span class='ocrx_word' id='word_1_62' title='bbox 1009 1674 1176 1749; x_wconf 75' lang='lat' dir='ltr'><em>pependisse</em></span> <span class='ocrx_word' id='word_1_63' title='bbox 1198 1676 1364 1749; x_wconf 78' lang='lat' dir='ltr'>confirmat.</span> 
     </span>
    </p>
   </div>
   <div class='ocr_carea' id='block_1_8' title="bbox 821 1811 1397 1878">
    <p class='ocr_par' dir='ltr' id='par_1_8' title="bbox 821 1811 1397 1878">
     <span class='ocr_line' id='line_1_12' title="bbox 821 1811 1397 1878; baseline 0.007 -17"><span class='ocrx_word' id='word_1_64' title='bbox 821 1811 932 1863; x_wconf 84' lang='lat' dir='ltr'>Relacio</span> <span class='ocrx_word' id='word_1_65' title='bbox 951 1814 1059 1878; x_wconf 88' lang='lat' dir='ltr'>Piponis</span> <span class='ocrx_word' id='word_1_66' title='bbox 1078 1813 1179 1861; x_wconf 89' lang='lat' dir='ltr'>comitis</span> <span class='ocrx_word' id='word_1_67' title='bbox 1197 1813 1397 1865; x_wconf 69' lang='lat' dir='ltr'>Temessiensis</span> 
     </span>
    </p>
   </div>
   <div class='ocr_carea' id='block_1_9' title="bbox 181 1917 1451 3362">
    <p class='ocr_par' dir='ltr' id='par_1_9' title="bbox 181 1917 1451 3362">
     <span class='ocr_line' id='line_1_13' title="bbox 287 1917 1450 1998; baseline -0.002 -15"><span class='ocrx_word' id='word_1_68' title='bbox 287 1925 350 1983; x_wconf 89' lang='lat' dir='ltr'>Nos</span> <span class='ocrx_word' id='word_1_69' title='bbox 371 1924 590 1997; x_wconf 78' lang='lat' dir='ltr'>sigismundus</span> <span class='ocrx_word' id='word_1_70' title='bbox 612 1925 661 1983; x_wconf 92' lang='lat' dir='ltr'>dei</span> <span class='ocrx_word' id='word_1_71' title='bbox 694 1917 798 1998; x_wconf 82' lang='lat' dir='ltr'>gracia</span> <span class='ocrx_word' id='word_1_72' title='bbox 828 1942 883 1982; x_wconf 85' lang='lat' dir='ltr'>rex</span> <span class='ocrx_word' id='word_1_73' title='bbox 913 1926 1081 1998; x_wconf 87' lang='lat' dir='ltr'>Hungarie,</span> <span class='ocrx_word' id='word_1_74' title='bbox 1113 1924 1284 1996; x_wconf 90' lang='lat' dir='ltr'>Dalmacie,</span> <span class='ocrx_word' id='word_1_75' title='bbox 1321 1924 1450 1982; x_wconf 90' lang='lat' dir='ltr'>Croacie</span> 
     </span>
     <span class='ocr_line' id='line_1_14' title="bbox 182 2030 1451 2104; baseline -0.002 -15"><span class='ocrx_word' id='word_1_76' title='bbox 182 2037 237 2090; x_wconf 89' lang='lat' dir='ltr'>etc.</span> <span class='ocrx_word' id='word_1_77' title='bbox 261 2032 463 2104; x_wconf 86' lang='lat' dir='ltr'>marchioque</span> <span class='ocrx_word' id='word_1_78' title='bbox 487 2030 806 2104; x_wconf 81' lang='lat' dir='ltr'>lirandemburgensis</span> <span class='ocrx_word' id='word_1_79' title='bbox 828 2039 892 2102; x_wconf 79' lang='lat' dir='ltr'>etc,</span> <span class='ocrx_word' id='word_1_80' title='bbox 916 2032 996 2088; x_wconf 89' lang='lat' dir='ltr'>sacri</span> <span class='ocrx_word' id='word_1_81' title='bbox 1018 2031 1139 2088; x_wconf 89' lang='lat' dir='ltr'>romani</span> <span class='ocrx_word' id='word_1_82' title='bbox 1155 2030 1279 2103; x_wconf 89' lang='lat' dir='ltr'>imperii</span> <span class='ocrx_word' id='word_1_83' title='bbox 1295 2031 1451 2102; x_wconf 84' lang='lat' dir='ltr'>generalis</span> 
     </span>
     <span class='ocr_line' id='line_1_15' title="bbox 182 2134 1451 2209; baseline -0.002 -14"><span class='ocrx_word' id='word_1_84' title='bbox 182 2138 316 2195; x_wconf 91' lang='lat' dir='ltr'>vicarius</span> <span class='ocrx_word' id='word_1_85' title='bbox 340 2142 370 2195; x_wconf 91' lang='lat' dir='ltr'>et</span> <span class='ocrx_word' id='word_1_86' title='bbox 393 2139 479 2209; x_wconf 90' lang='lat' dir='ltr'>regni</span> <span class='ocrx_word' id='word_1_87' title='bbox 503 2136 650 2195; x_wconf 84' lang='lat' dir='ltr'>Bohemie</span> <span class='ocrx_word' id='word_1_88' title='bbox 673 2138 871 2209; x_wconf 90' lang='lat' dir='ltr'>gubernator.</span> <span class='ocrx_word' id='word_1_89' title='bbox 896 2136 1046 2194; x_wconf 78' lang='lat' dir='ltr'>Memoria</span> <span class='ocrx_word' id='word_1_90' title='bbox 1076 2134 1343 2208; x_wconf 88' lang='lat' dir='ltr'>commendamus,</span> <span class='ocrx_word' id='word_1_91' title='bbox 1366 2135 1451 2209; x_wconf 88' lang='lat' dir='ltr'>quod</span> 
     </span>
     <span class='ocr_line' id='line_1_16' title="bbox 183 2240 1450 2323; baseline -0.002 -23"><span class='ocrx_word' id='word_1_92' title='bbox 183 2245 256 2315; x_wconf 83' lang='lat' dir='ltr'>quia</span> <span class='ocrx_word' id='word_1_93' title='bbox 282 2244 389 2301; x_wconf 89' lang='lat' dir='ltr'>tideles</span> <span class='ocrx_word' id='word_1_94' title='bbox 411 2244 508 2301; x_wconf 81' lang='lat' dir='ltr'>nostri</span> <span class='ocrx_word' id='word_1_95' title='bbox 533 2243 649 2313; x_wconf 84' lang='lat' dir='ltr'>Petrus,</span> <span class='ocrx_word' id='word_1_96' title='bbox 673 2243 772 2300; x_wconf 91' lang='lat' dir='ltr'>dictus</span> <span class='ocrx_word' id='word_1_97' title='bbox 786 2242 916 2315; x_wconf 83' lang='lat' dir='ltr'>Saphar,</span> <span class='ocrx_word' id='word_1_98' title='bbox 939 2240 1029 2300; x_wconf 83' lang='lat' dir='ltr'>iudex</span> <span class='ocrx_word' id='word_1_99' title='bbox 1053 2256 1089 2299; x_wconf 91' lang='lat' dir='ltr'>ac</span> <span class='ocrx_word' id='word_1_100' title='bbox 1112 2240 1219 2298; x_wconf 89' lang='lat' dir='ltr'>Choon</span> <span class='ocrx_word' id='word_1_101' title='bbox 1235 2246 1266 2299; x_wconf 90' lang='lat' dir='ltr'>et</span> <span class='ocrx_word' id='word_1_102' title='bbox 1281 2240 1450 2323; x_wconf 85' lang='lat' dir='ltr'>Johannes,</span> 
     </span>
     <span class='ocr_line' id='line_1_17' title="bbox 181 2343 1449 2420; baseline 0.001 -14"><span class='ocrx_word' id='word_1_103' title='bbox 181 2349 265 2406; x_wconf 87' lang='lat' dir='ltr'>filius</span> <span class='ocrx_word' id='word_1_104' title='bbox 289 2349 410 2419; x_wconf 70' lang='lat' dir='ltr'>Boron,</span> <span class='ocrx_word' id='word_1_105' title='bbox 434 2351 516 2407; x_wconf 89' lang='lat' dir='ltr'>cives</span> <span class='ocrx_word' id='word_1_106' title='bbox 540 2350 673 2407; x_wconf 90' lang='lat' dir='ltr'>civitatis</span> <span class='ocrx_word' id='word_1_107' title='bbox 696 2356 800 2406; x_wconf 89' lang='lat' dir='ltr'>nostre</span> <span class='ocrx_word' id='word_1_108' title='bbox 823 2349 938 2406; x_wconf 87' lang='lat' dir='ltr'>montis</span> <span class='ocrx_word' id='word_1_109' title='bbox 962 2348 1125 2406; x_wconf 88' lang='lat' dir='ltr'>Grecensis</span> <span class='ocrx_word' id='word_1_110' title='bbox 1157 2343 1195 2404; x_wconf 92' lang='lat' dir='ltr'>de</span> <span class='ocrx_word' id='word_1_111' title='bbox 1218 2346 1372 2420; x_wconf 90' lang='lat' dir='ltr'>Zagrabia</span> <span class='ocrx_word' id='word_1_112' title='bbox 1396 2364 1449 2407; x_wconf 90' lang='lat' dir='ltr'>no-</span> 
     </span>
     <span class='ocr_line' id='line_1_18' title="bbox 181 2454 1451 2528; baseline 0 -16"><span class='ocrx_word' id='word_1_113' title='bbox 181 2455 318 2512; x_wconf 89' lang='lat' dir='ltr'>minibus</span> <span class='ocrx_word' id='word_1_114' title='bbox 341 2462 371 2512; x_wconf 87' lang='lat' dir='ltr'>et</span> <span class='ocrx_word' id='word_1_115' title='bbox 394 2456 424 2513; x_wconf 93' lang='lat' dir='ltr'>in</span> <span class='ocrx_word' id='word_1_116' title='bbox 449 2456 588 2528; x_wconf 89' lang='lat' dir='ltr'>personis</span> <span class='ocrx_word' id='word_1_117' title='bbox 612 2457 828 2513; x_wconf 89' lang='lat' dir='ltr'>universorum</span> <span class='ocrx_word' id='word_1_118' title='bbox 848 2455 1021 2512; x_wconf 89' lang='lat' dir='ltr'>concivium</span> <span class='ocrx_word' id='word_1_119' title='bbox 1038 2461 1068 2511; x_wconf 91' lang='lat' dir='ltr'>et</span> <span class='ocrx_word' id='word_1_120' title='bbox 1083 2454 1281 2527; x_wconf 91' lang='lat' dir='ltr'>cohospitum</span> <span class='ocrx_word' id='word_1_121' title='bbox 1307 2454 1451 2527; x_wconf 89' lang='lat' dir='ltr'>ipsorum</span> 
     </span>
     <span class='ocr_line' id='line_1_19' title="bbox 181 2558 1449 2634; baseline -0.001 -16"><span class='ocrx_word' id='word_1_122' title='bbox 181 2576 310 2618; x_wconf 90' lang='lat' dir='ltr'>munera</span> <span class='ocrx_word' id='word_1_123' title='bbox 333 2568 529 2618; x_wconf 81' lang='lat' dir='ltr'>strenuorum</span> <span class='ocrx_word' id='word_1_124' title='bbox 551 2576 630 2618; x_wconf 89' lang='lat' dir='ltr'>anno</span> <span class='ocrx_word' id='word_1_125' title='bbox 655 2562 802 2634; x_wconf 84' lang='lat' dir='ltr'>presenti,</span> <span class='ocrx_word' id='word_1_126' title='bbox 825 2559 910 2633; x_wconf 85' lang='lat' dir='ltr'>quod</span> <span class='ocrx_word' id='word_1_127' title='bbox 934 2560 1032 2617; x_wconf 91' lang='lat' dir='ltr'>eciam</span> <span class='ocrx_word' id='word_1_128' title='bbox 1055 2560 1126 2617; x_wconf 90' lang='lat' dir='ltr'>aliis</span> <span class='ocrx_word' id='word_1_129' title='bbox 1149 2559 1236 2617; x_wconf 88' lang='lat' dir='ltr'>annis</span> <span class='ocrx_word' id='word_1_130' title='bbox 1259 2558 1299 2617; x_wconf 86' lang='lat' dir='ltr'>de</span> <span class='ocrx_word' id='word_1_131' title='bbox 1330 2559 1449 2617; x_wconf 90' lang='lat' dir='ltr'>eisdem</span> 
     </span>
     <span class='ocr_line' id='line_1_20' title="bbox 181 2664 1451 2740; baseline 0 -17"><span class='ocrx_word' id='word_1_132' title='bbox 181 2673 285 2723; x_wconf 91' lang='lat' dir='ltr'>nostre</span> <span class='ocrx_word' id='word_1_133' title='bbox 308 2668 461 2725; x_wconf 88' lang='lat' dir='ltr'>maiestati</span> <span class='ocrx_word' id='word_1_134' title='bbox 485 2669 651 2740; x_wconf 90' lang='lat' dir='ltr'>provenire</span> <span class='ocrx_word' id='word_1_135' title='bbox 674 2666 825 2733; x_wconf 88' lang='lat' dir='ltr'>debenda,</span> <span class='ocrx_word' id='word_1_136' title='bbox 850 2664 1052 2724; x_wconf 85' lang='lat' dir='ltr'>condecenter</span> <span class='ocrx_word' id='word_1_137' title='bbox 1075 2672 1105 2722; x_wconf 93' lang='lat' dir='ltr'>et</span> <span class='ocrx_word' id='word_1_138' title='bbox 1135 2665 1180 2722; x_wconf 90' lang='lat' dir='ltr'>uti</span> <span class='ocrx_word' id='word_1_139' title='bbox 1211 2664 1352 2737; x_wconf 84' lang='lat' dir='ltr'>regalem</span> <span class='ocrx_word' id='word_1_140' title='bbox 1380 2680 1451 2738; x_wconf 91' lang='lat' dir='ltr'>per·</span> 
     </span>
     <span class='ocr_line' id='line_1_21' title="bbox 182 2770 1451 2841; baseline -0.002 -11"><span class='ocrx_word' id='word_1_141' title='bbox 182 2773 257 2830; x_wconf 90' lang='lat' dir='ltr'>tinet</span> <span class='ocrx_word' id='word_1_142' title='bbox 280 2772 319 2829; x_wconf 92' lang='lat' dir='ltr'>ad</span> <span class='ocrx_word' id='word_1_143' title='bbox 343 2774 535 2830; x_wconf 89' lang='lat' dir='ltr'>maiestatem</span> <span class='ocrx_word' id='word_1_144' title='bbox 559 2773 597 2830; x_wconf 92' lang='lat' dir='ltr'>ad</span> <span class='ocrx_word' id='word_1_145' title='bbox 622 2788 777 2831; x_wconf 88' lang='lat' dir='ltr'>cameram</span> <span class='ocrx_word' id='word_1_146' title='bbox 807 2780 944 2829; x_wconf 87' lang='lat' dir='ltr'>nostram</span> <span class='ocrx_word' id='word_1_147' title='bbox 968 2770 1118 2829; x_wconf 89' lang='lat' dir='ltr'>dederunt</span> <span class='ocrx_word' id='word_1_148' title='bbox 1141 2777 1171 2828; x_wconf 88' lang='lat' dir='ltr'>et</span> <span class='ocrx_word' id='word_1_149' title='bbox 1193 2770 1385 2841; x_wconf 88' lang='lat' dir='ltr'>obtuleruut,</span> <span class='ocrx_word' id='word_1_150' title='bbox 1408 2770 1451 2829; x_wconf 92' lang='lat' dir='ltr'>ob</span> 
     </span>
     <span class='ocr_line' id='line_1_22' title="bbox 182 2875 1450 2952; baseline -0.002 -16"><span class='ocrx_word' id='word_1_151' title='bbox 182 2881 241 2936; x_wconf 88' lang='lat' dir='ltr'>hoc</span> <span class='ocrx_word' id='word_1_152' title='bbox 274 2894 330 2936; x_wconf 89' lang='lat' dir='ltr'>nos</span> <span class='ocrx_word' id='word_1_153' title='bbox 364 2879 489 2936; x_wconf 90' lang='lat' dir='ltr'>eosdem</span> <span class='ocrx_word' id='word_1_154' title='bbox 523 2881 606 2937; x_wconf 92' lang='lat' dir='ltr'>cives</span> <span class='ocrx_word' id='word_1_155' title='bbox 649 2886 679 2937; x_wconf 90' lang='lat' dir='ltr'>et</span> <span class='ocrx_word' id='word_1_156' title='bbox 709 2880 847 2952; x_wconf 87' lang='lat' dir='ltr'>hospites</span> <span class='ocrx_word' id='word_1_157' title='bbox 880 2877 961 2934; x_wconf 89' lang='lat' dir='ltr'>dicte</span> <span class='ocrx_word' id='word_1_158' title='bbox 991 2877 1125 2934; x_wconf 85' lang='lat' dir='ltr'>civitatis</span> <span class='ocrx_word' id='word_1_159' title='bbox 1148 2876 1261 2934; x_wconf 91' lang='lat' dir='ltr'>montis</span> <span class='ocrx_word' id='word_1_160' title='bbox 1285 2875 1450 2935; x_wconf 87' lang='lat' dir='ltr'>Grecensis</span> 
     </span>
     <span class='ocr_line' id='line_1_23' title="bbox 181 2984 1450 3059; baseline -0.001 -17"><span class='ocrx_word' id='word_1_161' title='bbox 181 2984 341 3042; x_wconf 87' lang='lat' dir='ltr'>reddimus</span> <span class='ocrx_word' id='word_1_162' title='bbox 365 2992 394 3042; x_wconf 90' lang='lat' dir='ltr'>et</span> <span class='ocrx_word' id='word_1_163' title='bbox 419 2986 540 3042; x_wconf 92' lang='lat' dir='ltr'>racione</span> <span class='ocrx_word' id='word_1_164' title='bbox 565 2987 705 3059; x_wconf 91' lang='lat' dir='ltr'>ipsorum</span> <span class='ocrx_word' id='word_1_165' title='bbox 729 3000 894 3042; x_wconf 89' lang='lat' dir='ltr'>munerum</span> <span class='ocrx_word' id='word_1_166' title='bbox 916 2992 1121 3054; x_wconf 89' lang='lat' dir='ltr'>strennarum,</span> <span class='ocrx_word' id='word_1_167' title='bbox 1145 2984 1263 3041; x_wconf 88' lang='lat' dir='ltr'>scilicet</span> <span class='ocrx_word' id='word_1_168' title='bbox 1286 2985 1359 3041; x_wconf 89' lang='lat' dir='ltr'>anni</span> <span class='ocrx_word' id='word_1_169' title='bbox 1383 2989 1450 3041; x_wconf 88' lang='lat' dir='ltr'>tan·</span> 
     </span>
     <span class='ocr_line' id='line_1_24' title="bbox 184 3090 1450 3165; baseline 0.001 -18"><span class='ocrx_word' id='word_1_170' title='bbox 184 3091 347 3148; x_wconf 92' lang='lat' dir='ltr'>tummodo</span> <span class='ocrx_word' id='word_1_171' title='bbox 371 3092 530 3165; x_wconf 86' lang='lat' dir='ltr'>presentis,</span> <span class='ocrx_word' id='word_1_172' title='bbox 555 3092 779 3149; x_wconf 82' lang='lat' dir='ltr'>committimus</span> <span class='ocrx_word' id='word_1_173' title='bbox 803 3091 869 3148; x_wconf 87' lang='lat' dir='ltr'>iore</span> <span class='ocrx_word' id='word_1_174' title='bbox 893 3090 1054 3164; x_wconf 83' lang='lat' dir='ltr'>expeditos</span> <span class='ocrx_word' id='word_1_175' title='bbox 1077 3098 1106 3148; x_wconf 90' lang='lat' dir='ltr'>et</span> <span class='ocrx_word' id='word_1_176' title='bbox 1129 3091 1247 3165; x_wconf 90' lang='lat' dir='ltr'>pariter</span> <span class='ocrx_word' id='word_1_177' title='bbox 1275 3091 1450 3162; x_wconf 90' lang='lat' dir='ltr'>absolutos,</span> 
     </span>
     <span class='ocr_line' id='line_1_25' title="bbox 182 3195 1450 3272; baseline -0.001 -17"><span class='ocrx_word' id='word_1_178' title='bbox 182 3198 377 3272; x_wconf 91' lang='lat' dir='ltr'>presencium</span> <span class='ocrx_word' id='word_1_179' title='bbox 401 3198 577 3255; x_wconf 89' lang='lat' dir='ltr'>testimonio</span> <span class='ocrx_word' id='word_1_180' title='bbox 602 3197 764 3256; x_wconf 87' lang='lat' dir='ltr'>mediante.</span> <span class='ocrx_word' id='word_1_181' title='bbox 787 3198 906 3255; x_wconf 91' lang='lat' dir='ltr'>Datum</span> <span class='ocrx_word' id='word_1_182' title='bbox 930 3195 1016 3253; x_wconf 89' lang='lat' dir='ltr'>Bude</span> <span class='ocrx_word' id='word_1_183' title='bbox 1031 3203 1142 3254; x_wconf 90' lang='lat' dir='ltr'>octavo</span> <span class='ocrx_word' id='word_1_184' title='bbox 1158 3195 1209 3253; x_wconf 86' lang='lat' dir='ltr'>die</span> <span class='ocrx_word' id='word_1_185' title='bbox 1224 3195 1295 3254; x_wconf 80' lang='lat' dir='ltr'>festi</span> <span class='ocrx_word' id='word_1_186' title='bbox 1311 3196 1450 3271; x_wconf 84' lang='lat' dir='ltr'>Epipha-</span> 
     </span>
     <span class='ocr_line' id='line_1_26' title="bbox 181 3302 1166 3362; baseline -0.001 -2"><span class='ocrx_word' id='word_1_187' title='bbox 181 3305 302 3362; x_wconf 89' lang='lat' dir='ltr'>niarum</span> <span class='ocrx_word' id='word_1_188' title='bbox 326 3304 452 3362; x_wconf 90' lang='lat' dir='ltr'>domini.</span> <span class='ocrx_word' id='word_1_189' title='bbox 478 3306 566 3361; x_wconf 87' lang='lat' dir='ltr'>Anno</span> <span class='ocrx_word' id='word_1_190' title='bbox 590 3304 727 3362; x_wconf 90' lang='lat' dir='ltr'>eiusdem</span> <span class='ocrx_word' id='word_1_191' title='bbox 752 3304 921 3362; x_wconf 90' lang='lat' dir='ltr'>millesimo</span> <span class='ocrx_word' id='word_1_192' title='bbox 945 3302 1049 3361; x_wconf 91' lang='lat' dir='ltr'>CCCC</span> <span class='ocrx_word' id='word_1_193' title='bbox 1071 3307 1166 3360; x_wconf 87' lang='lat' dir='ltr'>sexto.</span> 
     </span>
    </p>
   </div>
   <div class='ocr_carea' id='block_1_10' title="bbox 184 3454 1444 3597">
    <p class='ocr_par' dir='ltr' id='par_1_10' title="bbox 184 3454 1444 3597">
     <span class='ocr_line' id='line_1_27' title="bbox 288 3454 1444 3521; baseline 0.002 -16"><span class='ocrx_word' id='word_1_194' title='bbox 288 3456 421 3519; x_wconf 82' lang='lat' dir='ltr'>Originale</span> <span class='ocrx_word' id='word_1_195' title='bbox 440 3457 466 3505; x_wconf 89' lang='lat' dir='ltr'>in</span> <span class='ocrx_word' id='word_1_196' title='bbox 486 3457 581 3507; x_wconf 85' lang='lat' dir='ltr'>charta.</span> <span class='ocrx_word' id='word_1_197' title='bbox 601 3459 685 3518; x_wconf 76' lang='lat' dir='ltr'>&#39;sergo</span> <span class='ocrx_word' id='word_1_198' title='bbox 704 3457 843 3520; x_wconf 80' lang='lat' dir='ltr'>impresum</span> <span class='ocrx_word' id='word_1_199' title='bbox 862 3464 900 3504; x_wconf 90' lang='lat' dir='ltr'>est</span> <span class='ocrx_word' id='word_1_200' title='bbox 920 3472 1040 3519; x_wconf 87' lang='lat' dir='ltr'>magnum</span> <span class='ocrx_word' id='word_1_201' title='bbox 1059 3454 1173 3521; x_wconf 79' lang='lat' dir='ltr'>sigillum</span> <span class='ocrx_word' id='word_1_202' title='bbox 1191 3456 1266 3519; x_wconf 86' lang='lat' dir='ltr'>regis.</span> <span class='ocrx_word' id='word_1_203' title='bbox 1296 3457 1327 3505; x_wconf 88' lang='lat' dir='ltr'>Iu</span> <span class='ocrx_word' id='word_1_204' title='bbox 1345 3455 1444 3508; x_wconf 83' lang='lat' dir='ltr'>archiv.</span> 
     </span>
     <span class='ocr_line' id='line_1_28' title="bbox 184 3545 759 3597; baseline 0.003 -4"><span class='ocrx_word' id='word_1_205' title='bbox 184 3545 242 3595; x_wconf 87' lang='lat' dir='ltr'>incl.</span> <span class='ocrx_word' id='word_1_206' title='bbox 264 3546 346 3596; x_wconf 88' lang='lat' dir='ltr'>Acad.</span> <span class='ocrx_word' id='word_1_207' title='bbox 367 3547 461 3595; x_wconf 72' lang='lat' dir='ltr'>Solent.</span> <span class='ocrx_word' id='word_1_208' title='bbox 482 3546 579 3596; x_wconf 83' lang='lat' dir='ltr'>Slavor.</span> <span class='ocrx_word' id='word_1_209' title='bbox 600 3545 759 3597; x_wconf 73' lang='lat' dir='ltr'>meridiandi.</span> 
     </span>
    </p>
   </div>
   <div class='ocr_carea' id='block_1_11' title="bbox 796 3758 848 3825">
    <p class='ocr_par' dir='ltr' id='par_1_11' title="bbox 796 3758 848 3825">
     <span class='ocr_line' id='line_1_29' title="bbox 796 3758 848 3825; baseline 0.019 -1"><span class='ocrx_word' id='word_1_210' title='bbox 796 3758 848 3825; x_wconf 80' lang='lat'>13.</span> 
     </span>
    </p>
   </div>
   <div class='ocr_carea' id='block_1_12' title="bbox 287 3847 651 3912">
    <p class='ocr_par' dir='ltr' id='par_1_12' title="bbox 287 3847 651 3912">
     <span class='ocr_line' id='line_1_30' title="bbox 287 3847 651 3912; baseline 0.005 -16"><span class='ocrx_word' id='word_1_211' title='bbox 287 3847 367 3896; x_wconf 84' lang='lat' dir='ltr'>Anno</span> <span class='ocrx_word' id='word_1_212' title='bbox 390 3860 464 3912; x_wconf 83' lang='lat'>1407,</span> <span class='ocrx_word' id='word_1_213' title='bbox 485 3850 508 3898; x_wconf 87' lang='lat'>8.</span> <span class='ocrx_word' id='word_1_214' title='bbox 529 3849 651 3911; x_wconf 81' lang='lat' dir='ltr'>Augusti.</span> 
     </span>
    </p>
   </div>
   <div class='ocr_carea' id='block_1_13' title="bbox 202 3975 1450 4052">
    <p class='ocr_par' dir='ltr' id='par_1_13' title="bbox 202 3975 1450 4052">
     <span class='ocr_line' id='line_1_31' title="bbox 202 3975 1450 4052; baseline 0 -19"><span class='ocrx_word' id='word_1_215' title='bbox 202 3978 394 4052; x_wconf 68' lang='lat' dir='ltr'>vcejain&#39;rores</span> <span class='ocrx_word' id='word_1_216' title='bbox 427 3979 503 4050; x_wconf 75' lang='lat' dir='ltr'>regis</span> <span class='ocrx_word' id='word_1_217' title='bbox 535 3978 759 4035; x_wconf 76' lang='lat' dir='ltr'>corirmanr&#39;iutcm</span> <span class='ocrx_word' id='word_1_218' title='bbox 790 3978 914 4034; x_wconf 79' lang='lat' dir='ltr'>cieviutir</span> <span class='ocrx_word' id='word_1_219' title='bbox 947 3978 1048 4033; x_wconf 66' lang='lat' dir='ltr'>seruulis</span> <span class='ocrx_word' id='word_1_220' title='bbox 1078 3976 1228 4034; x_wconf 76' lang='lat' dir='ltr'>Grecensis</span> <span class='ocrx_word' id='word_1_221' title='bbox 1249 3993 1302 4033; x_wconf 76' lang='lat' dir='ltr'>sex</span> <span class='ocrx_word' id='word_1_222' title='bbox 1317 3975 1450 4050; x_wconf 76' lang='lat' dir='ltr'>florenos</span> 
     </span>
    </p>
   </div>
   <div class='ocr_carea' id='block_1_14' title="bbox 177 4082 1448 4157">
    <p class='ocr_par' dir='ltr' id='par_1_14' title="bbox 177 4082 1448 4157">
     <span class='ocr_line' id='line_1_32' title="bbox 177 4082 1448 4157; baseline 0.001 -17"><span class='ocrx_word' id='word_1_223' title='bbox 177 4092 234 4157; x_wconf 77' lang='lat' dir='ltr'>pro</span> <span class='ocrx_word' id='word_1_224' title='bbox 255 4092 371 4153; x_wconf 70' lang='lat' dir='ltr'>(canem,</span> <span class='ocrx_word' id='word_1_225' title='bbox 396 4085 520 4157; x_wconf 76' lang='lat' dir='ltr'>quolibet</span> <span class='ocrx_word' id='word_1_226' title='bbox 537 4103 614 4140; x_wconf 77' lang='lat' dir='ltr'>cerritu</span> <span class='ocrx_word' id='word_1_227' title='bbox 636 4084 796 4153; x_wconf 68' lang='lat' dir='ltr'>solvendos,</span> <span class='ocrx_word' id='word_1_228' title='bbox 819 4085 897 4156; x_wconf 75' lang='lat' dir='ltr'>regio</span> <span class='ocrx_word' id='word_1_229' title='bbox 920 4084 1036 4140; x_wconf 80' lang='lat' dir='ltr'>aerario</span> <span class='ocrx_word' id='word_1_230' title='bbox 1052 4082 1221 4156; x_wconf 73' lang='lat' dir='ltr'>pependisse</span> <span class='ocrx_word' id='word_1_231' title='bbox 1244 4082 1448 4156; x_wconf 65' lang='lat' dir='ltr'>testfieantur.</span> 
     </span>
    </p>
   </div>
   <div class='ocr_carea' id='block_1_15' title="bbox 180 4245 1449 4962">
    <p class='ocr_par' dir='ltr' id='par_1_15' title="bbox 180 4245 1449 4962">
     <span class='ocr_line' id='line_1_33' title="bbox 287 4245 1448 4322; baseline 0.003 -19"><span class='ocrx_word' id='word_1_232' title='bbox 287 4245 350 4303; x_wconf 91' lang='lat' dir='ltr'>Nos</span> <span class='ocrx_word' id='word_1_233' title='bbox 374 4246 499 4319; x_wconf 84' lang='lat' dir='ltr'>Phytor‚</span> <span class='ocrx_word' id='word_1_234' title='bbox 524 4246 697 4322; x_wconf 89' lang='lat' dir='ltr'>Stephanus</span> <span class='ocrx_word' id='word_1_235' title='bbox 714 4253 744 4304; x_wconf 90' lang='lat' dir='ltr'>et</span> <span class='ocrx_word' id='word_1_236' title='bbox 759 4246 918 4304; x_wconf 87' lang='lat' dir='ltr'>Emericus</span> <span class='ocrx_word' id='word_1_237' title='bbox 938 4245 1150 4321; x_wconf 84' lang='lat' dir='ltr'>vicejanitores</span> <span class='ocrx_word' id='word_1_238' title='bbox 1166 4245 1250 4319; x_wconf 80' lang='lat' dir='ltr'>regie</span> <span class='ocrx_word' id='word_1_239' title='bbox 1266 4245 1448 4307; x_wconf 88' lang='lat' dir='ltr'>maiestatis.</span> 
     </span>
     <span class='ocr_line' id='line_1_34' title="bbox 180 4351 1449 4434; baseline 0.002 -25"><span class='ocrx_word' id='word_1_240' title='bbox 180 4353 332 4411; x_wconf 83' lang='lat' dir='ltr'>Memorie</span> <span class='ocrx_word' id='word_1_241' title='bbox 360 4353 615 4411; x_wconf 90' lang='lat' dir='ltr'>commendamus</span> <span class='ocrx_word' id='word_1_242' title='bbox 647 4369 703 4426; x_wconf 91' lang='lat' dir='ltr'>per</span> <span class='ocrx_word' id='word_1_243' title='bbox 727 4359 899 4426; x_wconf 85' lang='lat' dir='ltr'>presentes,</span> <span class='ocrx_word' id='word_1_244' title='bbox 924 4352 1007 4425; x_wconf 85' lang='lat' dir='ltr'>quod</span> <span class='ocrx_word' id='word_1_245' title='bbox 1032 4351 1157 4426; x_wconf 91' lang='lat' dir='ltr'>providi</span> <span class='ocrx_word' id='word_1_246' title='bbox 1181 4352 1257 4410; x_wconf 92' lang='lat' dir='ltr'>viri:</span> <span class='ocrx_word' id='word_1_247' title='bbox 1279 4351 1449 4434; x_wconf 89' lang='lat' dir='ltr'>Johannes,</span> 
     </span>
     <span class='ocr_line' id='line_1_35' title="bbox 181 4458 1449 4542; baseline 0.001 -26"><span class='ocrx_word' id='word_1_248' title='bbox 181 4459 265 4517; x_wconf 92' lang='lat' dir='ltr'>filius</span> <span class='ocrx_word' id='word_1_249' title='bbox 288 4459 378 4516; x_wconf 90' lang='lat' dir='ltr'>Pauli</span> <span class='ocrx_word' id='word_1_250' title='bbox 401 4468 431 4517; x_wconf 91' lang='lat' dir='ltr'>et</span> <span class='ocrx_word' id='word_1_251' title='bbox 454 4461 533 4518; x_wconf 89' lang='lat' dir='ltr'>alter</span> <span class='ocrx_word' id='word_1_252' title='bbox 555 4460 719 4542; x_wconf 82' lang='lat' dir='ltr'>Johannes,</span> <span class='ocrx_word' id='word_1_253' title='bbox 742 4459 827 4517; x_wconf 86' lang='lat' dir='ltr'>filius</span> <span class='ocrx_word' id='word_1_254' title='bbox 851 4460 946 4532; x_wconf 87' lang='lat' dir='ltr'>Bolye</span> <span class='ocrx_word' id='word_1_255' title='bbox 977 4475 1013 4517; x_wconf 89' lang='lat' dir='ltr'>ac</span> <span class='ocrx_word' id='word_1_256' title='bbox 1044 4458 1240 4530; x_wconf 89' lang='lat' dir='ltr'>Laurencius,</span> <span class='ocrx_word' id='word_1_257' title='bbox 1262 4458 1348 4516; x_wconf 89' lang='lat' dir='ltr'>cives</span> <span class='ocrx_word' id='word_1_258' title='bbox 1372 4459 1449 4517; x_wconf 91' lang='lat' dir='ltr'>civi·</span> 
     </span>
     <span class='ocr_line' id='line_1_36' title="bbox 181 4562 1448 4639; baseline -0.001 -15"><span class='ocrx_word' id='word_1_259' title='bbox 181 4567 252 4624; x_wconf 89' lang='lat' dir='ltr'>tatis</span> <span class='ocrx_word' id='word_1_260' title='bbox 275 4567 390 4624; x_wconf 89' lang='lat' dir='ltr'>montis</span> <span class='ocrx_word' id='word_1_261' title='bbox 413 4566 585 4637; x_wconf 89' lang='lat' dir='ltr'>Grecensis,</span> <span class='ocrx_word' id='word_1_262' title='bbox 609 4581 735 4623; x_wconf 88' lang='lat' dir='ltr'>censum</span> <span class='ocrx_word' id='word_1_263' title='bbox 759 4581 813 4623; x_wconf 92' lang='lat' dir='ltr'>seu</span> <span class='ocrx_word' id='word_1_264' title='bbox 838 4566 1048 4639; x_wconf 89' lang='lat' dir='ltr'>pecuniariam</span> <span class='ocrx_word' id='word_1_265' title='bbox 1072 4565 1273 4636; x_wconf 84' lang='lat' dir='ltr'>solucionem,</span> <span class='ocrx_word' id='word_1_266' title='bbox 1296 4562 1448 4623; x_wconf 87' lang='lat' dir='ltr'>videlicet</span> 
     </span>
     <span class='ocr_line' id='line_1_37' title="bbox 180 4670 1448 4747; baseline -0.002 -17"><span class='ocrx_word' id='word_1_267' title='bbox 180 4688 235 4730; x_wconf 85' lang='lat' dir='ltr'>sex</span> <span class='ocrx_word' id='word_1_268' title='bbox 258 4672 388 4730; x_wconf 90' lang='lat' dir='ltr'>tlorenos</span> <span class='ocrx_word' id='word_1_269' title='bbox 409 4688 468 4747; x_wconf 92' lang='lat' dir='ltr'>pro</span> <span class='ocrx_word' id='word_1_270' title='bbox 493 4680 625 4743; x_wconf 90' lang='lat' dir='ltr'>centum,</span> <span class='ocrx_word' id='word_1_271' title='bbox 648 4687 755 4745; x_wconf 89' lang='lat' dir='ltr'>novos,</span> <span class='ocrx_word' id='word_1_272' title='bbox 776 4672 924 4745; x_wconf 88' lang='lat' dir='ltr'>magistro</span> <span class='ocrx_word' id='word_1_273' title='bbox 947 4670 1116 4747; x_wconf 90' lang='lat' dir='ltr'>janitorum</span> <span class='ocrx_word' id='word_1_274' title='bbox 1132 4670 1288 4745; x_wconf 90' lang='lat' dir='ltr'>regalium</span> <span class='ocrx_word' id='word_1_275' title='bbox 1303 4670 1448 4743; x_wconf 86' lang='lat' dir='ltr'>quolibet</span> 
     </span>
     <span class='ocr_line' id='line_1_38' title="bbox 180 4776 1446 4854; baseline -0.002 -18"><span class='ocrx_word' id='word_1_276' title='bbox 180 4793 261 4836; x_wconf 90' lang='lat' dir='ltr'>armo</span> <span class='ocrx_word' id='word_1_277' title='bbox 291 4780 414 4838; x_wconf 91' lang='lat' dir='ltr'>solvere</span> <span class='ocrx_word' id='word_1_278' title='bbox 445 4779 611 4851; x_wconf 88' lang='lat' dir='ltr'>debendos‚</span> <span class='ocrx_word' id='word_1_279' title='bbox 644 4795 723 4838; x_wconf 87' lang='lat' dir='ltr'>anno</span> <span class='ocrx_word' id='word_1_280' title='bbox 758 4780 893 4854; x_wconf 88' lang='lat' dir='ltr'>presenti</span> <span class='ocrx_word' id='word_1_281' title='bbox 924 4779 1014 4837; x_wconf 92' lang='lat' dir='ltr'>nobis</span> <span class='ocrx_word' id='word_1_282' title='bbox 1037 4778 1076 4836; x_wconf 89' lang='lat' dir='ltr'>de</span> <span class='ocrx_word' id='word_1_283' title='bbox 1099 4776 1208 4835; x_wconf 89' lang='lat' dir='ltr'>eadem</span> <span class='ocrx_word' id='word_1_284' title='bbox 1230 4776 1391 4834; x_wconf 89' lang='lat' dir='ltr'>solucione</span> <span class='ocrx_word' id='word_1_285' title='bbox 1414 4782 1446 4835; x_wconf 89' lang='lat' dir='ltr'>et</span> 
     </span>
     <span class='ocr_line' id='line_1_39' title="bbox 181 4882 1447 4962; baseline -0.005 -16"><span class='ocrx_word' id='word_1_286' title='bbox 181 4900 273 4946; x_wconf 89' lang='lat' dir='ltr'>censu</span> <span class='ocrx_word' id='word_1_287' title='bbox 296 4887 387 4945; x_wconf 90' lang='lat' dir='ltr'>nobis</span> <span class='ocrx_word' id='word_1_288' title='bbox 410 4886 628 4961; x_wconf 91' lang='lat' dir='ltr'>persolverunt</span> <span class='ocrx_word' id='word_1_289' title='bbox 655 4886 758 4961; x_wconf 88' lang='lat' dir='ltr'>quoad</span> <span class='ocrx_word' id='word_1_290' title='bbox 791 4888 930 4962; x_wconf 90' lang='lat' dir='ltr'>plenum.</span> <span class='ocrx_word' id='word_1_291' title='bbox 961 4885 1034 4943; x_wconf 87' lang='lat' dir='ltr'>Ideo</span> <span class='ocrx_word' id='word_1_292' title='bbox 1065 4899 1122 4943; x_wconf 90' lang='lat' dir='ltr'>nos</span> <span class='ocrx_word' id='word_1_293' title='bbox 1153 4882 1280 4942; x_wconf 85' lang='lat' dir='ltr'>eosdem</span> <span class='ocrx_word' id='word_1_294' title='bbox 1302 4882 1388 4941; x_wconf 86' lang='lat' dir='ltr'>cives</span> <span class='ocrx_word' id='word_1_295' title='bbox 1409 4896 1447 4941; x_wconf 88' lang='lat' dir='ltr'>ac</span> 
     </span>
    </p>
   </div>
   <div class='ocr_carea' id='block_1_16' title="bbox 0 0 1644 5348">
    <p class='ocr_par' dir='ltr' id='par_1_16' title="bbox 0 0 1644 5348">
     <span class='ocr_line' id='line_1_40' title="bbox 0 0 1644 5348; baseline 0 0"><span class='ocrx_word' id='word_1_296' title='bbox 0 0 1644 5348; x_wconf 95' lang='lat' dir='ltr'> </span> 
     </span>
    </p>
   </div>
  </div>
 </body>
</html>
