3278 5348
608 426 680 486 Duc.
698 422 777 504 308.
802 459 843 471 -
868 433 924 488 Aa.
949 434 1038 503 1477.

188 613 314 720 larunt3
337 660 448 704 rernm
470 644 542 703 licet
565 642 719 703 antefatus
740 641 897 727 lohannes
918 640 1136 714 Soldynarycb
1159 638 1259 717 index
1282 655 1343 700 sna
1358 648 1389 700 et
1403 640 1460 699 dic·

192 758 295 811 torum
326 751 460 809 aliorum
491 764 619 808 snorum
648 747 822 808 concivium
846 749 878 806 in
901 749 1043 823 personis
1074 748 1107 806 in
1127 748 1286 821 memissa
1310 746 1461 806 adiudica-

192 858 280 916 cione
302 855 415 931 prelati
440 856 528 929 regni
550 853 716 913 Solanonie
736 852 818 925 bani,
842 855 1020 914 nacionibus
1044 858 1075 912 et
1097 853 1201 912 caua's
1229 867 1268 912 ex
1304 854 1461 928 premissis

192 965 323 1021 minime
344 968 513 1032 contentus,
536 975 661 1019 cansam
685 959 816 1018 eandem
839 974 901 1035 pro
924 959 1065 1019 eiusdem
1095 958 1334 1019 deliberacione
1354 966 1384 1018 et
1405 956 1461 1017 dis

191 1070 340 1140 cussione,
362 1066 462 1125 modo
481 1081 544 1140 quo
566 1081 671 1142 snpra,
695 1068 726 1125 in
749 1068 868 1125 curiam
891 1067 1020 1140 regiam,
1045 1072 1184 1123 nostram
1208 1067 1333 1125 scilicet
1349 1067 1382 1125 in
1397 1080 1461 1140 pre

191 1175 327 1234 sensim
351 1189 408 1247 per
431 1173 548 1230 dictum
573 1173 660 1245 regni
691 1172 855 1231 Solanonie
884 1172 1003 1230 banum
1033 1171 1203 1230 transmitti
1234 1173 1460 1246 procuraverit

189 1281 318 1351 Tamen,
342 1281 415 1354 qnia
439 1278 522 1336 idern
545 1279 634 1352 regni
656 1277 822 1337 Solanonie
850 1279 951 1336 banus
982 1279 1043 1353 ipsi
1070 1277 1206 1361 Jobanni
1229 1276 1457 1350 Soldynarych

149 1364 153 1369 ⁴
195 1387 348 1445 moderno
378 1385 496 1442 scilicet
529 1383 625 1459 judici
658 1385 832 1460 prescripto
853 1385 997 1455 civitatis,
1034 1396 1107 1440 cnm
1140 1383 1267 1441 civibus
1300 1389 1333 1442 et
1355 1383 1459 1442 incolis

193 1494 328 1551 aliarum
352 1493 513 1550 civitatum
536 1498 567 1548 et
591 1490 760 1565 opidorum
780 1492 842 1549 sibi
866 1490 1025 1548 similibus
1045 1494 1099 1547 aut
1120 1488 1286 1547 nobilibus
1312 1491 1457 1564 personis

190 1613 279 1656 mom
299 1598 401 1669 solito,
424 1599 454 1654 in
479 1597 641 1670 premissis
663 1598 874 1672 prescriptum
903 1594 1114 1672 juramentum
1145 1595 1412 1670 quinquagesimo
1428 1610 1458 1654 se

191 1703 409 1778 deponendum
433 1702 627 1761 adiudicasse
648 1712 678 1762 et
701 1703 887 1777 imposuisse
902 1703 961 1761 rite
984 1710 1014 1760 et
1030 1701 1182 1775 legittime
1204 1702 1301 1760 nobis
1323 1716 1359 1762 ac
1376 1704 1457 1776 regni

191 1810 351 1869 nobilibus
374 1810 540 1867 nobiscum
564 1810 595 1868 in
618 1808 735 1885 judicio
757 1816 787 1868 et
810 1808 1037 1866 deliberacione
1052 1807 1189 1866 eiusdem
1214 1822 1311 1867 cause
1331 1811 1457 1868 existen·

190 1918 274 1975 tibus
296 1916 563 1988 adinveniebatur,
587 1931 646 1990 pro
669 1930 706 1974 eo
727 1930 785 1974 nos
807 1930 940 1973 unacum
963 1914 1080 1973 eisdem
1103 1915 1190 1987 regni
1214 1914 1381 1975 nobilibus
1397 1928 1456 1973 ma-

190 2029 259 2082 tura
283 2021 449 2095 superinde
464 2021 693 2080 deliberacione
710 2022 873 2096 prehabito
888 2021 1057 2080 iudicantes
1073 2021 1290 2079 commisimus
1302 2037 1345 2081 eo
1357 2020 1455 2081 modot

192 2137 226 2186 nt
261 2128 415 2186 antelatos
445 2128 600 2211 lohannes
631 2127 868 2201 Soldynarych,
899 2127 1066 2186 modernus
1102 2127 1220 2185 scilicet
1249 2126 1350 2203 judex
1381 2129 1456 2187 dicte

190 2235 325 2293 civitatis
345 2235 458 2292 montis
480 2234 651 2306 Grecensis,
667 2235 847 2293 nominibus
869 2243 899 2293 et
921 2236 952 2292 in
976 2235 1117 2309 personis
1139 2233 1222 2292 dicte
1246 2235 1355 2294 totalis
1376 2248 1476 2293 com·-

190 2341 348 2399 munitatis
378 2339 519 2398 eiusdem
546 2341 680 2399 civitatis
710 2342 967 2414 quinquagesimo
996 2356 1029 2398 se
1063 2340 1220 2398 similibus
1253 2340 1317 2399 sibi
1339 2341 1456 2399 civibus

190 2448 324 2505 aliarum
347 2447 510 2504 civitatum
533 2455 562 2506 et
586 2446 755 2522 opidorum
778 2454 830 2504 aut
861 2447 1020 2506 nobilibus
1051 2446 1192 2520 personis
1220 2447 1377 2519 vigesimo
1406 2445 1452 2505 die

188 2552 259 2611 festi
289 2553 532 2626 Epiphaniarum
556 2553 683 2625 domini,
713 2554 855 2626 proxime
879 2553 1019 2625 affuturi,
1038 2566 1144 2610 coram
1168 2553 1310 2625 capitulo
1332 2552 1454 2610 ecclesie

188 2660 374 2717 chasmensis
406 2675 501 2733 super
523 2675 568 2729 eo,
590 2658 673 2733 quod
697 2661 756 2734 ipsi
787 2661 817 2717 in
848 2660 937 2716 totali
968 2659 1120 2733 premissa
1153 2658 1281 2716 accione
1302 2665 1335 2716 et
1355 2658 1454 2732 aconi-

187 2765 300 2822 sicione
323 2765 397 2822 dicti
428 2765 557 2838 capituli
591 2766 708 2838 agentis
742 2766 917 2824 innocentes
950 2766 1010 2824 sint
1047 2770 1078 2823 et
1112 2766 1254 2837 existant,
1279 2767 1406 2838 penitus
1424 2768 1452 2821 et

187 2872 341 2928 immunes
364 2871 394 2928 in
419 2872 556 2929 animum
581 2871 693 2946 prefati
730 2872 885 2930 Valentini
912 2880 984 2930 tunc
1016 2869 1126 2946 judicis
1160 2869 1371 2947 juramentum
1404 2870 1451 2928 de·

187 2992 301 3049 ponere
317 2985 347 3033 et
364 2984 499 3050 prestare
516 2986 545 3035 et
561 2978 672 3036 debinc
687 2979 865 3037 huiusmodi
879 2977 1094 3053 juramentalis
1108 2977 1326 3052 deposicionis,
1346 2977 1451 3036 seriem

187 3090 289 3153 partes
324 3085 355 3139 in
389 3085 498 3142 litteris
534 3085 673 3142 eiusdem
708 3086 837 3159 capituli
876 3085 1005 3142 ecclesie
1039 3085 1230 3142 chasmensis
1254 3082 1293 3140 ad
1331 3091 1451 3141 oetam

186 3185 260 3243 dicti
284 3186 352 3243 festi
368 3190 614 3261 Epiphaniarnm
635 3191 762 3262 domini,
778 3207 858 3248 nunc
876 3196 1029 3260 venturas,
1051 3189 1202 3261 legittime
1220 3189 1448 3262 perdonandam

186 3290 268 3347 dicto
292 3295 380 3363 regni
414 3294 576 3353 Sclanonie
609 3299 690 3355 bano
721 3298 752 3355 in
783 3297 888 3354 sedem
912 3288 1002 3374 (eins)
1033 3296 1268 3367 zagrabiensem
1292 3304 1449 3371 reportare

186 3402 365 3455 teneantur.
402 3400 516 3457 Datum
553 3403 636 3460 llnde
668 3403 910 3476 quadragesimo
941 3403 1050 3475 quinto
1084 3401 1135 3459 die
1169 3409 1352 3459 octavarum
1387 3401 1450 3459 lasti

186 3503 267 3560 beati
292 3505 449 3564 llichaelis
473 3510 651 3580 archangeli
687 3509 905 3583 predictarum.
929 3502 1021 3567 Anno
1044 3508 1162 3565 domini
1186 3508 1358 3565 millesimo
1381 3520 1450 3581 qua·

185 3609 425 3682 dringentesimo
449 3618 677 3687 septuagesimo
701 3617 842 3690 septimo.

290 3725 331 3783 (Α
351 3728 445 3791 tergo).
469 3723 569 3795 Super
599 3721 780 3797 juramento.
810 3723 868 3780 Pro
890 3722 1030 3806 Johanne
1059 3719 1276 3793 Soldynarych
1301 3720 1448 3779 moderno

183 3832 299 3888 scilicet
322 3829 423 3905 jndice
447 3831 578 3886 civitatis
603 3828 781 3886 Greczensis
804 3843 899 3902 supra
923 3828 1112 3901 Zagrabiam
1130 3833 1239 3884 contra
1262 3827 1446 3885 honorabile

184 3938 357 4010 capitulum
388 3936 516 3992 ecclesie
546 3935 753 4007 zagrabiensis
785 3948 840 4006 per
875 3935 1007 3991 eundem
1040 3934 1191 4016 Johanem
1224 3931 1446 4005 Soldynarych,

184 4044 362 4100 nominibus
386 4051 414 4098 et
439 4043 469 4098 in
494 4043 632 4114 personis
646 4043 743 4099 tocius
766 4042 998 4098 communitatis
1021 4040 1101 4098 dicte
1126 4040 1265 4097 civitatis
1283 4038 1446 4098 Grecenals

183 4150 441 4221 quinquagesimo
475 4165 507 4205 se
541 4150 697 4205 similibus
736 4149 795 4205 sibi
820 4149 941 4205 civibus
977 4147 1115 4204 allorum·
1143 4146 1307 4203 civitatum
1331 4151 1361 4203 et
1384 4144 1446 4218 opi¹

182 4253 293 4311 dorum
318 4263 369 4311 ant
402 4256 562 4311 nobilibus
595 4257 733 4327 personis
766 4254 918 4326 vigesimo
953 4253 1003 4311 die
1034 4253 1104 4310 sesti
1128 4252 1378 4326 Epiphaniam
1397 4248 1447 4308 do*

181 4361 257 4417 mini
288 4363 430 4432 proxime
464 4361 592 4417 affuturi
623 4377 726 4418 coram
758 4361 897 4433 capitulo
920 4361 1049 4418 ecclesie
1071 4357 1261 4417 chasmensis
1284 4357 1385 4416 modo
1402 4357 1445 4415 is
1479 4426 1484 4433 ⁸

180 4464 345 4539 frascripto
377 4467 561 4538 deponendi,
585 4469 672 4524 cuius
704 4468 798 4525 series
821 4483 878 4541 per
901 4475 1009 4540 partes·
1035 4468 1066 4524 in
1089 4464 1203 4546 litteris
1224 4462 1302 4521 dicti
1322 4462 1448 4538 capituli

180 4572 308 4629 ecclesie
331 4573 520 4629 chasmensis
543 4573 582 4629 ad
607 4573 703 4631 dictas
726 4582 852 4631 octavas
876 4573 950 4631 dicti
975 4573 1044 4631 festi
1061 4569 1447 4645 Epiphaniam-nomint

179 4693 261 4735 nunc
285 4684 435 4735 venturas
455 4679 606 4751 legittime
629 4679 862 4752 perdurandum
886 4680 977 4752 regni
1000 4677 1168 4738 Sclauonie·
1188 4676 1277 4735 bullo
1294 4677 1328 4735 itt
1342 4674 1446 4736 sedem

178 4785 411 4856 aagrabiensem
436 4794 482 4843 est
505 4787 701 4858 reportanda,
727 4787 935 4845 memoriales.

286 4922 421 4986 Originale
440 4925 467 4971 in
486 4923 582 4975 charta.
602 4926 629 4973 A
646 4931 718 4989 tergo
738 4925 877 4989 vestigium
896 4924 1015 4989 impressi
1030 4921 1119 4988 sigilli.
1138 4921 1172 4972 In
1183 4921 1283 4975 archiv.
1294 4921 1359 4975 incl.
1370 4919 1448 4972 And

177 5012 273 5065 Solent.
293 5011 391 5066 Slavor.
411 5014 501 5065 merid.
