3278 5348
246 428 305 486 ¹²4
668 408 742 467 Doc.
763 403 820 482 98.
848 440 884 450 -
911 407 967 465 Aa.
991 402 1082 485 1436·

241 640 348 684 earum
371 623 501 700 juribus
524 626 550 684 si
585 642 645 699 que
675 623 715 682 ad
745 622 923 683 huiusmodi
957 630 1056 681 terras
1075 622 1220 694 arabiles,
1256 629 1355 698 prata,
1394 622 1507 693 senilia,

240 733 337 790 silvas
360 739 390 790 et
412 733 523 790 rubeta
545 732 669 803 habent,
686 731 819 789 debeant
842 736 873 788 et
896 735 1057 789 teneantur
1078 745 1262 805 comparere
1293 726 1448 806 judicium
1476 733 1506 787 et

239 837 394 916 justiciam
417 838 506 897 factis
530 840 562 896 in
586 839 747 913 premissis
770 853 788 896 a
810 843 915 896 nostre
939 837 1099 895 maiestate
1121 840 1292 911 recepture.
1314 836 1353 895 Et
1379 835 1505 895 tandem

241 944 395 1020 quidquid
419 944 450 1002 id
467 946 498 1003 in
522 944 683 1019 premissis
699 944 817 1015 feceris,
840 943 871 1002 id
891 949 995 1001 nostre
1017 943 1173 1001 maiestati
1188 941 1325 1001 fideliter
1350 942 1506 1001 rescribas

240 1065 276 1108 ac
298 1057 423 1109 octavas
444 1056 629 1125 prenotatas.
653 1048 747 1109 Secus
770 1049 872 1109 facere
906 1060 967 1107 non
1001 1063 1142 1119 ausurus,
1164 1047 1267 1120 gracie
1304 1053 1412 1106 nostre
1449 1047 1509 1105 sub

240 1158 377 1215 obtentu.
412 1157 610 1215 Presentibus
645 1137 809 1229 perlectis.
846 1155 1003 1213 exhibenti
1036 1152 1193 1213 restitutis
1229 1152 1345 1211 Datum
1378 1152 1512 1226 Iglauie,

241 1262 385 1337 parcium
408 1264 555 1334 ltforavie,
579 1262 629 1320 die
660 1261 817 1320 dominico
848 1260 994 1335 proximo
1026 1265 1096 1318 ante
1129 1259 1242 1317 festum
1277 1260 1506 1334 assumpcionis

239 1369 329 1426 beate
352 1370 449 1426 Marie
472 1370 602 1441 virginis
625 1369 769 1441 gloriose.
793 1369 883 1426 Anno
908 1366 1027 1426 domini
1058 1366 1228 1425 millesimo
1263 1365 1505 1439 quadringente·

242 1475 323 1533 simo
346 1476 502 1534 tricesimo
525 1480 620 1534 serto.
637 1476 817 1548 Regnorum
838 1478 1026 1544 nostrorum,
1050 1486 1131 1530 anno
1153 1471 1313 1545 Hungarie
1336 1475 1393 1529 etc.
1417 1472 1507 1545 quin·

137 1599 140 1605 ·
244 1582 434 1655 quagesimo.
457 1582 669 1639 Romanorum
692 1580 804 1639 XXVI.
830 1579 983 1641 Bohemie,
1000 1576 1095 1636 XVII.
1119 1577 1249 1652 Imperii
1284 1591 1360 1635 vero
1384 1581 1506 1652 quarto

345 1735 478 1799 Originale
497 1736 525 1786 in
543 1735 640 1787 charta.
659 1737 691 1784 In
710 1736 825 1798 margine
843 1734 959 1785 inferiori
980 1735 1133 1800 impressum
1158 1739 1198 1782 eat
1215 1731 1330 1797 sigillum
1352 1732 1447 1783 maius.
1472 1731 1508 1782 In

239 1825 353 1875 archivio
372 1825 417 1874 lib.
437 1842 489 1889 reg.
509 1826 578 1876 civil.
598 1825 699 1890 zagrab.
719 1827 798 1875 Extat
817 1826 845 1874 in
864 1831 1025 1890 transumpto
1042 1824 1070 1875 in
1088 1822 1185 1876 archiv.
1208 1838 1267 1876 ven.
1292 1822 1378 1888 Capit.
1406 1821 1509 1886 zagrab-

239 1914 302 1967 Act.
321 1914 454 1979 Carpant.
473 1914 534 1965 fase.
554 1913 578 1965 6.
597 1931 635 1965 nr.
655 1914 696 1966 26.

845 2144 906 2212 98.

347 2321 428 2370 Anno
451 2322 526 2385 1436,
549 2335 587 2385 14.
606 2322 731 2386 Augusti.
750 2321 872 2386 Iglaviae.
896 2389 901 2395 ὁ

240 2464 451 2540 Segrimundus,
485 2468 663 2540 Hungarr'rrc
695 2475 745 2526 etc.
780 2486 843 2537 rex,
858 2467 958 2543 judici
976 2468 1074 2526 curiae
1097 2474 1127 2526 et
1148 2466 1306 2525 Slavoniae
1327 2467 1415 2539 regm‘
1433 2464 1509 2522 burro

238 2573 368 2650 inueniat,
391 2581 425 2631 uf
446 2575 488 2631 ad
507 2576 597 2647 nisius
619 2574 773 2632 adrentum
793 2575 823 2630 in
847 2590 944 2644 creusa,
967 2593 1042 2649 quae
1064 2575 1142 2632 mter
1161 2573 1388 2632 communitatem
1402 2571 1507 2628 moniis

456 2680 607 2738 Greccrrsis
628 2688 657 2737 et
676 2680 832 2754 capr'tulum
855 2683 964 2753 agitur,
980 2681 1126 2758 judicricm
1149 2679 1294 2756 differant.

344 2844 560 2916 Sigismundus
584 2843 635 2902 dei
657 2844 760 2917 gracia
785 2844 997 2901 Romanorum
1013 2843 1193 2917 imperator,
1208 2856 1334 2914 semper
1348 2844 1508 2914 augustus,

147 3027 148 3030 Ἴ
238 2966 274 3009 ac
297 2951 465 3022 hungarie,
488 2949 642 3022 Bohemie,
666 2951 836 3021 Daimacie,
860 2949 988 3007 Croacie
1019 2954 1073 3007 etc.
1103 2964 1167 3007 rer.
1200 2947 1362 3006 Fidelibus
1392 2947 1509 3006 nostris

239 3058 412 3128 magnificis
436 3057 574 3129 palatino
598 3062 627 3114 et
650 3056 744 3115 iudici
767 3057 851 3114 curie
874 3062 986 3126 nostre,
1010 3056 1085 3114 item
1108 3055 1196 3127 regni
1219 3053 1318 3111 nostri
1341 3051 1509 3111 Sclauonie

244 3163 342 3234 bano,
369 3169 550 3236 vestrasque
584 3164 667 3221 vices
697 3165 728 3222 in
760 3161 897 3222 iudicatu
931 3162 1110 3235 gerentibus
1145 3162 1279 3220 salutem
1301 3163 1332 3218 et
1354 3160 1507 3247 graciam.

240 3269 320 3343 Quia
329 3284 384 3327 nos
394 3272 552 3329 uniuersas
565 3276 594 3327 et
607 3270 762 3343 quaslibet
775 3285 882 3327 causas
895 3270 974 3328 inter
989 3269 1173 3327 honorabile
1189 3266 1364 3341 capitulum
1377 3266 1509 3325 ecclesie

239 3376 445 3449 zagrabiensis
462 3377 585 3446 ahora,
600 3391 635 3433 ac
647 3375 797 3449 providos
812 3374 956 3446 iudicem,
973 3376 1089 3433 iuratos
1105 3380 1135 3433 et
1150 3379 1268 3432 ceteros
1283 3373 1370 3431 ciues
1386 3389 1508 3432 necnon

238 3486 334 3538 totam
359 3483 611 3539 communitatem
638 3483 772 3541 civitatis
794 3488 898 3540 nostre
920 3482 1131 3556 zagrabiensis
1153 3481 1195 3539 ab
1227 3481 1327 3538 altera
1349 3480 1505 3554 partibus,

238 3589 360 3645 racione
395 3603 664 3663 quorumcumque
701 3589 854 3648 factorum
888 3595 917 3648 et
952 3590 1154 3663 negociorum
1183 3604 1282 3662 usquc
1315 3585 1356 3645 ad
1377 3601 1507 3660 presens

239 3699 362 3766 tempus
386 3700 485 3751 motas
509 3700 537 3752 et
563 3696 658 3752 vestri
681 3713 733 3753 seu
759 3697 888 3754 alterius
918 3702 1057 3754 vestrum
1088 3697 1120 3754 in
1151 3694 1310 3769 presencia
1340 3696 1506 3764 vertentes,

238 3797 314 3855 dum
348 3799 438 3856 dante
469 3797 595 3857 domino
621 3801 661 3858 ab
692 3802 751 3859 hiis
783 3803 895 3860 exteris
919 3802 1061 3876 partibus
1095 3815 1225 3873 regnum
1250 3806 1393 3858 nostrum
1419 3800 1506 3857 Hun-

238 3904 322 3977 garie
344 3904 476 3964 feliciter
498 3914 699 3979 revertemur,
724 3909 870 3967 volumus
894 3910 1022 3982 propria
1045 3916 1151 3968 nostra
1174 3910 1204 3968 in
1236 3921 1370 3983 persona
1403 3906 1506 3964 discu-

238 4015 310 4082 tere,
345 4011 522 4071 adiudicare
552 4019 582 4071 et
613 4015 674 4071 fine
698 4015 803 4072 debito
827 4017 1015 4086 terminare;
1039 4017 1133 4088 igitur
1156 4014 1301 4073 fidelitati
1324 4018 1428 4071 vestre
1452 4012 1505 4070 fir·

237 4118 375 4176 missime
399 4121 603 4194 precipientes
633 4120 829 4193 mandamus,
862 4128 1013 4195 quatenus
1043 4123 1176 4197 receptis
1206 4096 1404 4197 presentibus
1435 4136 1505 4195 pre·

237 4227 334 4282 tactas
357 4226 517 4283 universas
540 4242 647 4284 causas
671 4240 774 4300 partes
797 4229 877 4286 inter
899 4234 1085 4303 prenotatas‚
1108 4236 1142 4286 ut
1177 4228 1369 4301 premittitur
1403 4233 1505 4284 motas

237 4334 268 4386 et
290 4336 451 4401 vertentes,
475 4333 594 4404 absque
617 4335 702 4391 omni
726 4337 907 4405 gravamine
931 4343 960 4393 et
981 4336 1155 4393 variacione
1172 4333 1311 4407 aliquali,
1327 4331 1368 4392 ad
1383 4332 1504 4406 primas

237 4440 363 4494 octavas
385 4442 455 4510 post
478 4437 601 4496 felicem
625 4448 727 4497 nostre
751 4443 919 4500 maiestatis
942 4442 983 4499 ab
1006 4443 1066 4500 hiis
1097 4441 1277 4514 regionibus
1307 4438 1347 4498 ad
1371 4454 1505 4511 regnum

236 4552 377 4602 nostrum
400 4543 558 4616 ilungarie
572 4545 710 4604 fiendum
726 4547 883 4605 redditum
900 4553 1102 4621 occurrentes
1125 4549 1158 4607 in
1180 4545 1377 4621 personalem
1399 4549 1506 4604 nostre

236 4649 405 4706 maiestatis
428 4652 630 4723 presenciam,
652 4654 843 4727 ubicumque
867 4660 977 4713 eotunc
999 4657 1080 4713 intra
1115 4654 1271 4712 ambitum
1306 4650 1382 4711 dicti
1415 4650 1506 4725 regni

235 4755 335 4814 nostri
356 4754 515 4829 ilungarie
550 4757 608 4816 deo
632 4758 710 4817 duce
732 4758 883 4818 fuerimus
905 4762 1071 4830 constituti,
1102 4775 1272 4834 prorogare
1303 4757 1444 4817 debeatis
1473 4763 1507 4817 et

236 4859 353 4933 differe,
387 4870 417 4921 et
438 4879 525 4922 secus
550 4879 611 4923 non
634 4864 753 4925 facturi.
775 4866 972 4925 Presentibus
993 4866 1126 4943 denique
1158 4865 1315 4943 perlectis,
1343 4863 1509 4927 exhibenti
