3278 5348
618 408 695 468 Doc.
718 421 787 466 110.
810 440 853 451 -
874 407 932 468 An.
954 402 1046 485 1438.
1397 423 1457 483 137

192 641 228 685 ex
248 641 401 685 consensu
424 625 568 684 similiter
590 631 621 684 et
644 625 805 684 voluntate
828 624 986 685 dictorum
1004 625 1203 684 dominorum
1220 638 1358 697 suorum,
1382 623 1459 683 seria

193 734 299 807 quinta
322 733 469 808 proxima
491 739 562 792 ante
584 732 699 791 festum
722 732 807 790 beati
822 733 942 791 Thome
957 733 1092 807 apostoli
1106 733 1250 807 proxime
1264 731 1459 806 preteritum,

191 839 356 898 nonnullos
378 836 561 915 jobagiones
583 845 614 897 et
637 839 766 897 colonos
788 838 870 898 dicte
893 840 1027 898 civitatis
1046 839 1078 896 in
1094 838 1172 896 villa
1190 837 1334 896 Grachan
1350 843 1459 894 vocata

191 952 427 1016 commorantes,
461 944 692 1019 nonnullosque
727 943 811 1003 cives
845 949 876 1003 et
904 945 1095 1003 habitatores
1132 943 1212 1001 dicte
1246 942 1380 1002 civitatis
1403 957 1459 1017 per

190 1051 295 1110 vineas
318 1058 349 1109 et
378 1050 494 1110 kuchas
524 1051 557 1108 in
579 1051 739 1110 montibus
762 1056 792 1108 et
814 1050 895 1109 circa
918 1051 1024 1108 vineas
1060 1049 1227 1124 predictas,
1249 1049 1406 1122 signanter
1427 1049 1459 1106 in

189 1157 325 1215 cellariis
348 1156 517 1216 earundem
540 1157 704 1215 vinearum
727 1162 867 1231 repertos
890 1160 921 1214 et
943 1157 1086 1215 inventos
1110 1155 1264 1229 captivari
1294 1160 1324 1212 et
1351 1160 1459 1228 captos

190 1261 255 1322 dire
290 1263 481 1333 tormentari,
504 1262 544 1321 ad
568 1262 749 1336 dictumque
771 1269 908 1321 castrum
932 1262 1052 1320 Medwe
1083 1262 1257 1320 vinculatos
1287 1260 1399 1318 deduci
1428 1266 1459 1319 et

188 1367 219 1427 in
241 1370 307 1428 suis
329 1369 505 1428 carceribus
529 1368 660 1427 detineri
682 1367 811 1441 fecisset,
835 1383 914 1442 quos
939 1373 1079 1427 servaret
1102 1368 1275 1427 vinculatos
1297 1368 1396 1425 eciam
1419 1367 1458 1425 de

189 1476 341 1549 presentl;
369 1475 493 1549 aliquos
523 1479 629 1535 autem
661 1490 699 1533 ex
730 1474 847 1534 eisdem
869 1476 901 1533 in
926 1491 1039 1547 magna
1062 1476 1233 1549 quantitate
1255 1476 1458 1548 pecuniarum

188 1587 329 1656 pactatus
351 1581 439 1638 abire
460 1581 663 1655 permisisset,
686 1582 828 1655 potencia
851 1581 1015 1653 mediante,
1031 1582 1064 1640 in
1081 1581 1286 1656 preiudioium
1302 1589 1332 1638 et
1348 1579 1459 1654 damp-

188 1702 264 1744 num
287 1686 443 1745 dictorum
464 1687 581 1745 civium
604 1686 699 1745 valde
721 1702 879 1760 magnum.
903 1686 1004 1762 Super
1029 1702 1091 1761 quo
1115 1695 1252 1745 vestram
1283 1687 1457 1745 amiciciam

188 1792 385 1867 presentibus
410 1793 545 1866 petimus
567 1798 743 1851 reverenter
778 1797 929 1867 quatenus
960 1799 1099 1851 vestrum
1135 1794 1264 1852 mittatis
1296 1792 1457 1851 hominem

188 1912 250 1972 pro
280 1899 456 1956 testimonio
489 1897 692 1970 fidedignum,
723 1914 786 1972 quo
809 1905 959 1974 presente,
998 1898 1183 1973 Stephanus,
1218 1900 1303 1957 filius
1326 1899 1456 1970 Nicolai,

190 2011 243 2063 aut
265 2003 429 2078 Georgius,
454 2004 539 2063 filius
562 2005 647 2063 lwan
669 2004 708 2062 de
731 2005 930 2078 Brezouycza,
954 2022 1009 2063 ceu
1029 2006 1200 2077 Ladislaus,
1216 2006 1302 2063 filius
1317 2005 1458 2063 eiusdem

188 2109 311 2170 Nicolai
342 2111 380 2169 de
415 2111 532 2181 eadem,
564 2117 617 2169 aut
651 2110 820 2184 Gregorius
850 2111 889 2168 de
923 2112 1107 2184 Beryzloucz
1144 2113 1194 2169 vel
1217 2113 1374 2195 Johannes
1397 2114 1452 2170 aut

188 2215 313 2289 Paulus,
347 2217 407 2276 filii
428 2218 538 2302 Jacobi
574 2217 613 2275 de
641 2217 829 2301 Jazenowcz,
860 2219 927 2276 sive
958 2218 1098 2281 Mathias,
1124 2217 1208 2276 filius
1231 2218 1372 2289 Emerici,
1396 2217 1456 2275 lilii

192 2323 349 2382 Dominici
372 2324 411 2382 de
433 2323 635 2394 Adamowcb,
658 2339 711 2381 seu
736 2324 875 2395 Matthias,
900 2322 983 2381 filius
1005 2323 1124 2382 Nicolai
1147 2323 1185 2381 de
1201 2324 1456 2397 Alsoglawnlcza,

189 2430 257 2489 aliis
280 2430 471 2502 absentibus,
502 2432 598 2489 homo
629 2438 742 2502 noster,
772 2432 814 2488 ab
837 2429 992 2501 omnibus,
1016 2430 1130 2503 quibus
1152 2431 1313 2500 incumbit,
1336 2444 1455 2487 meram

191 2535 227 2595 de
250 2537 413 2611 premissis
443 2537 620 2610 experiatur
650 2537 821 2608 veritatem,
855 2552 951 2609 quam
986 2536 1113 2595 tandem
1135 2537 1226 2595 nobis
1250 2536 1457 2593 amicabiliter

191 2644 376 2702 rescribatis.
399 2643 559 2701 Presentes
582 2643 687 2716 sigillo
711 2642 840 2714 Nicolai,
864 2642 923 2700 filii
946 2641 1090 2715 Gregorii
1120 2642 1158 2700 de
1181 2642 1307 2717 Gepew,
1331 2642 1456 2699 comitis

188 2750 285 2808 nostri
319 2749 536 2822 zagrabiensis,
561 2748 692 2807 fecimus
726 2741 908 2822 consignari.
943 2749 1058 2806 Datum
1093 2749 1244 2822 Zagrabie
1267 2755 1376 2806 octavo
1402 2747 1453 2805 die

189 2853 257 2914 festi
279 2855 525 2929 Epiphaniamm
550 2854 677 2914 domini.
700 2857 789 2912 Anno
812 2855 951 2913 eiusdem
968 2855 1138 2914 millesimo
1151 2855 1455 2929 quadringentesimo

189 2963 344 3021 tricesimo
367 2968 486 3020 octavo.

290 3116 331 3167 Ir.
350 3113 521 3181 Kukuljeric,
544 3114 632 3164 Arkiv
657 3130 687 3163 aa
711 3115 872 3180 povjestnicu
895 3115 1107 3183 jugoslavensku,
1131 3116 1186 3181 lrnj.
1204 3117 1256 3167 111.
1277 3123 1325 3167 str:
1341 3128 1453 3179 93-94.

782 3365 857 3434 110.

291 3525 373 3575 Auno
394 3527 469 3590 1438,
492 3540 531 3590 13.
549 3527 667 3592 januarii.
687 3526 835 3591 Zagrabiae.

175 3654 346 3714 Maliacus
383 3656 515 3714 Talovac
545 3656 638 3715 banus
671 3657 798 3730 capiiulo
830 3656 971 3714 lasmensi
1002 3655 1130 3726 mandat,
1164 3664 1199 3714 ut
1228 3656 1262 3712 de
1292 3655 1411 3729 infimis
1434 3672 1453 3711 a

190 3761 342 3831 Villrelmo,
364 3757 520 3820 castellano
543 3763 634 3819 castri
663 3762 806 3832 Merlwed,
830 3764 1005 3838 possessioni
1029 3761 1245 3822 communitatis
1274 3761 1409 3821 Gralani
1429 3769 1457 3820 et

335 3868 537 3926 mercatoribus
558 3868 795 3947 zagrabiensibus
817 3869 918 3939 illatis,
945 3871 1135 3943 quaestionem
1158 3872 1317 3928 consitioni.

291 4012 411 4070 Amicis
431 4012 495 4070 suis
517 4010 696 4069 reverendis
719 4013 857 4086 capitulo
881 4014 1009 4071 ecclesie
1041 4015 1238 4086 chasmensis,
1264 4015 1391 4074 Mathlro
1414 4016 1453 4075 de

180 4116 353 4188 Thaloucz‚
385 4118 472 4192 regni
502 4115 666 4176 Sclauonie
697 4118 804 4189 banus,
835 4121 1008 4178 amiciciam
1042 4128 1183 4195 paratam
1219 4137 1290 4179 cum
1325 4123 1452 4184 honore.

182 4223 308 4284 Dicitur
330 4225 421 4284 nobis
444 4225 477 4283 in
510 4224 650 4298 personis
678 4221 798 4299 judicis,
827 4223 1002 4301 juratorum
1037 4233 1067 4286 et
1091 4229 1189 4285 tocius
1222 4228 1453 4286 communitatis

187 4331 321 4392 civitatis
345 4331 458 4390 montis
488 4329 650 4389 Grecensis
673 4330 712 4388 de
746 4332 832 4390 iuxta
856 4332 1048 4407 Zagrabiam‚
1083 4332 1242 4407 quomodo
1273 4333 1452 4391 Vilhelmus

185 4437 406 4498 Thewtonicus
434 4437 621 4495 castellanus
645 4437 738 4496 castri
759 4438 888 4510 Medwe,
912 4441 993 4499 eirca
1029 4439 1142 4499 testum
1166 4440 1249 4497 beati
1281 4440 1452 4512 Mychaelis

186 4544 366 4618 archangeli
389 4544 421 4602 in
444 4559 523 4602 anno
540 4543 658 4602 domini
675 4544 844 4604 millesimo
866 4546 1171 4620 quadringentesimo
1187 4547 1347 4619 trigesimo
1363 4551 1450 4603 sexto

186 4654 341 4711 transacto
363 4651 559 4726 preteritum,
579 4656 719 4725 tempore
735 4653 852 4712 scilicet
866 4652 1009 4712 introitus
1032 4655 1080 4712 sui
1095 4653 1134 4711 ad
1159 4654 1276 4712 dictum
1299 4658 1445 4724 castrum,

187 4771 224 4816 ex
247 4758 473 4831 commissione,
504 4762 653 4833 precepto
676 4762 706 4815 et
727 4758 907 4817 induccione
938 4758 1111 4819 illustrium
1142 4760 1320 4834 principum
1351 4758 1449 4817 domi·

186 4877 299 4924 norum
320 4863 469 4925 Friderici
492 4870 523 4924 et
551 4864 659 4937 Vlrici,
695 4864 834 4923 eiusdem
869 4865 987 4924 domini
1017 4865 1167 4926 Fridericl
1198 4867 1270 4941 nati,
1299 4865 1449 4924 comitum
