3278 5348
199 638 325 697 domino
355 640 496 699 Emerico
529 640 567 698 de
598 640 736 714 Zapolya
767 640 878 697 comite
912 646 1063 712 perpetuo
1097 645 1176 694 terre
1206 638 1409 711 scepusiensis
1431 639 1463 697 iu

197 744 330 804 eundem
354 747 540 821 palatinatus
564 748 713 805 honorem
736 745 915 816 sublimato,
932 743 1070 802 eiusdem
1086 742 1217 800 condam
1241 742 1359 801 domini
1375 744 1463 801 Eme·

197 853 252 911 rici
275 853 406 927 palatini
421 854 597 912 litterarum
610 853 896 928 prorogatoriarum
913 851 1051 909 seriebus
1064 849 1263 920 ventillanda,
1280 851 1348 923 ipso
1364 850 1462 907 eciam

197 959 324 1018 domino
358 959 499 1018 Emerico
530 959 669 1033 palatino
700 957 823 1032 pridem
856 957 1002 1015 defuncto
1032 963 1062 1014 et
1085 956 1184 1027 nobis,
1206 961 1240 1012 ut
1265 955 1462 1028 premittitur,

196 1067 228 1124 in
252 1067 351 1124 causis
382 1067 413 1124 in
444 1067 602 1140 presencia
635 1065 798 1140 palatinali
822 1065 1014 1122 vertentibus
1038 1080 1094 1137 per
1116 1064 1235 1135 regiam
1259 1061 1461 1119 clemenciam

197 1186 255 1246 pro
277 1170 380 1248 judice
395 1172 558 1247 deputatis,
577 1171 722 1230 ultimum
743 1170 780 1228 ad
799 1178 956 1244 presentes
971 1177 1097 1227 octavas
1113 1168 1182 1226 festi
1200 1169 1281 1226 beati
1303 1168 1463 1225 Michaelis

196 1279 375 1351 archangeli
397 1286 535 1338 nostram
568 1279 598 1336 in
623 1277 813 1352 presenciam
839 1277 971 1334 deventa
995 1277 1143 1333 extitisset
1167 1282 1196 1331 et
1220 1274 1359 1331 deducta.
1383 1273 1462 1347 Ipsis

195 1383 329 1470 denique
358 1385 476 1443 octavis
506 1385 700 1455 instantibus,
724 1384 871 1455 magister
898 1381 1077 1440 Benedictus
1108 1380 1146 1437 de
1170 1380 1304 1451 Borsrva,
1327 1380 1462 1438 director

196 1506 358 1548 causarum
371 1492 535 1563 regalium,
560 1506 617 1565 pro
630 1489 765 1548 antefato
781 1490 907 1547 domino
925 1493 1030 1546 nostro
1051 1503 1122 1559 rege
1146 1503 1217 1544 curn
1240 1487 1462 1560 procuratoriis

195 1597 306 1655 litteris
328 1598 466 1655 eiusdem
489 1605 627 1655 nostram
652 1597 777 1654 veniens
801 1598 831 1653 in
854 1595 1056 1669 presenciam,
1082 1595 1279 1651 vehementer
1291 1594 1462 1667 presriptas

195 1704 402 1776 possessiones
425 1704 618 1776 Petrowyna,
643 1702 850 1774 Sylairowyna
874 1707 903 1759 et
929 1701 1085 1771 lIrazthya
1109 1708 1234 1757 vocatas
1258 1701 1289 1757 in
1313 1699 1395 1757 dicto
1411 1714 1461 1756 co·

195 1810 306 1867 mitatu
327 1810 520 1881 zagrabiensi
543 1811 624 1880 sitas,
648 1807 708 1882 juri
733 1809 819 1880 regio
842 1815 871 1864 et
895 1823 951 1880 per
967 1821 1157 1879 consequens
1180 1806 1301 1863 civibus
1324 1812 1461 1879 pretacte

194 1915 326 1973 civitatis
349 1916 463 1988 regalis
485 1916 599 1973 montis
630 1914 792 1972 Grecensis
816 1914 1003 1988 pertinentes
1034 1911 1100 1970 sore
1124 1911 1345 1982 declaraverat,
1370 1927 1459 1985 quas-

195 2020 267 2079 dam
297 2031 418 2096 septem
441 2023 569 2090 litteras,
601 2022 678 2079 duas
707 2022 827 2078 scilicet
858 2019 990 2076 condam
1014 2018 1133 2075 domini
1156 2017 1346 2090 Sigismundi
1370 2018 1460 2091 regis,

195 2128 322 2185 terciam
354 2143 427 2185 vero
458 2127 589 2186 condam
619 2127 743 2184 domine
768 2127 864 2184 Marie
896 2126 1008 2197 regine,
1033 2129 1177 2197 quartam
1202 2138 1284 2194 vero,
1309 2125 1459 2196 quintam,

194 2240 312 2292 sextam
335 2241 365 2291 et
388 2235 556 2308 septimam
588 2233 718 2308 sepefati
750 2234 878 2306 capituli
910 2232 1037 2289 ecclesie
1060 2232 1269 2303 zagrabiensis
1293 2233 1383 2289 nobis
1406 2231 1457 2288 de·

193 2343 384 2399 monstravit.
408 2342 549 2414 Quarum
575 2343 677 2414 prima
706 2339 828 2413 jamfati
858 2339 988 2396 con-iam
1013 2339 1132 2395 domini
1154 2337 1345 2410 Sigismundi
1374 2339 1459 2411 regis

194 2446 296 2505 littera
327 2447 533 2520 privilegialis
569 2461 649 2504 anno
684 2447 786 2518 gracie
821 2445 989 2502 millesimo
1023 2445 1234 2502 trecentesimo
1257 2445 1458 2516 nonagesimo

193 2554 297 2624 terci0,
322 2552 508 2611 duodecimo
531 2553 679 2610 kalendas
702 2553 893 2621 novembris,
916 2552 1002 2622 regni
1025 2556 1128 2607 autern
1151 2551 1199 2607 sui
1221 2564 1301 2607 anno
1324 2551 1458 2624 septimo

192 2659 282 2732 edita,
299 2659 441 2734 dupplici
463 2660 570 2731 sigillo
593 2658 730 2716 eiusdem
755 2660 785 2715 in
803 2658 946 2731 pendenti
960 2656 1085 2727 vallata,
1101 2658 1157 2714 has
1180 2658 1211 2714 in
1234 2672 1266 2713 se
1290 2656 1458 2715 verbaliter

192 2772 221 2824 et
244 2765 458 2824 confirmative
475 2767 567 2823 series
583 2773 614 2822 et
630 2765 835 2822 continencias
851 2763 985 2820 duarum
1009 2763 1193 2833 litterarum,
1217 2777 1349 2835 quarum
1367 2763 1456 2820 unius

191 2873 309 2930 scilicet
341 2871 480 2929 eiusdem
511 2871 629 2929 domini
664 2870 855 2943 Sigismundi
885 2870 966 2941 regis
989 2869 1199 2925 donacionalis
1222 2869 1253 2925 in
1277 2868 1457 2940 Kaproncra

192 2977 268 3036 feria
292 2983 402 3052 quarta
418 2979 562 3052 proxima
580 2983 650 3034 ante
667 2976 781 3033 festum
799 2976 881 3033 beati
900 2976 1059 3031 Laurencii
1077 2975 1212 3031 martiris
1235 2988 1315 3031 anno
1339 2974 1456 3032 domini

191 3085 360 3143 millesimo
384 3084 597 3141 trecentesimo
621 3083 830 3154 octuagesimo
854 3083 987 3154 septimo
1004 3088 1118 3151 exorte,
1134 3081 1228 3137 series
1251 3081 1456 3153 exprimebat,

191 3190 275 3263 quod
310 3189 394 3248 idem
426 3190 570 3248 dominus
601 3188 818 3262 Sigismundus
850 3204 905 3244 rex
936 3187 975 3244 ad
1007 3188 1184 3244 humillime
1216 3187 1456 3260 supplicacionis

190 3297 372 3355 instanciam
396 3296 537 3354 fidelium
570 3311 697 3353 suorum
722 3294 872 3366 Myklyny
896 3292 1015 3368 judicis,
1039 3307 1155 3350 necnon
1180 3293 1328 3349 Mawricii
1353 3299 1383 3349 et
1404 3292 1455 3374 Jo-

191 3404 300 3462 hannis
324 3404 424 3461 Leber
455 3402 628 3477 juratorum
652 3403 768 3459 civium
793 3402 926 3458 civitatis
949 3416 1003 3456 sue
1027 3400 1140 3456 montis
1164 3398 1326 3457 Grecensis
1340 3397 1378 3456 de
1401 3398 1455 3457 Za·

189 3510 307 3580 gerbis,
332 3509 482 3581 quasdam
507 3510 715 3583 possessiones
738 3524 808 3565 suas
831 3507 952 3579 regales
976 3506 1158 3577 Petrowyna
1175 3511 1204 3562 et
1229 3506 1384 3577 Hrazthya
1400 3519 1455 3562 vo·

190 3624 282 3686 caras,
306 3616 336 3674 in
360 3630 456 3687 regno
480 3631 535 3674 suo
560 3615 721 3673 Sclauonie
744 3616 827 3683 sitas,
852 3613 890 3670 ad
915 3619 1050 3670 castrum
1073 3627 1165 3668 suurn
1189 3610 1291 3682 Selyn,
1315 3612 1377 3670 alio
1400 3627 1454 3670 no·

188 3724 271 3780 mine
295 3721 442 3794 Chychan
459 3721 653 3794 appellatum
671 3728 851 3793 spectantes,
871 3719 956 3792 apud
983 3733 1092 3775 manus
1107 3732 1178 3774 suas
1202 3718 1301 3788 regias
1326 3717 1454 3790 pacifice

188 3829 319 3900 habitas,
342 3844 413 3886 cum
438 3829 583 3886 omnibus
606 3829 669 3884 suis
693 3827 880 3884 utilitatibus
904 3831 933 3882 et
958 3824 1153 3898 pertinenciis
1177 3824 1377 3897 quibuslibet,
1393 3825 1453 3882 sub

188 3935 304 3993 eisdem
328 3936 418 3992 metis
435 3936 569 4007 antiquis
593 3942 622 3991 et
646 3934 794 4002 terminis,
818 3933 932 4004 quibus
953 3931 1060 3988 cedern
1084 3947 1140 4004 per
1163 3931 1265 4003 ipsum
1290 3928 1453 3988 dominum

187 4041 421 4115 Sigismundum
445 4056 551 4113 regern
567 4056 708 4114 possesse
732 4039 859 4096 fuissent
882 4046 912 4095 et
935 4044 1123 4107 conservate,
1147 4053 1165 4093 a
1189 4035 1328 4111 predicto
1351 4045 1452 4094 castro

187 4147 281 4220 Selyn
315 4147 479 4205 eximendo
514 4157 544 4204 et
579 4146 762 4221 separando,
785 4144 921 4201 antefato
956 4143 1061 4218 judici,
1095 4141 1205 4216 juratis
1240 4157 1275 4198 ac
1298 4143 1451 4201 universis

186 4254 307 4311 civibus
330 4260 361 4311 et
384 4254 559 4328 hospitibus
582 4254 647 4310 suis
668 4250 706 4310 de
729 4253 810 4309 dicta
835 4251 995 4322 Zagrabia,
1019 4249 1262 4322 eorumdemque
1284 4248 1450 4306 heredibus

186 4365 217 4416 et
238 4360 471 4433 posteritatibus
495 4359 533 4416 de
569 4360 714 4416 manibus
746 4359 808 4414 suis
840 4358 934 4428 regiis
958 4356 1101 4427 dedisset,
1125 4356 1268 4413 donasset
1291 4364 1321 4412 et
1344 4363 1449 4413 coutu-

186 4465 272 4523 lisset
294 4466 325 4523 iu
347 4465 572 4539 sempiternum
598 4463 808 4538 possidendas,
833 4462 979 4520 tenendas
1011 4464 1128 4534 pariter
1151 4468 1181 4518 et
1203 4460 1369 4518 habendas.
1394 4460 1448 4517 Al·

185 4571 279 4629 terius
303 4586 387 4642 vero,
419 4570 562 4629 videlicet
583 4571 658 4629 dicti
688 4568 816 4641 capituli
845 4569 1061 4641 zagrabiensis,
1085 4568 1186 4626 littere
1209 4565 1375 4641 superinde
1389 4574 1449 4625 sta·

186 4677 297 4735 tutorie
320 4677 351 4734 in
376 4676 453 4736 festo
477 4678 647 4735 beatissimi
671 4677 753 4749 regis
776 4675 924 4749 Stephani
948 4675 979 4732 in
1003 4674 1085 4732 dicto
1118 4689 1197 4732 anuo
1220 4675 1322 4745 gracie
1345 4673 1448 4731 mille·

185 4783 265 4841 simo
290 4785 503 4841 tercentesimo
525 4784 734 4855 octuagesimo
747 4783 881 4855 septimo
898 4790 1037 4838 emanate
1061 4781 1247 4838 continentia
1263 4779 1450 4847 declarabat,

188 4888 271 4962 quod
293 4889 397 4962 regius
420 4894 450 4949 et
473 4889 546 4948 dicti
569 4889 700 4962 capituli
731 4888 938 4960 zagrabiensis
970 4887 1119 4959 homines,
1133 4887 1255 4944 litteris
1278 4887 1308 4941 in
1333 4884 1449 4941 eisdem
