3256 5346
276 447 339 516 ⁵1⁶
623 442 696 502 θοι.
714 454 790 518 393-
807 454 885 519 aaa
913 475 949 485 -
974 443 1149 521 Art-1499.

278 549 481 557 ———--

275 658 429 717 libertatis
452 674 561 717 eorum
593 663 729 733 pretacte
753 663 858 731 petere
881 671 935 715 seu
959 658 1092 731 exigere,
1118 659 1245 733 petique
1265 675 1324 719 seu
1349 662 1439 736 exigi
1458 661 1556 720 facere

276 765 472 839 aliquatenus
492 765 678 840 presumatis
693 780 750 822 nec
766 764 833 822 sitis
857 764 925 822 ausi
945 764 1040 823 modo
1063 765 1202 839 aliquali
1228 766 1295 826 Ubi
1318 776 1431 826 autem
1463 770 1553 843 quip-

276 872 361 946 piam
385 888 424 929 ex
446 872 537 930 vobis
569 872 600 929 in
632 871 792 946 premissis
823 885 912 928 secus
935 868 1037 928 facere
1060 873 1305 945 attemptaverit,
1330 879 1451 934 extunc
1472 891 1554 934 com·

275 978 419 1037 misimus
442 986 472 1035 et
492 978 687 1051 presentibus
710 976 833 1035 firmius
849 977 1076 1035 committimus
1100 978 1182 1036 bano
1206 978 1260 1036 vel
1282 978 1451 1039 vicebanis
1468 981 1552 1054 regni

275 1085 374 1143 nostri
397 1083 561 1142 Sclauonie
584 1099 619 1142 ac
642 1083 809 1142 comitibus
829 1083 881 1141 vel
905 1083 1142 1142 vicecomitibus
1163 1091 1195 1142 et
1215 1082 1378 1160 judicibus
1394 1088 1552 1146 nobilium

274 1190 405 1248 illorum
428 1192 674 1261 commitatuum,
705 1191 737 1248 in
761 1191 876 1264 quibus
899 1188 1038 1248 fortassis
1062 1190 1242 1250 huiusmodi
1265 1192 1420 1251 mandata
1443 1199 1547 1252 nostra

276 1312 338 1355 non
369 1299 618 1368 observarentur,
648 1301 683 1354 ut
706 1297 767 1370 ipsi
789 1311 847 1354 vos
871 1301 902 1354 et
937 1295 1111 1369 quemlibet
1145 1302 1286 1356 vestrum
1322 1298 1365 1356 ad
1388 1301 1544 1373 premissa

281 1401 421 1461 iacienda
445 1418 501 1476 per
524 1402 627 1460 omnia
659 1402 796 1460 remedia
819 1402 912 1460 solita
934 1407 965 1459 et
987 1408 1132 1460 consveta
1162 1410 1263 1461 artent
1286 1410 1318 1462 et
1343 1406 1548 1480 compellant

276 1506 371 1567 Secus
407 1509 501 1582 igitur
533 1524 594 1567 non
630 1507 748 1566 facturi.
789 1508 985 1566 Presentibus
1022 1509 1175 1581 perlectis,
1199 1510 1363 1569 exhibenti
1386 1512 1545 1570 restitutis.

275 1614 390 1673 Datum
425 1614 509 1672 Bude
545 1614 676 1673 infesto
700 1615 783 1672 beati
813 1613 1024 1672 Bartholomei
1047 1615 1190 1687 apostoli.
1216 1617 1306 1674 Anno
1331 1616 1456 1676 domini
1478 1617 1548 1676 mil·

274 1720 385 1778 lesimo
421 1721 725 1794 quadringentesimo
761 1721 961 1792 nonagesimo
997 1727 1114 1778 octavo.
1142 1721 1324 1802 Regnorum
1365 1730 1545 1782 nostrorum

273 1826 432 1900 Hungarie
455 1834 510 1886 etc.
533 1843 613 1885 anno
637 1842 729 1898 nono,
754 1826 900 1885 Bohemie
923 1840 998 1884 vero
1021 1827 1174 1901 vigesimo
1197 1842 1288 1886 nono.

377 1979 514 2044 Originale
531 1979 559 2030 in
577 1981 673 2031 charta.
692 1982 725 2030 In
743 1980 858 2030 inferiori
874 1980 989 2043 margine
1012 1980 1165 2044 impressum
1183 1987 1224 2030 est
1244 1981 1370 2046 sigillum.
1393 1985 1427 2032 In
1452 1983 1546 2034 archiv.

272 2068 319 2121 lib.
331 2085 384 2134 reg.
404 2070 453 2123 civ.
471 2070 572 2134 aagrab.

864 2282 951 2349 393.

381 2428 461 2475 Anno
484 2434 558 2488 1499.
579 2437 602 2486 9.
616 2422 715 2490 aprilis.
738 2409 856 2474 Casmae.

385 2586 509 2635 Osualdus
535 2587 605 2650 episc.
637 2585 737 2649 ragrab.
758 2585 845 2650 fratri
869 2599 914 2631 suo
940 2584 1052 2648 Alfonso,
1074 2585 1274 2648 praeposituram
1302 2587 1405 2649 aagrab.
1442 2587 1549 2651 capituli

275 2677 377 2740 confert.

382 2822 584 2881 Venerabiles
614 2821 737 2895 iratres,
772 2821 862 2879 nobis
894 2821 1013 2880 sincere
1043 2821 1156 2879 dilecti.
1188 2821 1427 2896 Preposituram
1460 2823 1544 2881 illius

277 2929 407 2987 ecclesie
430 2933 534 2986 nostre
558 2926 766 3001 zagrabiensis
804 2943 876 2985 cum
907 2927 1087 2986 canonicatu
1118 2928 1308 2986 contulimus
1340 2935 1372 2987 et
1404 2928 1544 2988 dedimus

278 3034 410 3092 Alsonso
445 3034 540 3103 Thur,
572 3033 661 3091 tratri
683 3038 798 3104 nostro,
819 3034 907 3092 cuius
929 3034 1179 3108 procuratorium
1195 3034 1293 3091 eciam
1318 3035 1369 3092 hic
1393 3035 1546 3093 transmit·

278 3142 361 3210 titur,
385 3139 455 3198 ideo
488 3154 545 3212 per
574 3140 712 3212 aliquem
743 3140 775 3197 in
795 3155 904 3198 eorum
928 3140 1143 3214 procuratorio
1177 3138 1413 3198 denominatam
1437 3142 1542 3199 instal-

279 3246 432 3304 laciouem
452 3244 522 3302 fieri
546 3243 676 3315 faciatis;
701 3246 845 3319 pecunias
869 3253 973 3303 autem
997 3260 1055 3320 pro
1078 3244 1258 3303 huiusmodi
1273 3246 1490 3305 installacione
1507 3246 1544 3304 ad

277 3350 533 3410 informacionem
559 3352 642 3408 viam
664 3367 719 3425 per
742 3352 893 3408 curialem
916 3357 1068 3422 nostrum,
1092 3351 1141 3409 cui
1164 3349 1332 3424 superinde
1349 3353 1540 3427 scripsimus,

279 3457 353 3514 dare
376 3457 597 3515 commisimus.
622 3458 667 3514 Ex
691 3457 826 3515 Chasma
849 3457 924 3515 teria
950 3458 1042 3515 tercia
1065 3464 1135 3531 post
1150 3449 1323 3528 Ambrosii,
1340 3473 1422 3517 anno
1452 3475 1542 3534 1499.

387 3611 493 3673 tieorgii
516 3611 685 3662 Marcelovic.
707 3611 831 3673 Regesta.
852 3611 923 3660 MSC
942 3612 969 3660 in
987 3609 1109 3661 biblioth.
1129 3610 1211 3662 dioec.
1231 3613 1333 3674 zagrab.

864 3824 953 3890 394.

387 3966 466 4013 Anno
490 3975 555 4027 1499
586 3977 625 4029 15.
644 3966 741 4030 aprilis.
762 3951 876 4017 casinae.

487 4093 532 4150 Ab
562 4089 690 4151 Osamldo
713 4096 838 4167 episcopo
860 4093 977 4167 ragrab.
993 4093 1050 4166 pia
1074 4095 1170 4168 legata
1193 4095 1337 4168 leganmr.

387 4255 420 4312 ln
444 4256 568 4312 nomine
591 4255 709 4315 domini
725 4257 821 4316 nostri
845 4257 918 4339 Jesu
941 4255 1065 4314 Christi.
1092 4259 1200 4315 Amen.
1216 4256 1281 4330 Ego
1305 4257 1464 4317 Osualdus
1480 4260 1541 4333 epi-

282 4375 395 4431 scopus
419 4361 547 4418 ecclesie
578 4363 785 4434 zagrabiensis
807 4369 862 4421 etc.
887 4377 1078 4436 quamquam
1101 4363 1226 4420 volente
1249 4361 1309 4420 deo
1332 4378 1466 4437 corpore
1480 4366 1544 4422 sim

282 4464 433 4537 infirmus,
450 4472 552 4523 mente
568 4474 671 4526 tamen
694 4485 749 4541 per
773 4470 877 4526 omnia
898 4484 999 4539 sanus,
1021 4468 1161 4526 recolens
1175 4467 1258 4541 quod
1283 4469 1391 4527 brevis
1414 4477 1461 4527 est
1483 4471 1544 4528 vita

283 4570 416 4629 hominis
446 4578 475 4629 et
506 4574 609 4631 subito
637 4575 751 4644 labilis,
785 4575 986 4648 mortalisque
1009 4575 1145 4632 humana
1176 4573 1316 4632 condicio
1347 4582 1379 4632 et
1402 4575 1545 4648 ignorans

283 4692 343 4748 qua
368 4678 443 4735 hora
468 4678 613 4736 dominus
637 4682 754 4749 veniat;
776 4697 815 4738 ne
838 4681 932 4753 igitur
957 4681 1032 4739 dum
1050 4685 1175 4754 repente
1191 4680 1319 4753 venerit,
1336 4680 1543 4741 dormientem

282 4783 500 4853 inremotam
525 4785 606 4857 quod
632 4786 670 4842 ad
695 4786 870 4860 protectum
893 4789 1004 4857 anime,
1029 4793 1129 4845 morte
1153 4786 1257 4846 forsan
1280 4789 1491 4861 preveniente,
1513 4788 1544 4846 in

281 4890 346 4947 vita
369 4906 429 4946 non
453 4893 617 4963 potuerim¹
641 4908 678 4950 ne
695 4900 764 4966 post
789 4900 923 4952 mortem
947 4895 1065 4967 pariter
1089 4895 1309 4967 negligeretur,
1332 4892 1372 4951 de
1404 4896 1500 4953 rebus
1516 4900 1545 4953 et
