3278 5348
561 436 634 494 Dec.
659 447 709 511 42.
734 467 775 477 -
800 435 855 492 An.
881 445 969 510 1425.
1360 454 1398 509 51

133 648 227 707 refert
250 651 424 723 capitulum
449 655 665 724 conquestum,
689 649 773 723 quod
797 650 907 708 civitas
931 649 1105 723 plurimum
1133 650 1213 708 inter
1235 656 1334 709 metas
1357 667 1404 710 ca·

133 756 283 829 pitulares
307 771 407 830 prope
430 754 615 828 Zagrabiam
639 771 657 813 a
681 756 827 830 pluribus
850 756 937 813 annis
962 761 1172 830 occupassent,
1197 759 1227 814 et
1249 758 1335 815 omni
1352 757 1402 816 die

133 862 263 919 ulterius
287 868 413 936 serpent
435 870 466 918 et
489 868 694 935 occuparent;
718 868 748 918 et
772 862 843 919 licet
866 861 899 920 id
922 878 978 919 rex
999 861 1077 919 alias
1107 863 1265 920 Hermano
1297 863 1403 923 Cileae

133 974 160 1025 et
183 966 332 1042 Zagoriae
354 969 473 1042 comiti,
497 967 680 1026 Sclavoniae
703 969 792 1041 ban0‚
817 982 923 1025 socero
952 983 1016 1037 suo,
1048 974 1078 1025 et
1109 968 1300 1041 quibusdam
1331 969 1401 1028 aliis

133 1075 298 1145 nobilibus,
321 1079 355 1134 ut
378 1082 477 1132 metas
501 1074 678 1146 rectificent,
702 1072 848 1149 jussisset,
872 1073 902 1131 id
929 1081 1032 1131 tamen
1065 1074 1214 1149 perficere
1245 1077 1401 1148 nequivis-

133 1188 212 1250 sent;
237 1180 313 1239 dicit
335 1180 449 1238 deinde
468 1197 501 1239 se
524 1182 653 1255 capituli
677 1188 813 1239 tutorem
836 1186 865 1238 et
888 1186 1096 1266 protectorem
1121 1197 1187 1239 esse
1220 1183 1399 1255 specialem,

133 1303 187 1345 nec
213 1286 294 1345 illud
332 1303 389 1360 per
423 1289 605 1360 quempiam
640 1289 765 1359 gravari
799 1287 882 1343 velle
917 1288 1107 1360 permittere,
1140 1294 1169 1344 et
1205 1287 1332 1346 mandat
1362 1289 1401 1347 iis

134 1392 262 1464 duobus,
286 1397 320 1450 ut
344 1394 409 1451 sine
432 1394 574 1451 ulteriori
598 1394 653 1451 lite
677 1401 774 1452 terras
798 1400 1013 1450 controversas
1037 1409 1093 1467 per
1121 1395 1266 1466 antiquas
1303 1402 1402 1453 metas

134 1499 306 1556 litterarum
329 1499 361 1556 in
385 1498 464 1556 facie
485 1499 546 1557 loci
570 1515 627 1573 per
650 1505 762 1574 partes,
792 1500 826 1555 in
859 1505 944 1555 certo
967 1500 1100 1558 termino
1124 1500 1167 1557 eis
1189 1500 1400 1574 praefigendo,

135 1604 289 1679 inspecie
313 1604 596 1677 monstrandarum,
619 1604 826 1662 reambulent.

234 1741 343 1804 Georgii
361 1739 534 1790 Marcelovid:
555 1742 672 1805 Regesta
689 1739 831 1805 Diplomat.
851 1740 1012 1803 aliorumque
1032 1743 1259 1792 Documentorum.
1286 1745 1351 1796 Msc.
1372 1745 1399 1794 in

135 1829 290 1880 bibliotheca
307 1829 463 1882 archidioec.
481 1830 582 1894 zagrub.

731 2009 793 2074 42.

235 2169 316 2218 Anno
339 2179 413 2233 1425,
433 2179 475 2231 25.
492 2165 567 2231 Julii.
589 2166 736 2229 Zagrabiae.

139 2297 329 2354 Communz'tas
351 2296 480 2354 ciuitatis
504 2295 611 2353 attentis
634 2293 784 2352 Grcccnsis
799 2295 903 2368 acepit
915 2291 1103 2367 condiciones,
1126 2295 1228 2368 quibus
1245 2296 1398 2371 Johannis

132 2404 235 2461 Alieni
244 2404 315 2461 bani
324 2405 449 2477 legatum
461 2402 492 2458 in
504 2420 586 2459 usum
602 2402 801 2480 zagrabiensis
818 2403 985 2459 nonasterii·
997 2421 1018 2458 s.
1032 2402 1185 2459 Francisci
1200 2403 1333 2459 collatum
1349 2410 1397 2460 est.

238 2547 302 2605 Nos
327 2545 475 2616 Andreas,
510 2544 595 2602 filius
617 2545 709 2616 Petri,
744 2543 845 2620 judex,
880 2546 1008 2619 Caspar,
1044 2547 1201 2615 Martinus,
1234 2546 1396 2616 Antonius,

130 2652 320 2724 Benedictus,
344 2650 504 2723 Martinus,
527 2651 718 2722 Dominicus,
743 2652 930 2710 Laurencius
953 2659 984 2709 et
999 2650 1153 2724 Georgius
1175 2649 1278 2725 jurati,
1297 2651 1394 2709 consi·

130 2759 211 2817 liarii
235 2764 266 2816 et
287 2757 427 2816 universi
449 2757 534 2814 cives
557 2756 691 2813 civitatis
714 2758 827 2814 montis
845 2755 1040 2816 Grechensis.
1064 2757 1215 2813 Memorie
1240 2771 1398 2814 commen·

131 2864 241 2923 damus
264 2869 370 2922 tenore
392 2862 590 2937 presencium
613 2862 829 2934 significantes,
854 2863 968 2935 quibus
985 2862 1111 2936 expedit
1126 2862 1288 2932 universis,
1311 2860 1396 2934 quod

131 2970 204 3028 dum
229 2969 414 3043 magnificus
437 2967 570 3026 condam
594 2969 652 3038 vir,
675 2967 820 3026 dominus
835 2969 1001 3052 Johannes,
1024 2968 1107 3025 filius
1123 2967 1291 3040 Rodolphi‚
1315 2967 1395 3025 olim

130 3079 217 3150 regni
239 3076 401 3134 Dalmacie
423 3076 532 3145 banus,
556 3075 607 3147 pie
636 3075 796 3145 memorie,
820 3076 852 3132 in
879 3076 1027 3135 extremis
1050 3076 1113 3132 vite
1136 3090 1190 3131 sue
1214 3074 1395 3144 laborasset,

130 3190 200 3242 tunc
225 3184 292 3257 ipse
316 3183 397 3240 inter
418 3188 534 3238 ceteras
557 3196 629 3238 suas
652 3182 898 3239 testamentarias
920 3182 1095 3254 legaciones
1118 3186 1149 3239 et
1172 3179 1394 3253 disposiciones

129 3288 302 3347 reverendo
324 3289 356 3347 in
379 3287 503 3346 Christo
538 3288 621 3360 patri
655 3287 782 3345 domino
813 3244 949 3346 ldenrico
981 3287 1031 3345 dei
1054 3292 1085 3344 et
1117 3286 1289 3360 apostolice
1311 3285 1394 3343 sedis

129 3397 231 3468 gracia
259 3396 407 3469 episcopo
440 3393 772 3467 quinqueecclesiensi,
806 3393 874 3451 filio
903 3394 1021 3451 scilicet
1051 3393 1186 3449 annotati
1222 3391 1390 3464 Rodolphi‚

130 3500 216 3559 fratri
239 3514 296 3559 suo
319 3500 440 3558 uterino
463 3505 494 3557 et
517 3499 642 3570 carnali,
659 3515 714 3559 nec
734 3515 795 3557 non
819 3500 981 3572 sagacibus
1005 3506 1035 3557 et
1058 3497 1291 3570 circumspectis
1314 3498 1390 3554 viris

128 3607 237 3689 Joanni
260 3607 405 3677 litterato,
422 3605 552 3665 officiali
574 3604 613 3663 de
635 3605 786 3664 Rakonok
809 3611 840 3664 et
862 3605 1011 3664 familiari
1034 3603 1197 3663 reverendi
1221 3603 1251 3660 in
1268 3602 1393 3660 Christo

128 3714 225 3785 patris
248 3717 279 3771 et
302 3712 429 3783 domini,
452 3712 572 3770 domini
595 3712 746 3795 Johannis
776 3711 825 3769 dei
849 3719 879 3770 et
902 3712 1073 3785 apostolice
1096 3712 1178 3769 sedis
1201 3710 1305 3782 gracia
1329 3710 1393 3783 epi·

128 3821 213 3892 scopi
236 3819 366 3877 ecclesie
389 3819 598 3892 zagrabiensis
622 3833 658 3876 ac
680 3820 760 3877 sacri
782 3819 903 3876 romani
934 3819 1059 3891 imperii
1082 3830 1221 3874 necnon
1252 3817 1337 3888 regie
1360 3822 1391 3874 et

127 3924 274 3997 reginalis
308 3925 447 3999 sumpmi
483 3924 670 3995 cancellarii,
695 3923 799 3982 fratris
834 3924 979 3982 similiter
1012 3930 1230 3982 annotatorum
1263 3923 1392 4005 Joannis

127 4029 198 4088 bani
219 4036 250 4088 et
273 4029 393 4089 domini
414 4030 542 4088 Henrici
564 4031 705 4103 episcopi
728 4031 856 4088 ecclesie
879 4037 1049 4104 prenotate,
1072 4045 1108 4086 ac
1138 4029 1297 4101 magistro
1312 4028 1392 4088 Wli·

127 4133 204 4194 kano
227 4137 357 4209 phisico,
394 4137 456 4194 civi
487 4136 621 4195 civitatis
657 4143 825 4209 prenotate,
860 4136 1081 4194 commissariis
1116 4141 1146 4192 et
1175 4135 1392 4193 executoribus

126 4242 310 4313 testamenti,
334 4242 440 4301 ultimi
459 4242 508 4300 sui
531 4241 657 4314 eulogii,
682 4249 799 4300 certam
833 4243 1035 4317 pecuniarum
1060 4242 1263 4315 quantitatem
1287 4242 1317 4299 in
1341 4256 1393 4299 eo·

127 4345 197 4405 dem
221 4351 405 4407 testamento
436 4355 651 4424 expressatam
674 4349 705 4406 in
737 4349 883 4408 emendas
904 4350 1114 4424 possessiones
1139 4347 1304 4406 conventui
1328 4345 1389 4404 fra·

125 4457 209 4512 trum
231 4453 449 4514 claustralium
479 4454 598 4514 ordinis
620 4470 657 4512 ac
687 4456 815 4514 ecclesie
846 4457 943 4514 sancti
966 4456 1121 4515 Francisci
1154 4451 1338 4511 confessoris
1360 4452 1391 4509 in

126 4557 206 4619 dicta
228 4559 381 4633 Zagrabia
415 4559 552 4633 fundate,
586 4576 645 4636 pro
667 4561 807 4621 remedio
837 4563 940 4620 anime
963 4577 1018 4621 sue
1048 4560 1179 4620 salutari
1202 4556 1315 4632 jugiter
1340 4555 1395 4614 de·

123 4664 292 4724 servientes
312 4666 447 4740 legasset
470 4672 501 4725 et
524 4666 702 4742 dimisisset,
725 4668 765 4726 de
787 4668 874 4726 cuius
897 4667 1082 4727 certitudine
1105 4663 1245 4740 plurimo
1269 4676 1392 4720 eorum·

124 4768 195 4831 dem
218 4772 506 4833 commissariorum
530 4774 628 4848 ipsius
651 4773 771 4833 domini
792 4775 921 4859 Joannis
944 4773 1017 4831 bani
1041 4769 1179 4831 euidenti
1205 4767 1392 4826 documento

123 4877 214 4951 piene
236 4893 346 4937 sumus
368 4877 471 4937 edocti
493 4886 523 4938 et
546 4879 714 4951 informati,
738 4879 897 4953 iidemque
913 4878 1120 4936 commissarii
1143 4874 1243 4951 ipsius
1267 4872 1398 4956 Joannis
