3278 5348
199 434 258 493 ²04
617 417 689 474 Dec.
715 428 783 493 147.
807 450 850 459 —
873 417 930 473 An.
954 428 1048 493 1449.

194 639 228 689 ut
252 632 450 705 premittitur,
482 633 513 690 in
549 633 689 706 ipsorum
723 639 754 690 et
787 633 922 690 aliorum
945 631 1061 689 civium
1085 630 1220 688 civitatis
1245 630 1360 688 montis
1382 628 1451 688 Gre-

193 738 290 796 censis
324 740 464 812 personis
498 740 528 796 in
562 745 699 798 nostram
734 745 917 812 exurgentes
942 739 1141 811 presenciam,
1173 736 1400 810 responderunt
1420 751 1454 793 ex

192 843 332 915 adverso,
368 844 526 918 quomodo
560 846 621 920 ipsi
654 851 684 903 et
720 845 801 903 dicta
836 845 945 902 civitas
968 845 1024 902 tali
1047 845 1192 902 libertate
1215 843 1400 912 fruerentur,
1421 849 1452 898 ut

192 951 379 1023 quicumque
411 952 589 1025 aliquarum
626 967 731 1009 rerum
766 951 881 1009 furtive
918 951 1093 1008 ablatarum
1126 956 1301 1023 emptorem
1341 963 1452 1006 earum·

192 1055 273 1127 dem,
296 1057 393 1115 nostri
408 1055 447 1114 de
471 1057 583 1128 medio,
606 1059 766 1115 nominare
790 1072 851 1115 non
873 1064 986 1130 posset,
1004 1057 1076 1114 talis
1098 1053 1300 1114 solummodo
1317 1055 1450 1128 precium

191 1163 303 1220 talium
327 1178 432 1221 rerum
456 1169 486 1221 et
509 1179 568 1221 non
594 1165 666 1238 pius
689 1164 839 1222 rehabere
863 1171 983 1237 posset;
1007 1169 1037 1220 et
1059 1163 1090 1221 in
1106 1163 1197 1220 huius
1213 1160 1454 1218 declaracionem

191 1269 361 1326 verborum
395 1284 523 1326 suorum
559 1269 713 1342 quasdam
748 1270 867 1327 litteras
902 1277 1043 1327 nostrum
1081 1266 1296 1341 produxerunt
1330 1266 1362 1324 in
1390 1280 1454 1323 con·

190 1382 340 1449 spectum,
364 1377 395 1433 in
418 1376 532 1449 quibus
555 1378 633 1434 inter
656 1382 757 1434 cetera
780 1376 1013 1434 continebatur:
1041 1381 1075 1432 ut
1098 1375 1156 1432 nisi
1179 1373 1294 1446 aliquis
1318 1388 1357 1431 ex
1387 1372 1455 1446 ipsis

190 1497 223 1539 se
246 1497 303 1555 per
325 1488 416 1539 testes
439 1481 585 1539 iuridicos
608 1483 638 1539 in
663 1481 744 1539 tacto
766 1480 946 1539 huiusmodi
962 1495 1067 1538 rerum
1083 1479 1261 1537 ablatarum
1285 1492 1454 1552 expurgare

190 1602 251 1646 non
276 1588 403 1657 valeret,
428 1589 504 1645 tales
528 1605 577 1645 res
607 1589 693 1645 iuxta
727 1587 980 1645 consuetudinem
1017 1587 1057 1643 ab
1095 1585 1223 1658 antiquo
1259 1585 1454 1642 observatam

190 1694 313 1752 solvere
336 1710 390 1751 seu
414 1694 576 1752 extradare
599 1700 760 1752 teneretur.
784 1695 821 1751 Et
845 1695 917 1767 quia
940 1694 1031 1750 nobis
1054 1699 1084 1750 et
1104 1692 1181 1766 ipsis
1196 1693 1285 1764 regni
1300 1691 1455 1749 nobilibus

190 1800 221 1858 id
247 1801 410 1874 prospicue
436 1802 669 1872 agnoscebatur,
694 1806 728 1858 ut
751 1816 788 1857 ex
811 1815 959 1876 concerso
983 1800 1088 1872 ipsum
1111 1796 1317 1867 venditorem,
1341 1796 1453 1855 scilicet

191 1921 209 1964 a
234 1922 296 1979 quo
320 1908 497 1964 asserebant
520 1908 611 1964 iilum
637 1909 751 1965 bovem
774 1906 869 1965 fuisse
900 1911 1052 1980 emptum,
1075 1913 1105 1963 et
1127 1920 1228 1977 neque
1251 1905 1453 1962 iuramentum

189 2018 328 2086 prestare
351 2020 397 2070 est
420 2013 575 2070 admissus
598 2030 692 2087 super
716 2015 819 2088 ipsum
843 2015 966 2084 bovem,
990 2019 1024 2070 ut
1048 2013 1145 2070 moris
1168 2016 1222 2081 est,
1261 2009 1347 2084 quod
1376 2009 1454 2067 idem

189 2118 291 2188 iudex,
315 2121 406 2176 iurati
432 2126 461 2176 et
484 2135 654 2178 assessores
684 2121 848 2177 memorati
883 2119 1054 2177 secundum
1085 2119 1173 2191 regni
1204 2115 1453 2175 consvetudinem

187 2226 291 2299 ipsum
315 2227 430 2283 bovem
453 2234 506 2283 aut
532 2227 563 2284 in
586 2228 688 2301 specie
712 2226 874 2284 extradere
897 2225 950 2282 vel
966 2225 1058 2300 piene
1074 2224 1254 2299 persolvere
1271 2228 1450 2281 tenerentur.

152 2329 157 2338 '
188 2331 347 2389 Presentes
372 2333 477 2404 sigilio
502 2333 725 2390 vicebanorum
748 2339 778 2390 et
802 2333 951 2389 comitum
981 2338 1161 2389 nostrorum
1196 2330 1389 2387 crisiensium
1413 2326 1451 2384 ie·

189 2438 287 2494 cimus
311 2439 492 2510 consignari.
515 2439 630 2495 Datum
656 2437 747 2496 Crisii
771 2438 905 2511 septimo
929 2437 980 2494 die
1011 2437 1136 2494 termini
1167 2436 1333 2510 prenotati.
1368 2435 1451 2492 Anno

188 2541 307 2600 domini
331 2544 500 2602 millesimo
525 2545 829 2617 quadringentesimo
853 2543 1092 2616 quadragesimo
1115 2557 1205 2600 nono.

293 2697 426 2760 Originale
445 2699 471 2746 in
491 2698 586 2755 charta,
605 2715 621 2747 a
639 2705 712 2762 tergo
730 2697 867 2761 vestigium
886 2698 1004 2762 impressi
1023 2696 1111 2761 sigilli.
1140 2699 1172 2745 Iu
1196 2695 1313 2745 archivio
1340 2695 1386 2745 lib.
1403 2710 1449 2758 reg.

187 2787 256 2836 civit.
276 2787 376 2849 zagrab.

781 2962 859 3032 147.

293 3123 373 3170 Anno
397 3135 470 3184 1449,
494 3137 531 3186 13.
552 3126 621 3175 maii.
642 3125 727 3175 Crisii.

195 3248 298 3305 Coram
328 3251 423 3308 Lirim
446 3251 519 3307 barm
542 3260 570 3308 et
591 3252 730 3309 nobilibus
752 3254 845 3325 regni,
870 3251 1015 3326 Henning
1036 3253 1069 3309 de
1093 3250 1188 3310 Sused
1208 3253 1324 3310 metesa!
1337 3268 1452 3307 cominu-

186 3356 302 3411 nitatem
315 3356 439 3413 cim'tatis
462 3360 564 3415 nectitis
586 3357 746 3428 Grecensis,
768 3358 847 3432 quod
867 3360 944 3416 crcirm
966 3359 1018 3416 sub
1048 3357 1142 3415 Sused
1160 3359 1245 3415 sr'tam
1270 3359 1384 3428 vi'tam‘t,
1406 3376 1452 3413 no-

187 3478 309 3534 vamque
332 3463 418 3532 viarii,
441 3482 515 3537 quae
531 3467 598 3539 sert
627 3464 785 3539 Crapirmm
809 3473 837 3522 et
858 3464 1011 3535 Stubicam,
1034 3466 1164 3536 munivit,
1189 3473 1224 3522 ut
1244 3464 1381 3521 tributum
1396 3472 1452 3538 pro

633 3573 820 3628 mercimoniis
842 3572 1015 3629 detrectaret.

293 3711 355 3767 Nos
379 3713 503 3768 Vlricus
518 3713 568 3771 dei
590 3717 695 3786 gracia
718 3715 804 3784 Cilic,
829 3715 1044 3787 Ortemburge‚
1061 3714 1254 3787 Zagorieque
1276 3729 1382 3772 comes
1398 3721 1452 3773 etc.

184 3833 300 3874 necnon
326 3819 411 3889 regni
435 3818 597 3877 Sclauonie
621 3823 728 3879 banus.
753 3824 901 3883 Memorie
936 3820 1201 3893 commendamus,
1238 3821 1323 3894 quod
1357 3821 1451 3879 nobis

185 3922 260 3980 seria
285 3923 417 3980 secunda
433 3926 575 3996 proxima
597 3934 670 4000 post
686 3935 811 3986 octavas
828 3929 897 3986 testi
916 3929 998 3986 beati
1015 3927 1141 4000 Georgii
1159 3927 1295 3985 martiris
1318 3941 1451 3984 unacum

183 4030 270 4100 regni
294 4031 453 4086 nobilibus
478 4047 534 4104 pro
559 4032 699 4090 iaciendo
726 4034 920 4092 moderativo
943 4033 1059 4109 judicio
1083 4034 1285 4092 causantibus
1316 4034 1347 4091 in
1382 4032 1452 4091 sede

184 4141 288 4191 nostra
318 4134 479 4210 judiciaria
503 4138 688 4210 sedentibus,
714 4142 855 4213 egregius
880 4142 1032 4213 Henyngh
1058 4141 1096 4198 de
1120 4138 1328 4211 Zomzedwar,
1347 4153 1449 4213 perso

184 4243 294 4299 naliter
327 4252 463 4301 nostram
497 4247 621 4302 veniens
657 4248 686 4303 in
711 4250 910 4320 presenciam,
934 4249 1129 4320 presentibus
1163 4253 1193 4304 et
1227 4260 1334 4303 coram
1357 4246 1446 4304 uobis

183 4350 353 4405 astantibus
386 4350 495 4422 blasio,
520 4352 585 4409 filio
610 4353 705 4424 Pauli,
731 4353 869 4411 Corardo
891 4354 1019 4411 Rawsar
1041 4361 1070 4411 et
1095 4354 1216 4411 Matheo
1250 4353 1381 4424 notario,
1411 4352 1450 4410 ci·

181 4455 274 4512 vibus
308 4457 440 4513 civitatis
472 4460 584 4516 montis
620 4459 789 4531 Grecensis,
813 4469 918 4518 contra
953 4461 1087 4529 eosdem,
1111 4475 1228 4518 necnon
1251 4457 1388 4535 judicem
1421 4463 1450 4516 et

182 4559 307 4635 juratos,
338 4571 517 4636 ceterosque
541 4566 623 4623 cives
657 4573 686 4623 et
709 4569 931 4625 inhabitatores
955 4567 1094 4624 eiusdem
1128 4566 1261 4624 civitatis
1284 4565 1447 4640 proposuit

182 4683 219 4725 eo
254 4668 360 4726 modo:
400 4671 557 4742 quomodo
593 4672 686 4729 iidem
720 4672 823 4748 judex,
858 4672 960 4748 jurati,
1000 4675 1147 4746 civesque
1170 4678 1201 4730 et
1223 4672 1446 4732 inhabitatores

185 4775 395 4847 prenominate
430 4777 563 4834 civitatis
601 4781 808 4851 zagrabiensis
842 4782 980 4838 obmissa
1016 4789 1046 4838 et
1069 4785 1247 4854 postergata
1270 4794 1384 4854 magna
1418 4784 1447 4836 et

180 4881 308 4953 publica
331 4883 380 4939 via
403 4883 442 4940 de
465 4883 546 4941 dicta
565 4884 688 4942 civitate
710 4888 902 4959 zagrabieusi
938 4903 1044 4944 versus
1076 4892 1212 4944 castrum
1241 4901 1335 4945 suum
1358 4886 1446 4946 Zom-
