3278 5348
614 401 687 462 Dec.
710 411 783 478 294.
807 434 849 444 —
872 401 928 459 An.
952 413 1039 479 1475.
1389 403 1450 478 363

185 619 389 679 ecclesiarum
413 618 639 693 parochialium
664 620 816 693 plebanis,
839 619 972 676 salutem
991 619 1024 676 in
1047 617 1181 676 domino.
1213 618 1352 677 Gravem
1379 635 1452 692 que·

184 727 285 785 relam
310 724 515 783 discretorum
539 723 739 783 dominorum
762 724 873 784 Briccii
896 723 1003 782 decani
1026 730 1056 783 et
1079 724 1214 782 aliorum
1245 725 1331 783 chori
1355 725 1452 784 eccle·

184 833 231 892 sie
245 831 452 905 zagrabiensis
468 830 746 905 prebendariorum
769 832 860 890 nobis
883 831 1023 888 oblatam
1046 846 1101 889 nos
1124 831 1273 890 noveritis
1294 832 1451 906 accepisse

185 939 409 999 continentem:
434 936 593 1011 quomodo
608 939 825 1012 circumspecti
841 936 969 1012 quidam
987 944 1015 996 et
1039 938 1173 1012 providi,
1189 937 1335 996 videlicet
1354 937 1451 997 irater

185 1045 320 1105 condam
350 1044 469 1103 domini
507 1045 640 1116 Martini,
681 1045 807 1118 plebani
839 1043 877 1102 de
909 1044 1031 1117 Bakwa,
1063 1043 1233 1117 Gregorius
1264 1045 1451 1119 appellatus,

186 1153 264 1212 civis
288 1151 420 1209 civitatis
444 1151 558 1209 montis
581 1149 744 1210 Grecensis
766 1151 1029 1224 vigintiquinque
1052 1150 1184 1208 florenos
1207 1152 1275 1209 auri
1298 1166 1355 1224 per
1379 1167 1452 1210 eun·

186 1258 259 1317 dem
292 1256 424 1315 condam
455 1256 617 1314 dominum
641 1257 809 1315 Martinum
840 1257 1059 1331 presbiterum,
1091 1263 1121 1315 et
1152 1265 1286 1330 quatuor
1316 1257 1448 1316 florenos

184 1365 254 1424 auri
277 1363 421 1422 similiter
444 1362 576 1421 condam
600 1364 749 1437 magistro
774 1363 906 1421 Martino
929 1364 1075 1433 litterato,
1098 1363 1176 1421 alias
1192 1363 1348 1437 provisori
1365 1363 1451 1423 curie

186 1471 376 1545 episcopalis
399 1469 614 1543 zagrabiensis
637 1470 698 1527 civi
722 1468 760 1528 de
783 1469 853 1527 vico
872 1469 1062 1540 Latinorum,
1079 1471 1166 1528 cuius
1190 1476 1336 1529 executor
1353 1469 1454 1529 dictus

185 1576 333 1635 dominus
362 1577 498 1634 Briccius
529 1574 662 1634 decanus
693 1576 795 1635 extitit
823 1577 1076 1635 testamentaliter
1107 1577 1227 1650 legatis,
1257 1582 1288 1635 et
1320 1577 1452 1635 Michael

185 1690 275 1742 sutor
305 1682 343 1741 de
373 1682 456 1740 dicto
486 1682 638 1741 suburbio
670 1682 783 1741 montis
815 1681 974 1740 Grecensis
998 1697 1060 1740 uno
1083 1682 1199 1741 floreno
1230 1698 1266 1741 ac
1289 1683 1400 1741 Kelecz
1423 1687 1454 1741 et

185 1789 362 1848 Anthonius
390 1787 493 1862 Segyn
523 1792 702 1848 executores
733 1789 907 1847 testamenti
931 1789 1062 1848 condam
1086 1790 1233 1847 Anthonii
1256 1788 1452 1861 Thvrinsich,

187 1895 312 1953 duobus
335 1894 473 1965 florenis;
496 1895 572 1954 item
587 1895 767 1954 Benedictus
783 1895 821 1953 de
837 1895 926 1954 Nova
949 1896 1027 1954 villa
1052 1911 1113 1954 uno
1136 1897 1221 1969 palio
1244 1912 1302 1970 per
1319 1895 1452 1954 condam

187 2001 390 2060 Ambrosium
415 2015 523 2059 cocum
546 2002 734 2059 venerabilis
756 2003 898 2075 magistri
922 2002 1010 2060 Pauli
1033 2002 1242 2062 archidiaconi
1259 2002 1297 2060 de
1320 2001 1454 2061 Kemlek

186 2112 243 2166 etc
274 2106 369 2164 modo
399 2107 495 2165 simili
525 2107 782 2165 testamentaliter
812 2108 930 2181 legato;
962 2109 1036 2167 item
1069 2110 1178 2168 relicta
1210 2109 1299 2167 Pauli
1330 2109 1452 2180 sutoris,

186 2229 269 2272 nunc
300 2227 380 2271 uxor
411 2213 573 2272 Michaelis
601 2214 763 2298 Jagichich
794 2229 856 2273 uno
879 2214 1005 2287 floreno,
1035 2216 1192 2274 Dionisius
1224 2214 1381 2289 Wodopia
1412 2214 1451 2272 de

186 2327 281 2396 portu
305 2320 395 2380 Zawe
418 2337 454 2379 ac
476 2322 585 2380 relicta
607 2321 739 2380 condam
762 2322 895 2380 Emerici
918 2321 956 2381 de
980 2322 1068 2379 Nova
1086 2323 1171 2394 villa,
1195 2322 1310 2381 nobilis
1334 2321 1452 2395 Grego-

186 2427 253 2486 rius
273 2426 312 2486 de
344 2427 495 2486 Vmowcz
517 2433 548 2486 et
579 2428 741 2486 Ladislaus
773 2427 811 2486 de
841 2427 1048 2487 Samsinowcz
1079 2430 1163 2487 iuxta
1191 2428 1453 2488 testamentalium

186 2533 382 2607 legacionum
405 2534 479 2605 vim,
511 2533 646 2592 formam
669 2540 700 2592 et
723 2541 860 2593 tenorem
881 2534 998 2593 eisdem
1022 2536 1156 2593 dominis
1186 2535 1302 2593 decano
1326 2540 1356 2592 et
1384 2549 1454 2607 pre·

187 2638 346 2699 bendariis
369 2656 441 2698 cum
464 2641 555 2699 certis
579 2642 673 2699 rebus
695 2646 725 2699 et
748 2641 839 2699 bonis
862 2657 920 2715 pro
934 2643 1092 2717 perpetuis
1116 2642 1313 2700 oracionibus
1337 2641 1369 2700 in
1384 2641 1453 2699 vim

187 2747 357 2805 elemosine
387 2747 498 2820 legatis
528 2747 751 2821 obligarentur,
775 2763 835 2822 que
858 2752 889 2806 et
912 2764 989 2821 quas
1020 2750 1167 2807 hactenus
1200 2747 1361 2806 extradere
1391 2761 1453 2805 non

187 2858 347 2911 curassent
369 2869 424 2912 nec
446 2858 592 2913 curarent
612 2855 711 2913 eciam
735 2853 773 2913 de
795 2856 931 2928 presenti
946 2856 977 2914 in
995 2856 1201 2928 preiudicium
1224 2861 1255 2912 et
1278 2853 1451 2928 dampnum

187 2960 372 3020 eorumdem
402 2961 610 3020 manifestum.
641 2963 678 3019 Et
701 2963 773 3035 quia
797 2968 903 3020 contra
926 2963 1098 3035 singulares
1122 2977 1268 3036 personas
1292 2976 1350 3035 pro
1373 2960 1451 3017 exci-

188 3067 311 3143 piendis
334 3069 445 3127 litteris
461 3068 578 3128 eisdem
594 3069 728 3127 dominis
752 3068 868 3128 decano
891 3075 921 3128 et
945 3070 1160 3144 prebendariis
1180 3067 1310 3127 difficile
1326 3067 1451 3126 videtur

188 3173 229 3232 ad
250 3189 306 3233 nos
330 3191 455 3249 semper
485 3175 586 3235 iacere
616 3193 785 3248 recursum,
819 3178 1002 3235 citacionem
1024 3178 1083 3235 sub
1107 3177 1209 3234 forma
1233 3175 1368 3249 presenti
1390 3172 1452 3250 juri

189 3280 323 3355 denique
345 3298 511 3341 consonam
535 3283 652 3342 eisdem
675 3282 871 3342 decrevimus
894 3299 960 3342 esse
978 3283 1113 3341 dandam
1137 3291 1167 3341 et
1183 3282 1378 3340 decernimus
1394 3296 1451 3356 per

188 3396 365 3463 presentes;
394 3389 636 3449 discrecionibus
667 3391 762 3464 igitur
784 3390 895 3449 vestris
915 3391 946 3448 in
971 3392 1084 3449 virtute
1107 3390 1252 3448 salutaris
1276 3388 1453 3447 obediencie

187 3500 218 3552 et
241 3496 299 3553 sub
322 3511 401 3569 pena
430 3498 761 3555 excommunicacionis
792 3497 925 3556 firmiter
948 3499 1152 3572 precipientes
1176 3497 1400 3555 committimus
1423 3502 1453 3554 et

188 3601 383 3676 mandamus,
416 3609 566 3677 quatenus
595 3604 702 3661 habita
726 3604 919 3678 presencium
943 3605 1064 3676 noticia,
1089 3604 1187 3663 dictos
1211 3604 1398 3677 Gregorium
1422 3601 1452 3660 et

187 3709 379 3780 Michaelem‚
404 3710 519 3768 Kelech
537 3725 572 3768 ac
591 3711 782 3769 Anthonium
806 3716 836 3769 et
851 3712 937 3785 alios,
958 3727 1036 3786 quos
1057 3728 1160 3786 supra,
1184 3694 1388 3786 personaliter
1403 3725 1452 3766 ac·

187 3814 311 3887 cedatis,
335 3816 480 3890 ipsosque
503 3818 625 3875 racione
648 3818 757 3892 previa
787 3817 828 3875 ad
857 3819 1037 3876 instanciam
1072 3817 1226 3875 dictorum
1251 3817 1450 3875 dominorum

186 3920 295 3980 decani
327 3927 357 3980 et
380 3923 658 3996 prebendariorum
683 3924 719 3982 ad
745 3930 868 3983 sextum
891 3925 974 3983 diem
998 3940 1016 3981 a
1040 3925 1089 3982 die
1113 3924 1305 3982 execucionis
1329 3938 1452 3997 presen-

186 4030 270 4088 cium
294 4029 473 4089 immediate
496 4031 715 4106 computando,
739 4047 873 4106 quorum
897 4031 1026 4101 dierum,
1051 4030 1128 4088 duos
1153 4045 1210 4103 pro
1235 4030 1345 4103 primo,
1375 4027 1452 4085 duos

186 4148 245 4210 pro
269 4135 403 4195 secundo
426 4143 456 4196 et
479 4139 617 4212 reliquos
646 4138 723 4197 duos
746 4137 812 4196 dies
836 4150 894 4211 pro
911 4137 1005 4194 tercio
1029 4143 1057 4194 et
1081 4136 1293 4209 peremptorio
1318 4133 1450 4193 termino

185 4241 302 4301 eisdem
332 4244 530 4317 assignantes,
561 4244 729 4319 preflgatis,
759 4250 898 4303 nostram
928 4243 1026 4302 citetis
1058 4244 1089 4301 in
1114 4243 1313 4317 presenciam,
1337 4240 1450 4299 certifi-

184 4354 289 4408 cantes
311 4348 437 4407 eosdem
458 4351 503 4408 sic
525 4350 642 4424 citatos,
666 4350 750 4426 quod
778 4351 844 4410 sive
867 4352 927 4426 ipsi
950 4350 981 4409 in
1004 4351 1183 4409 huiusmodi
1207 4349 1364 4409 citacionis
1389 4354 1450 4407 ter·

184 4456 279 4527 mino,
300 4460 335 4514 ut
358 4457 544 4530 premissum
568 4465 621 4529 est,
644 4474 751 4516 coram
773 4459 863 4517 nobis
886 4464 1094 4530 compareant,
1111 4460 1176 4517 sive
1192 4473 1261 4529 non,
1282 4471 1337 4514 nos
1353 4456 1449 4515 nichi-

184 4561 322 4621 lominus
357 4563 432 4637 ipsis
468 4564 597 4622 ulterius
631 4580 692 4623 non
722 4565 767 4623 ibi
798 4567 829 4623 in
862 4565 1012 4639 partibus,
1036 4564 1088 4622 sed
1115 4582 1169 4639 per
1191 4565 1325 4623 edictum
1349 4564 1381 4622 in
1405 4562 1450 4622 fo·

183 4668 272 4727 ribus
295 4669 379 4727 alme
401 4670 530 4730 ecclesie
545 4671 753 4745 zagrabiensis
770 4671 897 4745 publice
921 4670 1029 4740 citatis,
1053 4669 1091 4728 ad
1118 4672 1215 4744 partis
1237 4686 1344 4728 coram
1360 4670 1450 4729 nobis

183 4775 393 4850 comparentis
416 4777 599 4835 instanciam
622 4782 652 4835 et
675 4791 802 4835 causam
818 4775 997 4835 huiusmodi
1021 4778 1167 4850 prosequi
1190 4777 1324 4836 curantis
1348 4776 1450 4851 requi-

183 4882 342 4950 sicionem,
364 4882 397 4941 in
427 4897 519 4941 causa
542 4899 595 4942 seu
618 4883 718 4942 causis
740 4883 921 4943 huiusmodi
944 4883 983 4941 ad
1006 4883 1170 4943 ulteriores
1194 4891 1280 4943 actus
1301 4881 1449 4962 juridicos
