3278 5348
622 374 695 434 Doc.
719 388 789 452 193.
812 408 856 421 -
878 375 935 433 An.
959 385 1046 453 1457.
1391 390 1450 446 255

185 590 305 648 Datum
329 588 471 662 Wyenne
492 590 525 648 iu
548 588 627 648 festo
650 590 734 649 beati
756 589 858 664 Egidii
879 590 1010 648 abbatis.
1034 592 1123 649 Anno
1147 589 1266 649 domini
1284 588 1453 648 millesimo

186 695 493 770 quadringentesimo
516 696 774 770 quinquagesimo
796 697 939 771 septimo.
971 688 1151 771 Regnorum
1173 701 1352 756 nostrorum
1373 709 1454 754 anno

185 801 346 875 Hungarie
377 809 432 861 etc.
457 801 579 860 decimo
601 808 721 873 octavo,
745 802 891 861 Bohemie
914 817 990 862 vero
1013 807 1135 878 quarto.

291 992 316 1040 E
335 998 495 1057 mmumpto
513 991 621 1057 capituli
641 991 814 1055 zagrabieusis
839 991 872 1039 de
896 1006 963 1040 anno
994 992 1068 1057 1458.
1096 992 1129 1040 In
1158 990 1254 1042 archiv.
1284 1006 1340 1042 ven.
1368 991 1452 1056 Capit.

185 1078 366 1143 aagrabiensis.

779 1310 862 1378 19³.

292 1486 373 1536 Anno
395 1498 470 1553 1457,
493 1499 514 1538 1.
535 1487 696 1552 septembris.
717 1487 841 1537 Viennae.

183 1610 354 1682 ladislaus,
377 1612 554 1686 Hungortire
575 1619 624 1671 etc.
647 1631 710 1683 rex,
732 1612 930 1671 communitati
950 1613 1074 1671 ciuitatis
1096 1614 1224 1672 restituit
1236 1612 1452 1687 quamordccim

181 1717 291 1791 fiendas
306 1719 336 1774 in
352 1719 456 1791 platea
471 1726 600 1777 sutorum
614 1720 691 1790 st'tos,
713 1737 785 1793 quos
809 1719 875 1776 olim
901 1716 1039 1777 Seboldus
1060 1727 1230 1793 capetaneus
1244 1720 1452 1777 communitatis

633 1833 733 1883 contra
758 1826 831 1900 leges
854 1827 1009 1900 occupauit.

893 1964 1048 2014 Commissio
1067 1965 1170 2029 propria
1188 1964 1287 2013 domini
1304 1965 1379 2028 regis.

290 2076 453 2136 Iadislaus
478 2077 528 2136 dei
549 2078 653 2151 gracia
676 2077 843 2150 Hungarie,
868 2076 1022 2148 Bohemie,
1046 2077 1215 2146 Dalmacie,
1239 2075 1367 2135 Croacie
1392 2081 1447 2135 etc.

184 2199 249 2255 rex,
274 2185 398 2242 Austrie
422 2190 452 2242 et
474 2183 567 2242 Stirie
589 2182 662 2255 dux,
685 2184 887 2257 marchioque
911 2183 1048 2241 Morauie
1071 2187 1127 2240 etc.
1152 2179 1311 2240 Fidelibus
1337 2184 1450 2241 nostris

183 2285 282 2365 judici
305 2295 334 2347 et
358 2287 467 2365 juratis
491 2291 613 2348 civibus
637 2290 770 2348 civitatis
793 2296 897 2348 nostre
921 2289 1035 2346 montis
1058 2287 1220 2347 Grecensis
1251 2288 1384 2346 salutem
1419 2294 1450 2347 et

182 2397 331 2469 graciam.
353 2396 567 2454 Intelleximus
601 2395 761 2468 quomodo
796 2395 923 2468 quidam
959 2394 1117 2467 Syboldus
1151 2395 1229 2452 alias
1265 2401 1449 2468 capetaneus

183 2517 240 2577 per
263 2502 420 2560 illustrem
444 2503 586 2561 Vlricum
609 2502 756 2560 comitem
791 2501 869 2560 Cilie
900 2507 956 2559 etc.
994 2502 1025 2558 in
1061 2500 1168 2558 eadem
1196 2501 1320 2558 civitate
1343 2507 1448 2560 nostra

183 2608 299 2667 montis
321 2607 483 2667 Grecensis
517 2608 710 2679 constitutus,
746 2607 981 2681 quatuordecim
1021 2606 1134 2665 fundos
1167 2623 1220 2663 seu
1244 2607 1394 2665 sessiones
1418 2609 1449 2666 in

183 2713 288 2788 platea
310 2720 452 2772 sutorum
475 2730 583 2773 versus
607 2714 770 2772 ecclesiam
794 2714 891 2772 sancti
913 2713 1038 2771 Martini
1064 2720 1150 2770 extra
1174 2727 1281 2771 muros
1304 2712 1384 2772 dicte
1408 2714 1449 2771 ci·

183 2820 289 2879 vitatis
311 2827 415 2879 nostre
438 2821 609 2892 existentes,
633 2821 764 2892 habitas,
787 2821 828 2879 ab
863 2820 971 2878 eadem
1006 2820 1130 2877 civitate
1152 2825 1256 2877 nostra
1286 2819 1449 2878 alienasset

183 2931 213 2984 et
235 2941 294 3000 pro
318 2938 350 2984 se
382 2931 569 3000 occupasset,
593 2926 666 2984 illos
688 2926 728 2984 ad
752 2942 830 3001 quos
854 2925 1033 2984 huiusmodi
1056 2927 1206 2984 sessiones
1231 2927 1448 3000 pertinuissent

182 3033 221 3091 de
244 3031 362 3090 eisdem
385 3032 516 3091 emendo
539 3041 570 3090 et
593 3034 671 3104 aliis,
695 3035 809 3107 quibus
833 3035 900 3107 ipse
923 3032 1084 3101 voluisset,
1119 3032 1257 3104 locasset,
1297 3038 1326 3090 et
1357 3048 1448 3107 supe·

182 3137 271 3197 rinde
294 3144 393 3196 certas
416 3139 533 3197 litteras
553 3140 707 3197 acivibus
731 3138 810 3197 dicte
834 3139 966 3197 civitatis
990 3145 1095 3196 nostre
1120 3154 1177 3211 pro
1201 3155 1233 3196 se
1256 3139 1448 3210 extraxisset,

183 3246 328 3319 quamvis
351 3245 530 3304 huiusmodi
554 3246 673 3303 litteras
696 3247 826 3319 pretacti
849 3247 932 3304 cives
955 3246 1062 3315 nostri,
1102 3260 1138 3303 eo
1174 3244 1258 3319 quod
1295 3245 1355 3318 ipsi
1391 3261 1446 3319 per

182 3351 354 3410 antelatum
376 3349 553 3423 Syboldum
577 3357 778 3425 capetaneum
794 3353 925 3410 nimium
943 3359 1015 3409 tunc
1038 3351 1180 3424 oppressi
1198 3350 1335 3423 luissent,
1360 3352 1449 3410 inviti

182 3457 243 3516 sibi
266 3456 423 3529 dederint;
452 3464 564 3532 tamen,
597 3460 670 3531 quia
704 3457 882 3516 huiusmodi
913 3457 1148 3532 quatuordecim
1179 3458 1328 3515 sessiones
1354 3458 1449 3516 simul

183 3579 253 3621 cum
278 3563 417 3638 predicta
440 3564 544 3638 platea
568 3571 709 3622 sutorum
733 3579 856 3637 semper
879 3571 909 3621 et
924 3565 965 3621 ab
981 3564 1108 3636 antiquo
1124 3562 1162 3620 ad
1187 3562 1356 3620 antelatam
1374 3564 1448 3621 civi·

184 3674 278 3727 tatem
294 3677 433 3728 nostram
449 3672 563 3728 montis
579 3669 756 3729 Greczensis
780 3671 996 3744 pertinuissent
1009 3689 1016 3739 ;
1039 3686 1109 3727 curn
1133 3677 1236 3727 autem
1260 3684 1316 3727 nos
1341 3670 1445 3727 huius·

183 3774 269 3834 modi
295 3776 530 3850 quatuordecim
557 3778 706 3834 sessiones
733 3778 774 3834 ab
802 3775 910 3834 eadem
938 3777 1061 3833 civitate
1099 3782 1203 3832 nostra
1231 3776 1360 3833 alienari
1387 3791 1448 3834 non

183 3880 326 3953 velimus,
343 3882 517 3954 quinimmo
540 3882 664 3940 easdem
687 3884 837 3940 sessiones
860 3898 931 3939 cum
956 3884 1101 3939 omnibus
1124 3879 1253 3957 juribus,
1278 3880 1446 3956 jurisdicti-

182 3987 294 4047 onibus
317 3995 347 4045 et
377 3987 575 4047 libertatibus
599 3989 712 4062 quibus
735 3989 811 4045 alias
834 3987 943 4045 eedem
977 3987 1016 4044 ad
1051 3987 1166 4044 dictam
1204 3987 1361 4045 civitatem
1394 4003 1448 4045 no·

181 4101 278 4152 stram
303 4095 535 4168 pertinuissent,
552 4094 653 4152 eidem
677 4095 794 4152 civitati
827 4093 1063 4164 reonectandas,
1087 4109 1123 4149 ac
1160 4093 1223 4150 illis
1261 4093 1446 4165 hominibus,

182 4214 316 4273 quorum
340 4202 427 4272 prius
457 4200 565 4259 eedem
597 4202 747 4258 sessiones
770 4215 805 4257 ac
836 4199 941 4257 senilia
977 4199 1100 4257 fuerunt
1136 4199 1346 4256 restatuendas
1381 4216 1446 4258 esse

182 4304 378 4363 decrevimus
401 4312 431 4363 et
453 4306 646 4364 decernimus
670 4323 726 4380 per
750 4311 916 4381 presentes,
941 4311 1092 4380 pretactas
1116 4306 1213 4362 eciam
1238 4306 1356 4364 litteras
1391 4324 1447 4381 per

183 4418 448 4484 prememoratum
481 4410 656 4484 Syboldum
692 4427 708 4468 a
745 4411 872 4486 prefatis
909 4414 1021 4469 nostris
1054 4412 1176 4468 civibus
1211 4410 1292 4469 dicte
1314 4414 1447 4471 civitatis

181 4523 285 4575 nostre
319 4524 463 4590 extortas,
498 4534 602 4589 vanas,
637 4533 738 4576 cassas
762 4527 791 4576 et
814 4519 934 4576 viribus
960 4519 1108 4575 carituras
1133 4519 1355 4591 commitentes,
1372 4520 1446 4577 fide·

182 4623 262 4682 litati
286 4625 381 4697 igitur
401 4631 503 4684 vestre
527 4626 658 4684 firmiter
682 4625 881 4699 precipiendo
906 4625 1098 4696 mandamus
1134 4630 1285 4697 quatenus
1313 4625 1446 4699 receptis

182 4731 387 4805 presentibus,
410 4732 547 4805 visisque
570 4739 600 4789 et
623 4732 805 4789 examinatis
827 4729 949 4806 juribus
974 4732 1101 4788 illorum
1127 4732 1300 4804 hominurn,
1324 4732 1386 4805 qui,
1414 4736 1447 4789 ut

181 4837 381 4911 premittitur,
415 4853 470 4911 per
493 4836 647 4912 prefatum
673 4836 848 4911 Syboldum
872 4843 1073 4912 capetaneum
1108 4837 1146 4895 de
1170 4838 1350 4913 prescriptis
1372 4854 1444 4912 qua·
