3278 5348
196 461 255 520 288
609 460 682 518 Doc.
706 474 774 536 23¹·
802 493 838 503 -
864 457 1039 538 An.1464.

195 676 322 747 damus,
353 681 505 748 quatenus
538 673 613 731 risis
642 675 853 748 presentibus,
885 676 982 734 nullis
1011 677 1083 735 aliis
1115 677 1227 735 litteris
1257 684 1289 738 et
1311 679 1443 738 mandatis

194 781 307 839 uostris
330 780 496 855 superinde
519 783 764 855 expectantibus,
788 784 1010 857 occasioneque
1033 783 1176 857 qualibet
1199 791 1329 859 semota,
1351 785 1443 845 amodo

194 888 349 962 deinceps,
365 887 544 946 huiusmodi
567 887 739 962 superfluas
762 896 791 946 et
814 887 942 964 injustas
957 890 1137 947 tributarias
1152 891 1333 950 exacciones
1348 893 1379 950 in
1391 907 1443 966 pre·

195 993 258 1052 tato
281 993 399 1051 tributo
422 999 526 1052 vestro
548 993 802 1078 Jaatraboreczka
826 995 907 1068 exigi
923 995 1017 1053 solito
1032 996 1110 1053 etin
1126 996 1198 1054 aliis
1209 997 1338 1056 tributis
1352 998 1446 1056 vestris

193 1115 287 1174 super
317 1099 454 1173 prefatos
488 1101 571 1158 cives
603 1094 671 1178 (nec
700 1115 761 1158 non
792 1101 910 1158 incolas
932 1107 963 1159 et
984 1101 1208 1160 inhabitatores
1232 1096 1365 1181 prefate)
1387 1103 1446 1163 ciri·

193 1207 265 1263 tatis
289 1184 393 1264 nostre
416 1208 531 1263 montis
555 1205 717 1264 Grecensis
740 1206 791 1264 vel
814 1206 953 1279 aliquem
977 1222 1094 1277 eorum,
1118 1222 1232 1281 resque
1255 1217 1287 1266 et
1309 1210 1447 1268 bonaco

192 1310 337 1369 rumdem
362 1327 560 1385 quecumque
582 1319 688 1370 contra
708 1310 804 1369 dictas
828 1328 936 1370 eorum
957 1313 1100 1385 antiquas
1131 1313 1303 1386 libertates,
1334 1313 1448 1390 juraque

192 1423 223 1474 et
246 1417 482 1476 consvetudines
515 1418 597 1490 exigi
632 1418 732 1477 tacere
763 1433 825 1476 non
856 1418 1004 1491 debeatis,
1037 1434 1137 1492 neque
1160 1420 1260 1477 eciam
1284 1418 1449 1479 huiusmodi

194 1523 347 1582 indebitas
368 1530 400 1582 et
422 1521 550 1599 injustas
573 1526 779 1583 arestaciones
801 1525 832 1582 in
852 1525 947 1582 rebus
970 1540 1006 1582 ac
1029 1525 1119 1583 bonis
1135 1531 1165 1583 et
1180 1528 1326 1600 personis
1341 1541 1449 1585 eorum·
1477 1506 1481 1513 ⁵

193 1630 265 1688 dem
289 1631 406 1688 civium
431 1638 609 1689 nostrorum
633 1632 664 1689 in
687 1631 776 1689 dictis
800 1633 899 1703 terris,
924 1633 1044 1702 tenutis,
1068 1631 1216 1690 dominiis
1240 1639 1271 1691 et
1295 1634 1449 1707 possessio·

192 1738 284 1796 nibus
315 1738 426 1795 vestris
458 1714 514 1811 per
545 1739 711 1812 quospiam
733 1747 764 1796 et
785 1737 826 1796 ad
852 1740 1037 1812 quorumvis
1064 1740 1249 1798 instanciam
1274 1739 1448 1814 permittatis

192 1842 269 1913 fieri,
294 1843 482 1916 eosdemque
504 1845 587 1902 cives
610 1852 640 1901 et
662 1844 886 1902 inhabitatores
916 1844 1037 1918 pretate
1060 1846 1195 1903 civitatis
1217 1852 1326 1905 nostre
1347 1845 1448 1904 montis

192 1949 353 2007 Grecensis
376 1950 427 2007 vel
450 1950 589 2023 aliquem
611 1965 720 2008 eorum
741 1958 871 2024 propter
901 1951 960 2008 hoc
990 1952 1020 2008 iu
1053 1952 1203 2025 personis,
1238 1953 1396 2026 rebusque
1424 1957 1449 2008 et

193 2056 281 2114 bonis
305 2057 444 2129 ipsorum
469 2057 662 2129 quibuslibet
684 2056 844 2130 impedire,
870 2057 996 2115 turbare
1020 2059 1071 2114 vel
1095 2058 1207 2130 quovis
1231 2058 1328 2116 modo
1352 2057 1450 2130 damp

191 2162 311 2221 nificari
342 2161 442 2220 facere
472 2178 624 2235 nusquam
657 2168 688 2221 et
717 2177 914 2236 nequaquam
945 2163 1133 2237 presumatis
1163 2179 1266 2237 neque
1297 2164 1365 2222 sitis
1393 2161 1449 2222 ausi

191 2269 285 2326 modo
310 2269 440 2341 aliquali
464 2269 565 2341 gracie
589 2274 691 2327 nostre
714 2269 773 2326 sub
796 2275 934 2342 optentu.
957 2269 1003 2327 De
1026 2269 1172 2342 dampnis
1196 2284 1282 2342 vero,
1307 2285 1369 2343 que
1390 2271 1450 2327 hac·

192 2382 280 2432 tenus
310 2391 373 2454 per·
399 2375 577 2433 huiusmodi
609 2372 738 2449 injustas
769 2381 798 2432 et
828 2374 1000 2448 superfluas
1023 2374 1204 2433 tributarias
1225 2376 1407 2434 exacciones
1425 2378 1449 2431 et

190 2497 295 2539 rerum
319 2496 354 2539 ac
378 2483 531 2539 bonorum
552 2480 708 2538 indebitas
731 2481 934 2539 arestaciones
957 2480 1074 2538 eisdem
1097 2481 1220 2539 civibus
1243 2482 1360 2540 nostris
1382 2483 1450 2540 intu-

189 2569 270 2647 listis
301 2594 330 2646 et
361 2588 493 2659 irrogari
524 2586 649 2659 fecistis,
680 2587 756 2659 ipsis
787 2587 927 2660 plenarie
958 2585 1172 2643 omnimodam
1211 2586 1449 2646 satisfaccionem

191 2696 301 2753 talium
331 2709 437 2753 rerum
469 2692 546 2750 adeo
570 2691 765 2766 impendatis,
790 2707 828 2749 ne
851 2692 946 2749 iidem
970 2691 1137 2764 superinde
1162 2691 1389 2764 quoquomodo
1409 2704 1451 2750 cot

190 2811 302 2875 gantur
326 2801 484 2875 querulari
508 2794 549 2877 (et
573 2790 753 2876 molestari).
785 2796 880 2855 Secus
911 2811 971 2853 non
1002 2794 1123 2854 facturi.
1159 2796 1361 2856 Presentibus
1391 2811 1450 2870 per·

189 2911 285 2980 lectis,
318 2908 475 2966 exhibenti
506 2907 662 2965 restitutis.
693 2906 809 2962 Datum
844 2904 874 2960 in
906 2901 1040 2960 Chasma
1071 2903 1217 2975 proxima
1249 2909 1322 2961 ante
1346 2903 1449 2962 festum

190 3016 279 3073 beate
302 3015 403 3072 Prisce
428 3013 564 3085 virginis.
589 3014 679 3069 Anno
703 3011 830 3069 domino
855 3008 1023 3066 millesimo
1040 3008 1351 3082 quadringentesimo
1373 3021 1449 3067 sexa·

187 3122 306 3193 gesimo
330 3128 447 3194 quartu.

293 3255 426 3320 Originale
445 3256 473 3305 in
491 3255 587 3314 charta,
606 3263 645 3304 sat
663 3270 776 3306 exesum.
794 3255 827 3302 In
846 3253 960 3317 margine
978 3251 1095 3301 interiori
1113 3251 1268 3316 impressum
1280 3258 1320 3302 est
1334 3250 1449 3317 sigillum.

187 3348 220 3394 In
238 3345 333 3395 archiv.
354 3345 413 3397 incl.
433 3345 517 3396 Acad.
537 3345 632 3397 Scient.
652 3344 749 3394 Stator.
769 3343 860 3394 merid.

781 3574 861 3639 231.

293 3721 372 3768 Anno
395 3719 469 3781 1464,
490 3730 530 3781 24.
552 3719 643 3770 martii.
664 3719 760 3769 Budas.

186 3848 214 3904 A
237 3845 365 3914 Mathia,
387 3845 545 3917 Hungarie
567 3853 613 3902 etc.
639 3864 713 3918 rege,
743 3844 942 3901 cornmmn'tate
963 3843 1088 3899 civitatis
1102 3847 1244 3914 precante
1259 3835 1451 3919 privilegium

185 3953 274 4010 Belac
296 3949 317 4010 l
322 3953 351 4010 V.
375 3954 459 4025 regis,
484 3971 540 4026 quo
561 3955 635 4010 ct'ves
650 3952 848 4025 zagrabicnses
871 3970 889 4006 o
910 3949 1093 4022 vectigalibus
1109 3945 1280 4020 tributisque
1291 3954 1349 4020 pro
1363 3961 1450 4004 merce

516 4060 698 4133 pensitandis
719 4060 902 4128 eliberantur,
924 4057 1120 4131 confirmamur

290 4203 421 4260 Mathias
453 4203 500 4260 dei
533 4205 635 4276 gracia
659 4204 825 4275 Hungarie,
849 4202 1017 4271 Dalmacie‚
1042 4198 1177 4268 Croacie,
1200 4197 1310 4269 Rame,
1333 4196 1451 4266 Seruie,

183 4309 322 4378 Gallicis,
348 4308 538 4380 Lodomerie,
563 4310 720 4380 Cumanie,
747 4308 951 4380 Bulgarieque
975 4323 1037 4365 rex.
1061 4303 1214 4363 Omnibus
1237 4302 1355 4362 Christi
1376 4301 1449 4361 fide-

184 4415 269 4472 libus
293 4388 488 4488 presentibus
512 4423 541 4472 et
565 4414 677 4472 futuris
702 4414 897 4488 presencium
921 4413 1067 4470 noticiam
1090 4409 1245 4468 habituris
1268 4409 1405 4467 salutem
1420 4409 1450 4466 in

183 4522 322 4578 omnium
346 4522 509 4579 salvatore.
534 4520 613 4578 Cum
637 4537 767 4593 regnum
791 4520 903 4578 stabile
926 4519 1004 4576 nihil
1028 4518 1136 4589 magis
1152 4528 1249 4589 quam
1265 4528 1358 4573 amor
1380 4513 1450 4573 sub·

182 4627 320 4684 ditorum
344 4627 494 4700 perficiat,
518 4626 643 4700 expedit
666 4643 790 4700 semper
813 4624 1009 4700 principibus
1039 4628 1128 4694 grata
1150 4617 1369 4678 munificencia
1388 4619 1449 4677 suis

182 4750 214 4790 se
238 4732 366 4790 reddere
397 4733 551 4803 liberales,
583 4741 616 4790 ut
649 4732 724 4790 dum
754 4732 945 4790 fervencium
969 4730 1089 4786 animos
1113 4724 1266 4785 continuis
1290 4712 1449 4786 beneficiis

181 4840 243 4896 sibi
265 4832 437 4910 conciliant,
462 4853 521 4910 eos,
540 4854 629 4896 amor
652 4840 759 4912 pocius
783 4852 877 4911 quam
898 4838 1000 4905 timor,
1016 4839 1180 4907 promptos
1203 4830 1268 4890 suis
1291 4830 1450 4908 obsequils

181 4945 308 5017 alliciat,
332 4944 504 5020 firmosque
526 4945 558 5003 in
580 4944 643 5003 fide
666 4944 757 5003 faciat
773 4950 804 5001 et
819 4950 999 5002 constantes,
1024 4940 1155 5000 Proinde
1170 4939 1211 4997 ad
1228 4939 1449 5000 universorum
