3278 5348
679 396 752 456 Doc.
773 391 828 471 96.
852 429 895 440 —
918 396 974 454 An.
999 392 1091 473 1436.

848 607 911 674 96.

356 714 437 762 Anno
459 713 533 777 ¹43⁶·
553 726 577 778 7.
597 714 721 777 Augusti.
741 712 796 763 Sub
814 719 898 763 castro
917 714 984 778 Zyri.

249 806 410 864 Mothocus
436 805 564 863 Talouoc
586 807 687 878 botius,
711 808 824 879 egregio
847 803 993 879 Stephano
1008 804 1122 864 Bickcle
1136 807 1170 865 dc
1188 806 1361 876 Zelinauar,
1377 813 1407 864 ct
1418 806 1520 875 comc'ti,

250 895 464 964 vicecomitibus,
473 894 674 969 judicibusque
696 894 832 952 nobilium
855 895 1003 952 comitatus
1023 895 1139 969 zograb.
1156 896 1310 970 praecipit,
1325 914 1362 952 mc
1377 897 1408 952 in
1421 913 1520 965 causo,

249 1001 323 1058 quoe
353 985 429 1041 mter
457 984 681 1040 communitatem
704 983 830 1041 ciuitatis
859 991 888 1040 ct
907 983 1066 1060 capitulum
1086 984 1120 1043 de
1142 986 1275 1059 litigiosis
1297 985 1382 1058 agiis
1404 985 1517 1062 agitur,

504 1071 648 1147 judicium
664 1073 793 1147 socient,
808 1072 984 1146 priusquam
1006 1072 1065 1146 ipse
1087 1073 1249 1132 dccrcucn't
1517 1149 1519 1154 Α

354 1181 481 1239 Mathlro
515 1180 554 1238 de
588 1180 745 1239 Tallowcz
779 1195 948 1253 regnorum
984 1180 1155 1253 Dalmacie,
1189 1182 1317 1241 Croacie
1352 1186 1384 1239 et
1420 1182 1520 1257 tocius

249 1286 412 1346 Sclauonie
435 1288 534 1345 banus
557 1293 611 1346 ctc.
635 1287 765 1345 Dilectis
787 1287 878 1345 nobis
902 1287 1026 1359 egregio
1049 1285 1207 1361 Stephano
1229 1286 1381 1360 Byczlrele
1398 1287 1437 1345 de
1453 1287 1520 1345 Zel-

249 1409 364 1466 nawar,
386 1410 503 1452 necnon
527 1395 634 1452 comiti
657 1395 708 1450 vel
732 1393 908 1452 vicecomiti
931 1399 961 1450 et
982 1391 1139 1467 judicibus
1161 1394 1317 1452 nobilium
1352 1395 1520 1452 comitatus

248 1501 456 1573 zagrabiensis
480 1500 612 1559 salutem
636 1516 706 1558 eum
732 1500 907 1558 dileccione.
926 1499 1096 1573 Querelam
1114 1515 1172 1574 pro
1195 1506 1284 1575 parte
1308 1499 1519 1574 providorum

249 1611 278 1664 et
301 1608 596 1680 circumspectomm
622 1605 741 1682 judicis,
764 1605 947 1683 juraturum,
972 1612 1208 1680 ceterorumque
1239 1606 1356 1664 civium
1387 1612 1418 1663 ct
1449 1607 1519 1665 hos·

249 1714 349 1787 pitum
374 1714 507 1771 civitatis
531 1715 644 1771 montis
667 1713 850 1785 Grecyensis
874 1711 912 1769 de
928 1713 1013 1770 iuxta
1036 1712 1323 1785 Zagrabiamnobis
1338 1718 1520 1786 porrectam

248 1820 425 1893 accepimus
462 1821 685 1890 continentem,
720 1818 878 1892 quomodo
915 1818 1115 1877 honorabiles
1149 1817 1265 1876 domini
1302 1816 1340 1874 de
1378 1817 1519 1891 capitulo

249 1926 376 1983 ecclesie
398 1926 606 1999 zagrabiensis
635 1926 710 1998 ipsis
733 1926 836 1983 insciis
858 1930 888 1981 et
911 1925 1034 1998 penitus
1064 1901 1287 1996 ignorantibus,
1310 1940 1343 1982 se
1378 1923 1519 1982 median·

248 2031 332 2089 tibus
367 2032 555 2105 quibusdam
587 2032 698 2090 litteris
731 2033 844 2090 nostris
880 2030 970 2089 vohis
994 2032 1195 2106 loquentibus
1225 2030 1264 2089 ad
1288 2031 1518 2104 querimoniam

248 2137 440 2212 prefatorum
459 2138 658 2196 dominorum
675 2138 712 2195 de
736 2138 873 2212 capitulo
897 2138 1090 2211 zagrahiensi
1113 2138 1273 2208 emanatis,
1295 2136 1334 2195 ad
1359 2135 1515 2210 quasdam

248 2249 354 2315 terras,
379 2243 493 2314 senilia,
517 2246 636 2316 rubeta,
660 2261 754 2319 super
777 2244 892 2318 quibus
915 2244 976 2317 ipsi
999 2240 1094 2319 judex
1116 2249 1147 2302 et
1168 2241 1263 2320 jurati
1285 2259 1318 2301 se
1341 2247 1371 2300 et
1404 2257 1517 2301 eorum

248 2351 501 2409 communitatem
525 2351 716 2408 sufficiencia
739 2352 807 2408 iura
830 2352 945 2410 habere
968 2356 1118 2422 asserunt,
1134 2351 1256 2408 racione
1276 2364 1411 2423 quarum
1436 2344 1522 2408 inter'

247 2455 372 2514 eosdem
397 2457 540 2514 dominos
563 2464 593 2514 et
616 2456 714 2515 dictos
739 2458 822 2515 cives
846 2473 882 2516 ac
905 2472 1012 2515 eorum
1037 2457 1294 2523 communitatem
1309 2455 1349 2514 lis
1372 2461 1404 2513 ct
1425 2472 1518 2529 ques·

248 2563 339 2620 tionis
363 2566 491 2622 materia
515 2579 532 2621 a
557 2565 702 2638 pluribus
732 2565 892 2622 retroactis
920 2564 1116 2638 temporibus
1152 2568 1236 2621 mota
1270 2562 1385 2621 dicitur
1419 2560 1517 2621 fuisse

248 2675 278 2725 et
300 2675 415 2739 exorta,
439 2686 494 2742 per
518 2684 573 2726 vos
596 2668 749 2727 introduci
774 2676 999 2743 procurassent,
1023 2677 1053 2727 et
1069 2675 1187 2743 segetes
1210 2670 1240 2727 in
1257 2668 1374 2728 eisdem
1390 2668 1517 2728 habitas

247 2774 385 2848 sibiipsis
417 2792 568 2849 usurpare
599 2784 628 2834 et
651 2778 788 2850 recipere
811 2777 1062 2834 machinarentur
1085 2777 1116 2834 in
1141 2775 1347 2850 preiudicium
1372 2775 1518 2849 ipsorum

247 2883 470 2953 exponencium
494 2889 523 2939 et
546 2881 719 2955 dampnum
741 2882 834 2940 valde
858 2898 1017 2955 magnum,
1042 2883 1253 2956 supplicantes
1275 2898 1331 2956 per
1353 2896 1411 2939 nos
1438 2883 1517 2956 ipsis

247 2987 278 3045 in
301 2989 460 3060 premissis
483 2988 521 3045 de
544 2989 697 3061 condigno
716 2986 792 3061 juris
815 2988 953 3046 remedio
976 2994 1152 3062 opportune
1176 2987 1343 3062 provideri.
1379 2987 1419 3046 Et
1441 2989 1517 3063 quia

246 3107 303 3150 nos
326 3093 365 3150 ad
390 3110 516 3166 presens
539 3095 677 3152 serviciis
701 3095 889 3152 serenissimi
912 3094 1029 3152 domini
1052 3096 1150 3152 nostri
1172 3095 1371 3170 imperatoris
1396 3095 1428 3153 in
1456 3096 1518 3154 hiis

247 3200 389 3273 partibus
411 3199 538 3258 Croacie
561 3203 704 3275 occupati
726 3202 860 3259 examini
884 3201 964 3260 dicte
987 3216 1077 3258 causc
1100 3206 1130 3259 et
1153 3201 1346 3259 conclusioni
1371 3200 1514 3259 eiusdem

247 3321 357 3364 vacare
379 3321 441 3364 non
466 3323 639 3380 possumus,
664 3307 873 3379 nolumusque
896 3306 1021 3364 eosdem
1045 3305 1163 3383 judices
1183 3312 1213 3364 et
1235 3305 1353 3383 juratos
1377 3313 1409 3364 et
1431 3309 1517 3365 cives

247 3411 327 3470 dicte
350 3413 483 3470 civitatis
507 3414 621 3471 montis
645 3413 807 3471 Grecensis
830 3429 939 3470 eorum
962 3412 1084 3489 juribus
1107 3414 1151 3471 sic
1184 3413 1357 3487 improvise
1388 3412 1516 3473 destitui

246 3534 300 3575 seu
323 3521 441 3591 privari
464 3518 695 3591 quoquomodo,
720 3519 790 3578 idco
813 3519 976 3577 dileccioni
999 3525 1100 3577 vestre
1123 3519 1349 3578 committimus
1371 3536 1431 3595 per
1446 3536 1517 3595 pre·

246 3630 354 3696 sentes,
379 3632 528 3697 quatenus
552 3626 658 3683 habita
682 3627 877 3698 presencium
900 3626 1013 3684 noticia
1037 3624 1143 3698 fruges
1167 3633 1196 3683 et
1219 3631 1338 3698 segetes
1371 3627 1404 3684 in
1436 3626 1514 3685 facie

246 3729 400 3787 dictarum
434 3738 587 3789 terrarum
620 3732 828 3804 litigiosarum
862 3733 985 3790 habitas
1020 3739 1050 3789 et
1071 3732 1236 3790 seminatas
1260 3731 1390 3804 tamdiu,
1417 3731 1515 3790 donec

245 3851 301 3893 nos
325 3837 491 3894 auxiliante
515 3838 642 3895 domino
667 3839 778 3895 abhinc
801 3843 991 3896 revertentes
1019 3838 1201 3896 discussioni
1225 3843 1256 3897 et
1271 3839 1408 3896 examini
1423 3853 1514 3897 cause

244 3943 396 4016 premisse
419 3943 581 4001 commode
604 3959 714 4002 vacare
737 3951 767 4002 et
789 3945 946 4003 attendere
969 3946 1149 4027 poterimus,
1165 3946 1197 4004 in
1213 3950 1374 4020 sequestro
1390 3946 1512 4019 reponi·

245 4047 355 4119 iacere,
391 4053 421 4105 et
454 4050 537 4123 ipsas
572 4051 681 4107 ambas
712 4058 815 4125 partes
847 4052 888 4110 ab
911 4052 996 4109 omni
1017 4067 1076 4108 usu
1099 4051 1323 4124 premissarum
1348 4056 1511 4122 terrarum,

245 4152 385 4211 senilium
410 4161 440 4213 ct
461 4157 644 4214 rubetorum
669 4158 878 4229 litigiosorum
901 4160 959 4216 sub
982 4159 1070 4232 penis
1094 4163 1123 4216 et
1146 4158 1402 4232 obligaminibus,
1435 4159 1512 4217 alias

245 4275 302 4333 per
325 4276 380 4318 nos
401 4271 566 4335 propterea
584 4263 745 4337 impositis,
762 4265 902 4322 inhibere
926 4271 955 4322 et
971 4264 1153 4323 interdicere
1169 4263 1316 4323 debeatis.
1340 4262 1436 4323 Secus
1451 4280 1513 4323 uon

245 4365 363 4425 facturi.
387 4367 546 4425 Presentes
569 4377 640 4443 post
664 4384 771 4427 earum
795 4371 945 4428 lecturam
968 4387 1092 4444 semper
1125 4369 1282 4428 reddende
1313 4371 1512 4444 presentanti

245 4471 361 4531 Datum
384 4474 415 4530 in
439 4474 586 4531 descensu
609 4482 715 4531 nostro
740 4477 919 4534 exercituali
942 4478 1000 4534 sub
1024 4482 1125 4535 castro
1149 4476 1221 4550 Zyri
1251 4483 1371 4548 vocato,
1395 4477 1512 4549 habito,

202 4567 210 4583 ’
244 4577 320 4636 feria
344 4580 436 4637 tercia
461 4582 605 4654 proxima
629 4588 699 4654 post
722 4580 836 4639 testum
858 4591 961 4641 sancte
984 4584 1080 4642 Marie
1104 4583 1142 4641 de
1164 4583 1245 4642 nive.
1269 4585 1360 4641 Anno
1393 4583 1514 4643 domini

244 4682 468 4741 MCCCCXXX
492 4691 585 4744 sextu.

349 4784 482 4848 Originale
501 4787 527 4834 in
547 4787 644 4846 charta,
663 4787 690 4836 in
708 4787 821 4850 margine
840 4786 955 4837 inferiori
974 4790 1126 4855 impressum
1144 4796 1182 4839 est
1203 4788 1327 4854 sigillum.
1358 4793 1391 4842 Iu
1416 4792 1514 4844 archiv.

243 4853 289 4906 lib.
309 4871 361 4919 reg.
380 4856 428 4905 civ.
447 4857 546 4920 zagrab.
1329 4886 1344 4920 ο
