3278 5348
584 466 657 523 Doc.
675 479 730 543 32.
751 498 789 509 -
815 467 871 524 An.
896 480 984 543 1422.
1381 488 1419 547 33

139 681 320 756 pestiferos
344 681 483 756 populus
507 679 546 738 de
569 697 650 740 anno
673 682 818 757 presenti,
842 683 872 740 in
897 682 975 741 testo
998 683 1145 742 videlicet
1160 685 1339 742 beatissime
1354 685 1425 744 Tria

128 789 260 859 nitatis,
285 794 321 846 ut
343 786 484 846 eiusdem
506 787 595 845 unice
619 787 744 847 deitatis
768 787 873 860 emuli,
899 789 1011 846 turrim
1035 789 1190 847 dictorum
1221 788 1422 849 dominorum

131 893 183 953 de
207 894 352 968 capitulo
375 893 407 952 in
429 892 512 952 dicta
535 894 677 968 ipsorum
696 893 847 966 sacrilega
869 894 994 953 civitate
1011 895 1149 953 habitam
1167 900 1197 953 et
1212 900 1420 954 constructam

134 1001 295 1058 similiter
320 1000 448 1058 armatis
471 1001 616 1058 manibus
635 998 858 1059 circumdando
874 1005 904 1057 et
920 1000 1174 1059 circumralando
1190 1001 1307 1075 ubique
1325 1002 1420 1061 hosti·

135 1107 222 1165 liter
245 1106 474 1180 inpugnamnt3
498 1106 655 1179 quendam
688 1107 870 1164 canonicum
903 1105 983 1164 dicte
1018 1106 1147 1164 ecclesie
1178 1111 1282 1165 nostre
1317 1122 1422 1181 zagra·

137 1212 276 1282 biensis,
300 1211 448 1270 videlicet
467 1212 688 1270 honorabilem
711 1213 815 1271 virum
838 1211 1001 1269 dominum
1032 1211 1212 1270 ladislaum
1236 1212 1274 1270 de
1295 1213 1420 1272 Dauoth

138 1332 207 1390 pro
231 1316 374 1375 custodia
396 1324 427 1376 et
449 1318 687 1376 conservacione
710 1317 804 1376 turris
826 1317 965 1375 eiusdem
982 1322 1012 1375 et
1027 1334 1133 1376 rerum
1152 1317 1270 1392 pretate
1293 1319 1421 1377 ecclesie

141 1438 184 1481 ac
204 1438 335 1481 suarum
357 1423 388 1481 in
411 1424 513 1497 ipsam
537 1422 780 1499 deportatamm,
804 1421 995 1497 deputatum,
1020 1424 1181 1482 extrahere
1208 1430 1238 1481 et
1254 1423 1420 1499 suspendio

144 1529 282 1601 tradere,
307 1529 396 1588 sicuti
419 1534 492 1587 tunc
514 1545 661 1604 expresse
683 1535 713 1587 et
736 1528 864 1603 publice
880 1529 1058 1587 clamabant
1082 1537 1112 1587 et
1130 1531 1236 1604 pocius
1253 1531 1419 1602 latrabant,

149 1635 323 1694 fortissime
345 1640 417 1694 sunt
439 1637 571 1708 connati,
594 1636 766 1711 iniquitatis
789 1635 899 1694 exinde
922 1636 1052 1694 audacia
1067 1637 1106 1694 de
1121 1651 1203 1695 novo
1220 1638 1420 1695 vehementer

150 1748 276 1817 captata
297 1746 329 1800 et
350 1758 390 1801 ex
413 1742 582 1816 premissis.
605 1734 832 1818 Iterumque,*)
867 1743 940 1800 licet
974 1744 1041 1816 ipse
1075 1743 1245 1816 sacrilegus
1281 1743 1419 1818 populus

150 1849 228 1906 alias
251 1848 351 1906 eciam
374 1848 456 1906 circa
478 1846 593 1906 festum
617 1847 814 1906 Ascensionis
838 1847 965 1919 domini,
990 1849 1136 1906 similiter
1158 1850 1301 1923 proxime
1318 1856 1420 1924 prete·

151 1955 255 2025 ritum,
278 1959 381 2012 erecto
403 1953 487 2012 dicto
510 1967 620 2011 eorum
643 1953 796 2026 sacrilego
820 1959 850 2011 et
873 1960 1000 2012 cruento
1022 1955 1148 2026 vexillo,
1166 1954 1273 2029 plures
1289 1971 1328 2013 ex
1343 1955 1420 2029 ipsis

152 2060 368 2134 iniquitatibus
392 2059 467 2118 filiis
488 2060 633 2119 similiter
655 2060 741 2118 clara
764 2058 825 2117 diei
850 2060 928 2123 luce.
952 2061 1132 2119 hominibus
1149 2061 1304 2119 dictorum
1321 2060 1420 2119 domi·

152 2180 263 2224 nomm
285 2167 317 2224 in
340 2167 461 2240 campis
491 2165 709 2224 laborantibus
740 2181 776 2224 ac
806 2166 966 2223 arantibus
999 2167 1150 2224 miserunt
1181 2173 1211 2223 et
1241 2166 1420 2225 direxerunt

153 2271 294 2330 dedicta
326 2273 469 2346 ipsomm
503 2272 656 2345 sacrilega
689 2272 816 2330 civitate
851 2272 962 2329 animis
998 2277 1027 2328 et
1051 2272 1276 2330 intencionibus
1300 2272 1416 2330 similia

153 2381 266 2437 scelera
291 2377 492 2452 perpetrandi
516 2385 546 2436 et
569 2376 608 2436 de
630 2391 714 2437 novo
739 2378 770 2436 in
793 2374 920 2435 eosdem
944 2376 1088 2435 dominos
1104 2376 1281 2435 deseviendi
1299 2383 1329 2435 et
1353 2392 1420 2435 ma·

153 2483 300 2558 lignandi,
324 2486 410 2558 ipsos
434 2485 575 2543 homines
597 2485 785 2559 capitulares
808 2485 839 2542 in
864 2483 981 2541 eisdem
997 2484 1124 2557 campis,
1141 2484 1185 2540 sic
1200 2489 1235 2541 ut
1251 2483 1417 2557 prefertur,

154 2590 328 2649 laborantes
351 2589 458 2663 agredi
475 2590 626 2662 iaciendo,
643 2590 849 2662 manibusque
867 2590 996 2647 armatis
1013 2593 1043 2646 et
1059 2589 1224 2647 hostilibus
1241 2589 1272 2646 in
1291 2588 1418 2647 eosdem

153 2697 295 2757 irmendo
318 2698 507 2773 expulerunt
529 2703 560 2756 et
584 2699 778 2773 repulerunt,
799 2696 875 2770 ipsis
891 2697 1001 2753 ceteris
1017 2696 1098 2753 dicte
1114 2696 1263 2768 sacrilege
1280 2697 1415 2754 civitatis

154 2804 330 2863 hominibus
363 2805 492 2864 armatis
522 2805 668 2863 similiter
702 2805 734 2862 in
767 2817 857 2861 muro
893 2809 923 2860 et
953 2804 1092 2861 turribus
1115 2803 1255 2860 eiusdem
1280 2804 1413 2861 civitatis

153 2911 384 2984 speculantibus
406 2918 437 2969 et
460 2910 698 2984 explorantibus
719 2925 738 2967 a
761 2910 853 2982 longe
876 2910 907 2967 in
931 2909 1025 2967 tinem
1049 2915 1078 2967 et
1109 2910 1262 2980 effectum,
1295 2924 1357 2984 quo
1386 2914 1416 2967 et

154 3018 175 3075 si
196 3019 257 3091 ipsi
281 3017 402 3076 domini
424 3017 477 3075 rel
500 3018 641 3092 ipsorum
666 3016 837 3075 familiares
853 3016 971 3073 eisdem
986 3017 1178 3085 restitissent,
1196 3022 1267 3074 tunc
1291 3014 1418 3073 eosdem

154 3138 222 3183 mox
247 3125 335 3182 etin
357 3124 524 3182 continenti
549 3138 636 3182 more
660 3122 828 3197 predonico
851 3126 880 3178 et
903 3123 1056 3195 premisso
1081 3123 1193 3179 iterum
1224 3122 1417 3192 invasissent,

153 3231 248 3302 parati
271 3231 400 3287 omnino
423 3230 535 3287 iterum
554 3229 740 3288 descendere
756 3230 787 3286 in
803 3229 976 3302 capitulum
994 3226 1208 3300 supradictum
1225 3243 1260 3284 ac
1277 3226 1416 3301 plateam

151 3336 363 3411 capitularem
379 3336 525 3410 ipsosque
540 3336 741 3393 comburrere
757 3339 787 3393 et
803 3334 984 3406 excogitatis
1001 3333 1166 3407 suppliciis
1179 3333 1324 3405 affligere
1339 3334 1419 3391 sicut

150 3446 250 3514 prius;
279 3441 365 3516 quod
387 3443 495 3517 utique
518 3441 671 3513 fecissent,
694 3442 720 3500 si
744 3447 816 3500 tunc
840 3440 914 3498 dicti
938 3439 1065 3510 domini,
1090 3439 1143 3513 qui
1167 3453 1297 3496 numero
1321 3439 1412 3512 pauci

144 3555 242 3621 erant,
263 3549 323 3608 hec
345 3555 375 3607 et
397 3548 460 3607 alia
484 3548 577 3623 plura
598 3547 726 3607 silencio
747 3552 777 3605 et
801 3562 874 3605 cum
897 3560 1019 3603 summa
1043 3545 1199 3618 paciencia
1223 3560 1283 3602 non
1314 3549 1418 3619 prete·

139 3657 261 3716 rissent
284 3659 314 3712 et
336 3654 542 3727 auffugissent
563 3654 698 3725 aliunde,
723 3670 780 3728 per
802 3654 906 3726 ipsum
938 3650 1100 3709 dominum
1132 3650 1312 3708 Ladislaum
1343 3665 1414 3708 con-

130 3760 332 3823 canonicum
366 3775 475 3819 eorum
510 3765 592 3819 certe
627 3767 753 3819 extenso
788 3758 826 3816 de
863 3759 930 3832 ipsa
966 3757 1044 3815 turri
1067 3758 1156 3829 signo
1179 3757 1297 3827 arisati,
1321 3757 1412 3815 nobis

126 3876 273 3942 Semper
294 3867 475 3926 absentibus
499 3872 530 3925 et
550 3867 644 3940 regiis
668 3867 807 3924 serviciis
828 3864 1044 3939 potencialiter
1067 3865 1286 3922 inherentibus.
1311 3863 1417 3937 Quod·
1509 3862 1511 3867 ’

121 3985 205 4052 que
232 3971 273 4031 de
294 3973 355 4031 hiis
375 3973 522 4031 omnibus
544 3972 633 4031 nulla
656 3970 830 4030 satisfaccio
854 3971 894 4029 sit
918 3970 1020 4028 adhuc
1035 3970 1207 4042 subsecuta,
1231 3970 1303 4027 licet
1319 3985 1417 4043 usque

121 4074 169 4143 in
197 4095 330 4156 presens
353 4094 426 4138 cum
449 4079 535 4137 omni
558 4079 715 4153 paciencia
737 4076 917 4152 prestolata,
934 4076 1154 4134 nichilominus
1172 4077 1232 4149 ipsi
1248 4075 1415 4148 degeneres

117 4196 168 4248 et
195 4184 343 4245 infideles
366 4184 435 4257 filii,
457 4199 533 4258 gens
555 4185 664 4258 utique
687 4199 834 4258 perversa
859 4190 889 4241 et
914 4184 1032 4256 absque
1056 4183 1193 4252 consilio,
1206 4182 1413 4240 ecclesiastice

118 4285 302 4355 libertatis
323 4290 421 4351 emuli
444 4291 535 4349 illam
559 4296 692 4349 matrem
715 4306 806 4348 suam
830 4290 1003 4361 ecclesiam,
1027 4304 1173 4364 sponsam
1190 4297 1329 4347 nostram
1346 4303 1416 4358 pre·

121 4400 296 4460 dilectam
320 4405 350 4458 et
375 4398 442 4457 eius
465 4397 624 4456 ministros
646 4397 691 4455 sic
714 4411 775 4455 non
800 4396 939 4455 verendo
963 4395 1121 4454 offendere
1153 4402 1183 4452 et
1214 4395 1254 4451 ad
1285 4391 1414 4451 iniurias

129 4550 359 4566 Ψ-

253 4622 280 4687 ’)
300 4625 331 4673 In
350 4622 437 4673 altero
457 4622 579 4688 originali
597 4623 681 4673 alinea
699 4622 749 4672 ista
768 4623 803 4671 sic
824 4623 931 4687 incipit:

133 4717 324 4793 Iterumque
340 4718 437 4777 iidem
459 4717 552 4790 cives,
568 4717 669 4776 incole
684 4722 715 4776 et
729 4718 875 4792 hospites,
891 4714 1009 4792 judices
1026 4719 1056 4772 et
1070 4711 1163 4790 jurati
1180 4714 1211 4770 in
1228 4712 1306 4769 festo
1323 4709 1413 4768 beate

136 4824 335 4899 Margarithe
366 4823 498 4899 virginis
526 4829 628 4882 erecto
660 4821 744 4881 dicto
774 4838 883 4882 eorum
915 4820 1066 4892 sacrilego
1091 4825 1120 4876 et
1143 4824 1269 4876 cruento
1293 4815 1414 4875 vexillo

140 4927 256 4992 (caetera
273 4932 302 4976 nt
320 4922 418 4993 supa).

1319 5027 1339 5090 l
