3278 5348
180 405 243 464 420
594 382 666 439 Doc.
684 393 761 457 330.
789 411 827 422 -
853 378 909 436 An.
933 372 1025 454 1482.

181 603 285 676 ipsum
298 599 433 658 fideliter
448 598 654 671 ingrossatum
671 593 733 671 (sic)
749 593 860 654 exinde
883 592 1001 651 confeci
1024 598 1054 651 et
1078 593 1109 650 in
1132 594 1215 651 hanc
1239 592 1376 650 formam
1395 608 1443 666 pu·

181 709 297 766 blicam
321 706 435 779 redegi,
458 705 608 778 signoque
631 709 661 761 et
683 703 809 761 nomine
824 700 902 759 meis
918 700 1017 758 solitis
1041 706 1072 757 et
1087 700 1246 758 consvetis
1264 699 1445 772 consignari

182 820 308 887 rogatus
331 820 360 869 et
383 811 549 884 requisitus
573 811 603 867 in
627 808 721 866 fidem
746 813 777 866 et
799 807 1010 866 testimonium
1034 806 1178 864 omnium
1201 814 1234 863 et
1258 807 1444 880 singulorum

183 921 413 996 premissorum.

289 1108 394 1157 Summa
417 1105 610 1172 privilegiorum
635 1104 782 1153 monasterii
808 1102 982 1153 Remeteusis.
1013 1102 1092 1153 MSC.
1123 1102 1152 1151 in
1172 1102 1272 1153 archiv.
1292 1102 1353 1152 incl.
1373 1101 1447 1151 Aend.

186 1197 282 1251 Scieut.
301 1197 401 1246 Slavor.
420 1196 510 1246 merid.

778 1424 869 1490 ³30.

296 1586 378 1634 Anno
400 1585 474 1648 1482,
496 1597 536 1646 30.
556 1585 649 1634 martii.
669 1584 765 1634 Budae.

190 1713 334 1782 Mothites,
357 1713 536 1784 Hungan'ae
565 1719 614 1780 etc,
644 1731 707 1782 rex,
737 1711 865 1769 mnibus
887 1711 1123 1785 posssessionatis
1153 1706 1330 1780 horninibus,
1354 1710 1452 1767 tutuo

217 1837 383 1907 tenentibus,
400 1837 557 1911 praecipio,
579 1855 615 1893 ne
636 1853 656 1892 a
680 1835 787 1894 ciur'bus
809 1835 929 1913 zagrab.
952 1835 1092 1892 tm'butum
1112 1841 1169 1907 pro
1191 1851 1283 1892 merce
1305 1834 1429 1908 exigant.

297 1997 429 2056 Mathias
453 1997 503 2055 dei
527 1998 631 2070 gracia
652 2013 709 2055 rex
732 1997 899 2071 Hungarie,
922 1997 1068 2055 Bohemie
1093 2001 1148 2053 etc.
1166 1994 1332 2053 Fidelibus
1347 1995 1453 2053 nostris

195 2106 349 2164 universis
372 2109 402 2162 et
425 2103 555 2177 singulis
589 2104 750 2162 nobilibus
783 2109 813 2162 et
844 2104 970 2161 alterius
1002 2102 1137 2160 cuiusvis
1168 2106 1269 2160 status
1299 2107 1330 2159 et
1361 2098 1457 2158 condi·

194 2210 289 2268 cionis
312 2209 502 2281 hominibus,
527 2210 630 2268 ubivis
653 2225 710 2284 per
739 2224 833 2284 regna
863 2215 968 2267 nostra
999 2207 1161 2265 Sclauonie
1193 2212 1224 2264 et
1253 2206 1384 2264 Croacie
1411 2206 1458 2264 tri·

195 2318 270 2375 buta
294 2315 490 2387 habentibus,
507 2316 681 2373 tenentibus
703 2331 757 2374 seu
779 2315 982 2388 exigentibus,
1002 2318 1159 2388 presentes
1183 2313 1309 2386 visuris,
1332 2313 1459 2370 salutem

196 2429 227 2482 et
249 2423 396 2495 graciam.
420 2421 500 2478 Cum
524 2421 633 2479 fideles
655 2422 751 2480 nostri
767 2421 934 2496 prudentes
950 2427 980 2478 et
996 2420 1221 2494 circumspecti,
1236 2416 1346 2494 judex,
1361 2416 1457 2494 jurati,

198 2529 353 2601 ceterique
377 2528 460 2586 cives
483 2532 513 2585 et
536 2528 637 2585 incole
659 2528 792 2586 civitatis
816 2535 919 2585 nostre
944 2528 1058 2585 montis
1081 2525 1253 2596 Grecensis,
1278 2526 1406 2598 antiqua
1426 2523 1459 2580 li·

198 2635 326 2693 bertatis
350 2649 457 2692 eorum
480 2634 679 2707 prerogativa
709 2634 893 2707 requirente,
916 2635 957 2691 ab
990 2633 1076 2690 omni
1105 2631 1268 2689 solucione
1302 2629 1462 2689 tributaria

199 2742 303 2800 ubivis
327 2757 383 2814 per
406 2741 561 2797 ambitum
584 2741 800 2798 universorum
823 2754 991 2812 regnorum
1015 2754 1100 2796 sacre
1125 2752 1237 2795 corone
1257 2737 1351 2811 regni
1370 2735 1460 2794 nostri

203 2847 414 2905 subiectorum
450 2847 587 2919 exempti
618 2846 680 2903 sint
711 2852 740 2904 et
771 2846 946 2920 supportati
977 2845 1158 2915 habeantur,
1190 2843 1415 2916 libertatesque
1436 2846 1463 2899 et

201 2954 417 3026 exempciones
448 2951 627 3010 huiusmodi
661 2967 718 3026 pro
749 2951 867 3010 eisdem
896 2949 1005 3027 judice,
1037 2950 1160 3008 civibus
1190 2955 1220 3006 et
1253 2949 1366 3007 incolis
1389 2948 1464 3007 dicte

203 3059 337 3117 civitatis
360 3065 463 3115 nostre
484 3059 515 3115 in
539 3059 656 3115 octavis
680 3057 749 3115 festi
773 3058 1018 3132 Epiphaniarum
1042 3056 1161 3114 domini
1191 3044 1347 3128 proxime
1369 3060 1463 3128 prete

202 3166 255 3223 riti
279 3181 335 3238 per
358 3166 503 3236 prelatos,
537 3164 666 3221 barones
697 3170 726 3221 et
758 3165 922 3237 magistros
945 3162 1196 3237 prothonotarios
1218 3162 1307 3234 regni
1330 3168 1362 3219 et
1384 3161 1463 3218 curie

203 3277 307 3329 nostre
337 3269 453 3345 judices
484 3271 710 3327 sentencialiter
743 3270 916 3344 approbate
946 3276 975 3326 et
998 3269 1144 3327 roborate
1168 3268 1313 3339 existant,
1337 3268 1379 3324 ob
1403 3267 1464 3335 hoc,

205 3384 238 3435 ut
261 3375 389 3451 prefatis
413 3375 515 3451 judici,
540 3377 661 3433 civibus
686 3384 715 3433 et
739 3376 849 3434 incolis
873 3374 953 3434 dicte
969 3375 1103 3432 civitatis
1119 3378 1223 3430 nostre
1240 3372 1359 3447 ubique
1374 3385 1461 3446 penes

204 3499 312 3542 eorum
335 3481 400 3556 jura
424 3488 455 3539 ct
477 3483 693 3555 exempciones
717 3490 800 3539 tutus
823 3454 1007 3553 secerusque
1028 3485 1131 3554 pateat
1161 3493 1358 3553 progressus,
1382 3478 1465 3536 volu·

206 3606 275 3647 mus
299 3597 328 3646 et
353 3589 536 3645 mandamus
560 3588 704 3645 fidelitati
727 3594 828 3645 vestre
844 3595 873 3644 et
889 3586 1016 3644 cuilibet
1032 3591 1171 3642 vestrum
1188 3583 1378 3657 firmissime,
1396 3597 1464 3656 qua·

206 3700 293 3753 tenus
317 3694 430 3751 amodo
454 3692 599 3768 deinceps
623 3693 759 3767 prelatos
783 3692 932 3768 judicem,
956 3693 1039 3750 cives
1056 3700 1085 3748 et
1103 3691 1220 3748 incolas
1238 3690 1320 3749 dicte
1335 3689 1464 3749 civitatis

206 3808 310 3858 nostre
334 3801 447 3858 montis
471 3800 632 3857 Grecensis
653 3800 692 3858 ad
716 3800 908 3857 solucionem
924 3812 1194 3870 quorumcumque
1214 3795 1405 3853 tributorum
1420 3807 1466 3852 seu

211 3908 419 3964 theloniorum
453 3913 559 3964 contra
590 3905 724 3963 formam
756 3905 906 3979 premisse
937 3904 1079 3977 ipsorum
1108 3902 1263 3959 libertatis
1296 3909 1327 3959 et
1349 3915 1467 3974 exemp·

209 4013 304 4070 cionis
328 4019 420 4084 atque
444 4013 602 4070 iudiciarie
626 4011 862 4069 deliberacionis
886 4008 1067 4067 eorumdem
1102 4008 1299 4081 prelatorum
1331 4017 1362 4066 et
1385 4008 1468 4065 baro·

209 4133 284 4175 num
308 4133 344 4174 ac
367 4119 586 4189 magistrorum
611 4117 918 4190 prothonotariorum
941 4115 1086 4187 regniac
1110 4114 1193 4170 curie
1215 4119 1322 4171 nostre
1338 4111 1468 4190 judicum

210 4229 310 4281 artare
334 4229 363 4278 et
387 4223 576 4294 compellere
607 4239 760 4297 nusquam
783 4229 813 4280 et
843 4237 1040 4295 nequaquam
1070 4221 1292 4296 presummatis
1325 4236 1382 4279 nec
1411 4218 1470 4277 sitis

210 4328 278 4385 ausi
301 4328 541 4398 quoquomodo;
563 4331 710 4402 quoniam
734 4330 874 4402 alioquin
899 4329 1113 4386 commisimus
1143 4333 1173 4385 et
1203 4327 1401 4401 presentibus
1423 4325 1458 4393 fir

211 4433 292 4489 mius
316 4433 539 4491 committimus
562 4437 644 4492 bano
667 4437 718 4493 vel
742 4436 807 4493 eius
830 4436 989 4492 vicebanis
1011 4449 1179 4508 regnorum
1201 4437 1383 4491 nostrorum
1404 4431 1473 4490 Cro·

211 4538 276 4595 acie
299 4543 328 4594 et
352 4536 515 4597 Sclauonie
536 4542 732 4614 presentibus
755 4546 784 4599 et
808 4540 930 4612 futuris,
951 4547 986 4598 ut
1008 4542 1069 4615 ipsi
1092 4555 1149 4598 vos
1172 4545 1203 4597 et
1226 4540 1401 4612 quemlibet
1424 4552 1470 4595 ve

212 4648 311 4701 strum
334 4643 373 4701 ad
397 4645 456 4702 hoc
479 4647 584 4720 ipsum
607 4646 784 4705 faciendum
805 4654 837 4705 et
858 4646 992 4705 firmiter
1022 4645 1256 4704 observandum
1285 4660 1345 4720 per
1375 4643 1475 4703 omnia

213 4756 389 4824 opportuna
412 4755 594 4824 gravamina
618 4753 808 4827 compellant
832 4760 862 4811 et
885 4754 1056 4825 astringant
1078 4752 1261 4810 auctoritate
1281 4755 1390 4811 nostra
1412 4764 1477 4825 pre·

213 4857 352 4915 sentibus
375 4859 450 4932 ipsis
475 4859 505 4916 in
529 4860 586 4917 hac
609 4864 698 4933 parte
721 4860 871 4917 attributa
895 4866 925 4917 et
955 4859 1075 4918 iusticia
1098 4857 1262 4918 mediante
1289 4854 1387 4919 secus
1409 4869 1479 4932 ergo
