3278 5348
598 389 671 447 Doc.
695 401 765 463 192.
790 420 830 431 -
855 388 911 445 An.
935 398 1023 466 1457.

785 722 866 789 192.

296 919 377 968 Anno
398 929 473 983 1457,
495 929 516 968 ι.
537 916 696 982 septembris.
719 917 844 966 Viennae.

192 1061 360 1129 Ladolaus,
382 1059 562 1131 Hungariae
580 1065 628 1115 etc.
651 1076 714 1126 rex,
729 1058 837 1117 cibibus
852 1058 1085 1132 zograbiensibus
1100 1059 1230 1130 mandat,
1248 1067 1284 1118 ut
1288 1058 1442 1137 Johannem

263 1184 297 1241 de
326 1182 440 1242 Grada
461 1182 609 1241 notarium
632 1182 663 1239 in
678 1184 883 1255 possessionem
906 1181 1005 1241 ocriae
1026 1183 1176 1242 allodialis
1198 1183 1389 1243 introducant.

295 1344 458 1404 Ladislaus
481 1343 531 1402 dei
553 1344 657 1416 gracia
680 1343 848 1416 Hungarie‚
871 1342 1027 1416 Bohemie,
1050 1344 1222 1417 Dalmacie,
1245 1345 1374 1405 Croacie
1400 1352 1446 1404 etc

190 1469 253 1524 rex,
277 1452 464 1523 Austrieque
487 1458 518 1508 et
541 1448 634 1507 Stirie
657 1449 729 1521 dux,
753 1465 871 1508 necnon
893 1449 1033 1508 marchio
1053 1451 1192 1510 Morauie
1215 1456 1272 1509 etc.
1295 1451 1446 1511 Fidelibus

189 1559 303 1617 nostris
327 1555 468 1632 providis
491 1560 522 1614 et
544 1555 776 1629 circumspectis
798 1553 903 1632 judici,
926 1554 1045 1632 juratis,
1069 1557 1241 1631 ceterisque
1272 1558 1394 1619 civibus
1415 1558 1447 1616 ci·

188 1665 293 1722 vitatis
326 1667 431 1721 nostre
465 1661 579 1718 montis
614 1659 775 1719 Grccensis
809 1662 943 1720 salutem
978 1666 1007 1720 et
1031 1664 1176 1736 graciam.
1213 1663 1296 1722 Cum
1318 1677 1376 1723 nos
1398 1676 1447 1739 pro

188 1770 336 1829 fidelibus
358 1768 497 1827 serviciis
519 1765 623 1825 fidelis
645 1769 742 1825 nostri
764 1769 905 1840 magistri
926 1768 1075 1852 Johannis
1099 1768 1137 1827 de
1160 1768 1308 1845 Graoecz,
1342 1770 1447 1829 notarii

187 1876 371 1935 cancellarie
393 1879 497 1933 nostre
520 1874 737 1946 hungaricalis,
761 1875 920 1947 quandam
943 1877 1062 1933 curiam
1084 1876 1267 1934 allodialem
1292 1877 1353 1934 sub
1375 1876 1449 1935 dicta

189 1984 313 2041 civitate
335 1989 440 2040 nostra
462 1982 577 2039 montis
601 1979 764 2040 Grecensis
787 1988 857 2040 ante
881 1988 1005 2056 portam
1030 1983 1212 2042 carnificum
1225 1982 1366 2042 eiusdem
1382 1983 1450 2041 civi·

187 2091 260 2148 tatis
283 2096 387 2147 nostre
410 2088 558 2157 habitam,
583 2103 643 2160 que
666 2087 826 2145 cuiusdam
858 2086 988 2146 Seboldi
1018 2089 1095 2147 alias
1126 2091 1287 2162 capetanei
1316 2088 1449 2147 eiusdem

188 2196 321 2253 civitatis
343 2198 446 2251 nostre
469 2194 584 2251 montis
615 2193 776 2251 Grecensis
807 2193 979 2267 prefuisset,
1014 2194 1069 2252 sed
1099 2211 1156 2268 per
1185 2201 1293 2253 notam
1323 2195 1451 2254 infideli·

188 2302 259 2360 tatis
283 2300 430 2369 eiusdem,
454 2314 549 2372 quarn
573 2300 639 2373 ipse
663 2317 700 2357 ex
724 2314 768 2367 eo,
793 2299 877 2372 quod
901 2300 1029 2358 domino
1059 2300 1218 2359 Friderico
1241 2301 1450 2361 Romanomn

187 2407 370 2482 imperatori
391 2406 538 2463 adesisset
562 2410 591 2463 et
613 2406 644 2463 in
668 2406 816 2464 comitiva
839 2405 979 2464 eiusdem
1001 2408 1134 2465 existens
1157 2408 1297 2482 plurima
1319 2408 1450 2484 dampna

187 2521 217 2572 et
239 2513 341 2587 spolia
364 2513 395 2569 in
419 2511 565 2570 dominiis
587 2513 708 2583 nostris,
732 2513 899 2570 maiestatis
922 2517 1025 2571 nostre
1039 2512 1224 2571 rebellando
1240 2514 1450 2585 commisisset

187 2626 217 2677 et
240 2621 404 2678 incurrisse
428 2618 548 2690 dicitur,
572 2617 612 2676 ad
635 2633 755 2676 sacram
779 2633 926 2676 coronam
953 2619 1028 2678 dicti
1049 2621 1136 2692 regni
1165 2621 1264 2678 nostri
1287 2621 1450 2694 Hungarie,

186 2733 491 2798 consenquentcrque
514 2732 652 2782 nostram
676 2725 869 2782 maiestatem
892 2726 978 2784 iuxta
1009 2727 1167 2799 antiquam
1189 2730 1220 2783 et
1244 2728 1450 2801 approbatam

185 2830 324 2889 eiusdem
356 2832 442 2904 regni
476 2833 573 2888 nostri
607 2831 862 2889 consuetudinem
898 2833 956 2890 rite
987 2837 1017 2890 et
1040 2832 1191 2905 legittime
1215 2831 1365 2891 devoluta
1389 2849 1451 2892 esse

186 2938 375 3012 perhibetur,
392 2938 486 2995 simul
509 2953 580 2995 cum
603 2939 720 2996 cunctis
742 2939 807 2995 suis
828 2938 1015 2996 utilitatibus
1039 2944 1069 2996 et
1091 2937 1220 2996 edificiis
1244 2944 1274 2996 et
1297 2941 1450 3014 pertinen-

185 3044 239 3101 ciis
263 3043 455 3116 quibuslibet
478 3045 645 3117 premissis,
670 3047 713 3102 sic
737 3053 771 3102 ut
794 3045 950 3118 prefertur
972 3045 1126 3102 stantibus
1148 3051 1180 3103 et
1200 3061 1233 3103 se
1256 3046 1450 3115 habentibus,

186 3157 357 3207 memorato
392 3151 541 3223 magistro
572 3152 704 3234 Johanni
739 3152 777 3209 de
807 3151 946 3209 Gradecz
976 3157 1006 3209 et
1028 3168 1086 3226 per
1108 3167 1180 3210 eum
1205 3151 1337 3223 Andree,
1362 3151 1451 3212 tratri

185 3271 241 3312 suo
263 3257 388 3327 carnali,
413 3257 616 3330 ipsorumque
640 3259 810 3315 heredibus
833 3264 863 3316 et
886 3259 1119 3333 posteritatibus
1152 3258 1314 3328 universis,
1345 3259 1452 3331 vigore

184 3361 317 3418 aliarum
341 3364 516 3419 litterarum
539 3371 716 3422 nostrarum
748 3365 998 3423 donacionalium
1029 3364 1140 3422 exinde
1173 3363 1387 3424 confectarum
1421 3365 1451 3423 in

185 3472 370 3540 perpetuum
395 3471 592 3540 contulimus,
616 3472 825 3543 volumusque
848 3471 973 3529 eosdem
998 3472 1028 3529 in
1051 3471 1224 3529 dominium
1241 3471 1381 3530 eiusdem
1397 3487 1452 3545 per

184 3587 240 3629 vos
263 3574 347 3630 iuxta
372 3590 491 3632 morem
517 3583 547 3633 et
570 3577 822 3634 consuetudinem
856 3578 951 3651 ipsius
984 3578 1118 3634 civitatis
1150 3582 1253 3635 nostre
1287 3576 1450 3635 introduci.

184 3677 344 3736 Fidelitati
367 3681 460 3751 igitur
484 3689 585 3740 vestre
608 3683 740 3741 firmiter
763 3684 967 3756 precipientes
990 3682 1184 3755 mandamus,
1209 3687 1361 3756 quatenus
1384 3699 1452 3758 pre·

185 3784 263 3841 latos
286 3786 458 3867 Johannem
482 3795 512 3845 et
536 3788 692 3846 alndream
716 3796 769 3845 aut
792 3790 932 3863 ipsorum
957 3795 1193 3863 procuratorem
1214 3790 1405 3862 legittimum
1421 3790 1451 3848 in

183 3890 357 3948 dominium
379 3892 459 3950 dicte
483 3895 565 3950 curie
589 3894 745 3952 allodialis
769 3901 1011 3967 cunctarumque
1034 3895 1205 3953 utilitatum
1238 3902 1269 3952 et
1299 3897 1452 3970 pertinen·

183 3998 301 4053 ciarum
336 3998 473 4055 eiusdem
509 4002 611 4057 ubivis
644 4002 822 4057 habitarum
859 4001 944 4058 iuxta
978 4016 1099 4058 morem
1134 4007 1165 4058 et
1196 4000 1451 4060 consvetudinem

182 4103 320 4160 ciusdem
344 4105 475 4162 civitatis
499 4114 600 4163 nostre
624 4107 818 4165 introducere
842 4114 871 4164 et
895 4106 1025 4164 eandem
1042 4106 1160 4164 eisdem
1176 4106 1329 4180 premisso
1347 4114 1448 4165 nostre

182 4208 359 4266 donacionis
380 4212 480 4282 titulo,
503 4213 579 4285 ipsis
602 4213 806 4284 incumbente,
841 4222 992 4286 perpetuo
1025 4212 1183 4286 possidere
1215 4217 1246 4270 ct
1276 4217 1448 4271 constatare

182 4315 327 4384 debeatis
360 4318 384 4372 si
417 4334 476 4373 non
513 4318 604 4375 fucrit
639 4318 874 4376 contradictum.
914 4319 1201 4378 Contradictoribus
1236 4333 1323 4391 vero,
1346 4318 1447 4393 siqui

182 4422 304 4492 fuerint,
340 4439 375 4479 ac
411 4425 531 4498 prefato
565 4429 715 4499 magistro
743 4427 875 4509 Johanni
909 4434 938 4484 et
963 4427 1086 4484 Andree
1109 4433 1139 4484 et
1162 4440 1272 4484 eorum
1296 4425 1450 4499 legittimo

180 4532 376 4602 procuratori
399 4531 437 4587 ad
462 4548 558 4588 unum
583 4540 701 4590 certum
718 4549 753 4590 ac
770 4534 900 4591 brevem
912 4535 1081 4591 terminum
1099 4533 1196 4590 vestri
1212 4532 1243 4589 in
1258 4533 1449 4605 presenciam

181 4635 345 4705 accersitis,
368 4636 480 4694 auditis
503 4638 683 4695 eorumdem
708 4640 988 4713 proposicionibuS,
1011 4638 1259 4711 allegacionibus
1275 4643 1307 4696 et
1321 4653 1446 4713 respon·

180 4742 327 4811 sionibus,
344 4742 479 4815 visisque
503 4750 532 4799 et
556 4745 736 4802 examinatis
757 4744 879 4819 juribus
902 4746 1095 4819 eorumdem,
1119 4747 1198 4804 inter
1221 4743 1349 4803 eosdem
1372 4744 1448 4803 meri

179 4846 257 4924 juris
293 4856 323 4906 et
356 4846 476 4924 justicie
511 4850 776 4924 complementum
810 4851 938 4923 faciatis,
973 4851 1050 4927 juris
1080 4852 1222 4910 ordinem
1246 4849 1448 4909 observando.
