3278 5348
616 464 689 522 Dec.
706 474 773 539 3717
808 497 846 505 -
871 466 926 521 An.
953 461 1046 541 1483.

193 679 399 753 proventibus
433 679 640 752 terragiorum
676 677 764 735 bladi
798 684 828 735 et
858 677 1005 737 frumenti
1041 695 1096 753 per
1120 679 1238 738 dictum
1271 681 1304 739 in
1337 658 1465 753 causam⁴

192 791 359 843 attractum
394 784 531 843 indebite
563 784 717 858 perceptis
747 783 824 857 ipsis
855 784 1003 842 fratribus
1036 786 1192 844 actoribus
1216 802 1351 860 congrua
1373 789 1462 847 satis·

193 891 291 950 faccio
309 889 449 964 impendi
472 890 594 963 debere,
618 889 756 964 prefatus
780 905 905 963 quoque
928 891 1084 974 Johannes
1107 892 1259 951 Horwath
1282 892 1313 952 in
1334 908 1460 955 causam

192 1003 340 1055 attractus
364 1012 421 1072 pro
446 996 584 1055 indebita
606 998 812 1070 occupacione
833 997 926 1055 tercie
950 998 1047 1070 partis
1071 998 1273 1071 possessionis
1295 999 1462 1074 Zthnpnyk

192 1102 338 1178 predicte,
367 1102 569 1177 eiusdemque
592 1104 684 1162 tercie
707 1104 805 1177 partis
834 1109 1004 1177 proventus
1031 1105 1234 1179 percepcione
1267 1121 1324 1178 per
1356 1106 1461 1180 ipsum

192 1208 288 1267 modo
305 1209 457 1282 premisso
474 1208 562 1267 factis
586 1219 615 1267 et
639 1210 814 1268 commissis
838 1211 869 1267 in
892 1208 973 1266 facto
991 1210 1131 1283 potencie
1147 1226 1184 1267 ex
1200 1225 1299 1285 eoque
1322 1211 1353 1268 in
1374 1212 1461 1285 quin·

191 1314 338 1387 quaginta
352 1314 465 1372 marcis
488 1316 726 1387 homagialibus,
751 1314 898 1372 ducentos
921 1313 1052 1373 florenos
1076 1317 1143 1373 auri
1163 1315 1354 1389 facientibus,
1372 1316 1462 1378 dictis

191 1421 341 1478 fratribus
349 1422 506 1480 actoribus
524 1421 723 1479 solummodo
739 1421 955 1495 persolvendis
970 1422 1099 1479 convinc
1111 1425 1119 1479 i
1130 1429 1159 1478 et
1171 1423 1335 1495 aggravari
1348 1423 1462 1482 debere

190 1526 281 1583 nobis
311 1542 348 1583 ac
378 1528 484 1586 eiectis
513 1534 543 1585 et
573 1526 690 1602 juratiS,
714 1529 886 1601 ceterisque
916 1527 1077 1585 nobilibus
1109 1529 1274 1604 prescripti
1296 1531 1460 1589 comitatus

192 1631 522 1692 crisiensisnobiscum
546 1633 579 1692 in
601 1630 717 1709 judicio
740 1641 770 1691 et
793 1634 935 1691 examine
958 1649 1050 1690 cause
1072 1635 1223 1707 premisse
1247 1635 1461 1708 existentibus,

191 1738 359 1812 perspicue
383 1740 617 1812 agnoscebatur,
649 1754 708 1813 pro
738 1754 775 1797 eo
798 1755 854 1796 nos
884 1739 1067 1797 eorumdem
1091 1739 1262 1798 electorum
1284 1737 1461 1816 juratorum

193 1848 225 1901 et
248 1844 337 1917 regni
359 1844 514 1903 nobilium
538 1844 659 1918 quesito
691 1851 721 1903 et
743 1851 903 1919 assumpto
927 1845 1092 1919 superinde
1116 1846 1245 1904 consilio
1268 1855 1459 1921 prematuro,

191 1950 396 2025 prescriptam
413 1951 540 2010 terciam
558 1956 680 2025 partem
696 1957 833 2025 pretacte
856 1950 1059 2024 possessionis
1082 1951 1249 2024 Zthupnyk
1271 1952 1368 2011 simul
1387 1968 1459 2013 cum

191 2054 281 2114 dictis
314 2058 518 2130 proventibus
553 2057 760 2130 terragiorum
796 2056 882 2114 bladi
919 2064 949 2114 et
987 2057 1145 2129 frumenti,
1171 2058 1303 2133 aliisque
1339 2060 1459 2117 cunctis

189 2161 327 2220 eiusdem
350 2162 538 2221 utilitatibus
553 2170 583 2221 et
599 2163 795 2236 pertinenciis
813 2163 973 2234 universis,
990 2162 1119 2237 prefatis
1137 2163 1287 2221 fratribus
1302 2165 1461 2224 actoribus

189 2267 435 2327 readiudicantes
459 2274 489 2327 et
504 2271 632 2328 restatui
655 2269 884 2328 committentes
909 2268 948 2327 de
972 2270 1152 2343 prescriptis
1175 2271 1380 2344 proventibus
1403 2287 1461 2345 per

190 2373 348 2448 prefatum
371 2376 404 2433 in
419 2391 545 2433 causam
569 2381 736 2435 attractum
771 2375 865 2433 modo
897 2378 1049 2449 premisso
1073 2374 1210 2435 indebite
1234 2377 1390 2451 perceptis
1413 2392 1459 2435 se·

191 2480 328 2538 cundum
368 2480 592 2540 limitacionem
627 2487 837 2556 proventuum
873 2480 1057 2539 eorumdem
1091 2481 1246 2540 mediante
1278 2480 1454 2559 juramento

189 2587 303 2660 prioris
326 2593 379 2645 aut
402 2587 572 2661 superioris
605 2595 775 2646 conventus
799 2587 928 2645 claustri
951 2587 1083 2662 predicti
1107 2595 1137 2644 et
1160 2588 1390 2646 coniuratorum
1414 2589 1456 2647 ei·

188 2692 298 2751 usdem
321 2692 434 2765 fiendo,
457 2709 513 2767 per
536 2694 614 2751 alias
645 2694 765 2752 litteras
787 2701 908 2751 nostras
931 2694 1077 2752 similiter
1100 2692 1348 2766 adiudicatorias,
1370 2693 1455 2770 jura·

189 2799 348 2870 mentales,
372 2814 429 2874 per
451 2799 571 2858 dictum
594 2798 624 2857 in
648 2816 773 2858 causam
804 2806 972 2858 attractum
995 2799 1113 2857 eisdem
1136 2800 1293 2857 actoribus
1317 2799 1456 2859 debitam

187 2905 433 2965 satisfaccionem
456 2906 596 2980 impendi
619 2907 733 2965 debere
757 2905 963 2965 decernentes.
988 2906 1136 2964 Nolentes
1159 2906 1258 2964 eciam
1281 2907 1450 2980 premissos

188 3018 444 3085 presumptuosos
467 3020 554 3070 actus
575 3013 782 3086 potenciarios
804 3013 902 3086 ipsius
925 3011 1074 3095 Johannis
1097 3011 1249 3070 Horwath
1272 3027 1329 3085 per
1352 3013 1457 3087 ipsum

187 3095 296 3178 ordine
319 3127 550 3193 prememorato
574 3126 713 3193 patratos
736 3127 766 3177 et
782 3119 965 3178 commissos
988 3118 1172 3192 simpliciter
1185 3125 1214 3175 et
1238 3119 1367 3194 impune
1382 3134 1456 3193 per-

186 3225 327 3295 transire,
362 3241 400 3284 ne
423 3226 478 3284 alii
510 3227 551 3283 ab
575 3226 684 3284 eodem
708 3226 880 3301 exemplati
904 3225 942 3283 ad
966 3225 1143 3282 consimiles
1167 3225 1347 3283 temerarios
1371 3229 1457 3300 actus

188 3332 393 3404 potenciarios
415 3332 652 3392 committendos
676 3350 708 3390 se
731 3348 888 3407 apponere
922 3339 1145 3407 presummant,
1171 3331 1255 3406 quod
1279 3325 1457 3409 (quatenus)

186 3436 325 3496 eiusdem
345 3438 464 3511 penalis
488 3437 619 3496 affliccio
639 3439 797 3512 quoslibet
813 3441 854 3498 ab
877 3438 1092 3497 huiuscemodi
1118 3438 1238 3496 actibus
1261 3438 1458 3512 potenciariis

186 3543 402 3617 perpetrandis
425 3551 537 3602 terreat
560 3554 590 3601 et
613 3545 758 3615 retrahat,
775 3546 946 3618 ceterisque
963 3545 1102 3602 terribile
1118 3543 1206 3602 cedat
1219 3542 1250 3602 in
1265 3544 1457 3630 exemplum,

186 3649 376 3722 prelibatum
392 3650 566 3734 Johannem
584 3652 736 3709 Horwath
760 3653 789 3708 in
814 3667 940 3709 causam
963 3658 1129 3709 attractum
1154 3652 1184 3708 in
1208 3650 1289 3709 facto
1321 3651 1457 3724 potenci-

185 3754 252 3813 ario
275 3770 312 3812 ex
334 3771 432 3828 eoque
449 3757 480 3814 in
504 3757 727 3831 quinquaginta
751 3758 864 3815 marcis
887 3758 1131 3829 homagialibus,
1154 3756 1301 3815 ducentos
1325 3757 1457 3816 florenos

185 3861 254 3918 auri
271 3861 481 3934 sordentibus,
499 3862 589 3921 dictis
604 3863 762 3921 actoribus
778 3862 939 3920 dumtaxat
957 3863 1095 3937 persolvi
1108 3861 1257 3920 debendis
1279 3863 1457 3922 convictum

185 3972 216 4024 et
239 3975 446 4039 aggravatum
470 3967 536 4026 fore
552 3970 790 4043 pronunciantes
806 3977 836 4027 et
859 3969 1097 4039 committentes,
1121 3976 1258 4028 vestram
1281 3969 1456 4028 amiciciam

187 4073 384 4146 presentibus
415 4075 550 4148 petimus
578 4075 753 4148 diligenter,
785 4084 935 4148 quatenus
965 4082 1104 4133 vestrum
1136 4075 1265 4134 mittatis
1298 4074 1458 4134 hominem

184 4192 244 4253 pro
276 4179 452 4237 testimonio
484 4179 546 4238 fide
577 4179 715 4253 dignum,
748 4197 810 4254 quo
844 4188 986 4256 presente
1017 4197 1096 4239 unus
1127 4180 1179 4238 vel
1203 4181 1266 4239 duo
1289 4197 1327 4240 ex
1350 4181 1457 4240 electis

184 4291 214 4342 et
234 4281 346 4358 juratis
368 4285 528 4344 nobilibus
552 4288 716 4346 comitatus
740 4290 957 4362 zagrabiensis,
981 4295 1142 4362 tamquam
1164 4289 1260 4347 homo
1281 4294 1394 4362 noster,
1418 4287 1457 4347 de

183 4390 257 4448 sede
279 4397 383 4448 nostra
406 4389 565 4465 judiciaria
589 4408 645 4467 per
668 4408 724 4452 nos
747 4393 785 4450 ad
811 4394 841 4451 id
867 4394 1042 4469 specialiter
1066 4395 1275 4466 transmissus,
1291 4396 1394 4470 primo
1416 4392 1457 4452 ad

195 4497 277 4554 acies
303 4502 464 4571 prenotate
487 4500 688 4572 possessionis
704 4500 870 4576 Zthnpnyk
894 4502 925 4559 in
950 4499 1070 4575 prefato
1094 4501 1242 4559 comitatu
1266 4502 1457 4575 zagrabiensj

183 4601 299 4674 habite,
322 4612 606 4678 consequenterque
630 4606 782 4664 antedicte
806 4608 899 4666 tercie
916 4609 1013 4680 partis
1036 4606 1304 4680 eiusdem,vicinis
1327 4614 1357 4665 et
1373 4623 1457 4667 com·

183 4710 333 4767 metaneis
365 4709 429 4768 suis
461 4712 615 4769 universis
647 4713 724 4799 inibi
754 4714 908 4786 legittime
933 4712 1111 4772 convocatis
1134 4724 1164 4770 et
1187 4713 1383 4786 presentibus
1407 4729 1456 4772 ac·

183 4812 330 4888 cedendo,
354 4815 485 4874 eandem
507 4818 636 4876 terciam
666 4823 788 4893 partem
820 4819 917 4894 ipsius
948 4819 1150 4892 possessionis
1173 4819 1339 4894 Zthnpnyk
1361 4820 1456 4879 simul

181 4935 256 4979 cum
278 4921 431 4981 universis
455 4923 595 4982 eiusdem
618 4924 809 4984 utilitatibus
828 4931 858 4983 et
874 4925 1071 5000 pertinenciis
1095 4924 1290 4999 quibuslibet
1306 4932 1455 4986 restatuat

1352 5048 1392 5108 30
