3278 5348
631 419 704 477 Dor.
727 428 795 493 275.
820 451 862 461 —
885 420 941 476 An.
964 431 1052 497 1472.

780 627 862 698 275.

302 769 384 818 Anno
405 780 480 832 1472,
501 780 542 821 20.
562 769 632 822 maii.
650 770 749 822 Budroe.

192 893 339 964 Matkios,
362 894 541 969 Hungariae
562 903 609 954 etc.
633 916 698 975 rex,
713 899 910 955 communitati
921 898 1047 955 cior'tniis
1062 904 1173 971 ereptos
1177 895 1370 971 possessiones
1384 897 1465 955 Kra-

547 1003 643 1078 ljeoec,
672 1002 763 1079 Ccrjc,
785 1003 925 1079 Kobiljak
945 1011 992 1063 etc.
1015 1002 1115 1060 reddit.

837 1142 879 1190 De
896 1141 1078 1190 commissione
1096 1141 1200 1206 propria
1218 1140 1316 1194 domini
1334 1144 1410 1208 regis.

301 1255 364 1313 Nos
388 1255 520 1312 Mathias
543 1253 593 1312 dei
616 1253 720 1326 gracia
743 1268 799 1311 rex
829 1252 1015 1324 Hungariae,
1048 1251 1194 1310 Bohemie
1225 1259 1280 1312 etc.
1314 1254 1464 1314 Memorio

192 1360 451 1421 commendamus
482 1369 588 1418 tenore
618 1358 813 1434 presencium
844 1357 1061 1431 significantes,
1092 1359 1207 1432 quibus
1237 1358 1364 1435 expedit
1396 1361 1464 1419 uni·

192 1469 300 1527 versis.
324 1466 417 1541 Quod
440 1483 511 1525 cum
535 1466 637 1540 gloria
660 1480 771 1537 regum
795 1465 826 1521 in
848 1463 1048 1522 multitudine
1079 1464 1271 1537 populorum
1303 1481 1339 1523 ac
1369 1465 1463 1525 decus

191 1580 223 1633 et
246 1575 343 1633 robor
372 1588 542 1647 regnorum
573 1572 606 1631 in
635 1556 757 1630 diviciis
788 1585 823 1628 ae
852 1568 1059 1645 amplitudine
1092 1571 1261 1629 consistant
1288 1572 1461 1644 civitatum,

191 1679 320 1755 expedit
343 1680 536 1754 principibus
558 1678 644 1736 omni
666 1677 832 1750 diligencia
855 1675 1014 1735 intendere
1037 1677 1164 1751 populis
1187 1677 1347 1735 servandis
1363 1686 1392 1735 et
1409 1679 1462 1736 be·

190 1786 311 1845 neficiis
344 1785 493 1859 augendis
524 1800 559 1843 ac
590 1773 767 1843 civitatibus
790 1782 1034 1856 magnificandis,
1058 1789 1165 1855 utpote
1189 1800 1227 1840 ex
1250 1783 1363 1856 quibus
1386 1800 1459 1859 pre·

192 1893 288 1950 missa
311 1907 431 1966 regum,
454 1907 622 1965 regnorum
646 1889 811 1949 commoda
834 1888 1012 1963 procedant,
1037 1894 1188 1963 quatenus
1204 1889 1406 1964 principantis
1423 1906 1461 1949 ex

190 1999 251 2057 hoc
266 2004 304 2063 ,et
320 1998 465 2057 laudetur
480 1998 613 2055 discreta
629 1995 830 2072 providencia
847 2001 877 2054 et
892 2002 989 2053 status
1005 1995 1181 2067 utilitatem,
1197 2003 1460 2071 augmentumque

190 2113 301 2163 sumat.
325 2103 393 2178 Qua
417 2101 513 2162 dere
543 2110 631 2177 grata
654 2101 905 2161 consideracione
928 2103 1128 2176 pensavimus
1153 2101 1340 2161 multimoda
1363 2103 1459 2160 servi·

191 2212 313 2269 ciorum
329 2226 450 2283 genera,
468 2226 528 2284 que
544 2210 653 2268 civitas
669 2214 774 2266 nostra
788 2209 903 2266 montis
919 2208 1080 2266 Grecensis
1105 2208 1143 2266 de
1163 2210 1248 2266 iuxta
1265 2208 1460 2282 Zagrabiam,

190 2313 278 2375 cuius
309 2318 391 2374 cives
419 2324 448 2374 et
479 2317 685 2374 communitas
716 2315 987 2390 predecessoribus
1018 2316 1131 2373 nostris
1162 2316 1289 2389 regibus
1312 2321 1342 2373 et
1364 2330 1460 2389 regno

190 2430 298 2481 nostro
331 2423 490 2495 Hungarie
522 2438 558 2480 ac
589 2423 654 2480 eius
684 2437 770 2479 sacre
793 2436 905 2479 corone
928 2437 1052 2496 semper
1075 2422 1194 2494 integra
1217 2427 1319 2480 mente
1340 2421 1459 2495 fideles,

192 2535 227 2587 ut
250 2527 388 2587 veridico
412 2530 587 2587 testimonio
611 2528 767 2599 docemur,
792 2529 930 2603 primum
954 2528 1029 2601 ipsis
1053 2528 1324 2602 predecessoribus
1346 2530 1459 2588 nostris

192 2636 319 2707 regibus
342 2638 373 2692 et
395 2634 520 2693 tandem
543 2635 633 2693 nobis
656 2635 688 2692 in
711 2635 805 2693 rebus
828 2634 959 2692 diversis
981 2642 1011 2692 et
1028 2634 1224 2692 multimodis
1240 2634 1458 2693 diversitatum

189 2747 219 2800 et
243 2757 427 2813 guerrarum
450 2750 591 2814 tempore
614 2740 692 2798 adeo
716 2748 891 2798 constanter
908 2741 1122 2812 exhibuerunt,
1138 2748 1172 2798 ut
1188 2742 1334 2814 quamvis
1350 2742 1455 2816 sepius

189 2848 384 2905 anonnullis
400 2848 516 2923 pravis,
539 2848 640 2919 regios
662 2847 795 2905 honores
818 2863 853 2904 ac
877 2853 992 2905 statum
1009 2849 1266 2922 persequentibus
1291 2848 1374 2920 viris,
1400 2849 1457 2906 im·

190 2954 398 3029 pugnaciones
428 2955 586 3027 pessimas,
617 2953 754 3027 dampna
784 2969 898 3024 rerum,
930 2954 1069 3027 pericula
1093 2968 1296 3026 personarum
1319 2970 1355 3012 ac
1378 2956 1456 3013 alias

190 3060 338 3118 adversas
362 3061 554 3118 calamitates
577 3066 606 3117 et
631 3060 746 3117 multas
769 3060 897 3118 iniurias
929 3061 1129 3133 susceperint,
1160 3075 1319 3134 nunquam
1352 3067 1456 3119 tamen

189 3183 304 3224 avere
338 3166 410 3224 fidei
442 3167 552 3224 semita
582 3166 641 3224 visi
669 3171 740 3224 sunt
771 3166 919 3238 deviasse,
951 3165 1004 3224 sed
1035 3182 1072 3224 eo
1105 3167 1219 3224 clarior
1249 3182 1358 3227 eorum
1379 3167 1456 3225 fides

187 3276 294 3344 evasit,
319 3289 381 3347 quo
405 3273 604 3331 incommoda
632 3274 767 3347 suscepit
791 3275 942 3346 graviora.
967 3273 1239 3332 consideravimus
1256 3288 1379 3347 quoque
1394 3288 1456 3332 non

188 3395 302 3455 parvas
326 3395 476 3454 expensas
499 3380 639 3453 ipsorum
663 3380 779 3438 civium
803 3386 833 3437 et
856 3382 989 3439 civitatis
1013 3380 1157 3455 predicte,
1182 3396 1258 3453 quas
1280 3379 1375 3438 iidem
1397 3394 1455 3454 pro

186 3485 406 3545 conservandis
437 3487 546 3543 castris
580 3487 667 3558 regni
696 3487 794 3544 nostri
825 3487 923 3544 Boane
953 3488 1013 3545 hiis
1036 3486 1232 3560 temporibus
1256 3501 1314 3560 pro
1338 3486 1455 3544 honore

185 3592 284 3650 nostri
304 3592 439 3650 nominis
463 3592 637 3650 liberaliter
660 3597 689 3650 et
712 3595 837 3667 copiose
860 3594 1007 3664 iecerunt,
1031 3610 1089 3667 pro
1114 3595 1227 3667 quibus
1251 3594 1395 3651 omnibus
1419 3608 1454 3651 ac

184 3699 284 3756 eciam
306 3698 337 3755 in
360 3713 594 3772 recompensam
618 3707 648 3757 et
671 3699 917 3758 satisfaccionem
941 3701 1080 3757 omnium
1098 3701 1321 3774 premissorum
1338 3715 1453 3773 expen-

184 3819 290 3862 sarum
321 3805 438 3861 civium
469 3812 499 3862 et
529 3805 663 3863 civitatis
692 3805 838 3880 predicte,
873 3812 902 3863 et
933 3807 1152 3863 nichilominus
1185 3822 1221 3863 eo
1246 3812 1395 3880 respectu,
1419 3813 1454 3863 ut

185 3912 271 3968 cives
294 3909 406 3984 preiati
429 3911 585 3969 civitatem
609 3912 750 3985 ipsorum
774 3913 976 3986 amplificare,
1001 3914 1122 3970 civibus
1146 3918 1176 3969 et
1207 3912 1337 3969 edificiis
1370 3928 1453 3970 com-

186 4017 301 4074 muniri
331 4017 463 4087 valeant,
501 4019 707 4089 possessiones
739 4019 919 4090 Kralewcz,
951 4019 1080 4091 Caerye,
1113 4018 1257 4090 Kobilya,
1292 4017 1451 4090 Stvyblya,

186 4123 293 4194 Narth,
324 4123 516 4196 Petrowyna,
548 4121 759 4197 Sillakowyna
788 4133 817 4183 et
848 4126 1009 4198 Hrasehya
1040 4130 1174 4194 vocatas,
1198 4126 1324 4182 omnino
1347 4125 1378 4182 in
1403 4139 1452 4181 co·

186 4231 296 4288 mitatu
320 4231 511 4302 zagrabiensi
544 4231 715 4300 existentes,
754 4233 883 4302 habitas,
919 4233 948 4289 in
985 4246 1118 4304 quarum
1152 4229 1282 4304 pacifico
1314 4230 1452 4288 dominio

184 4334 297 4410 prefati
330 4336 412 4392 cives
444 4335 676 4409 predecessores
706 4354 778 4395 suos
809 4339 849 4395 ab
880 4340 1007 4410 antiquo
1039 4336 1217 4410 perstitisse,
1248 4336 1301 4394 sed
1326 4338 1451 4395 tandem

183 4441 338 4515 preteritis
362 4440 587 4500 disturbiorum
612 4445 806 4517 temporibus
829 4460 884 4517 per
896 4444 1062 4501 nonnullos
1079 4442 1251 4499 detentores
1268 4443 1451 4502 earumdem

184 4547 451 4627 qualitercumque
468 4549 569 4606 minus
594 4550 671 4606 iuste
694 4551 734 4607 ab
758 4551 826 4624 ipsa
851 4552 974 4607 civitate
998 4556 1103 4607 nostra
1126 4555 1291 4623 occupatas
1324 4555 1354 4607 et
1377 4550 1450 4607 alie-

182 4660 270 4710 natas
294 4651 360 4710 iore
384 4660 533 4713 asserunt.
558 4655 635 4712 Item
660 4662 760 4713 totum
784 4663 813 4714 et
835 4671 927 4714 omne
950 4657 997 4713 ius
1013 4663 1155 4713 nostrum
1171 4655 1300 4728 regium,
1324 4656 1448 4729 siquod

183 4761 215 4818 in
238 4758 367 4831 prefatis
390 4762 635 4834 possessionibus
659 4764 929 4836 qualitercumque
952 4762 1147 4832 haberemus,
1171 4767 1226 4819 aut
1248 4769 1387 4820 nostram
1412 4778 1450 4820 ex

182 4864 432 4940 quibuscumque
455 4869 561 4940 causis,
586 4868 653 4940 viis,
671 4869 781 4942 modis,
806 4876 836 4927 et
850 4868 1028 4928 racionibus
1038 4873 1235 4927 concerneret
1247 4869 1448 4940 maiestatem,
