3278 5348
609 403 684 464 Doc.
703 417 775 481 313.
800 437 842 446 -
866 404 923 461 An.
946 397 1036 480 1478.
1390 417 1451 479 393

182 618 376 691 huiusmodi,
408 618 447 677 de
476 618 607 678 articulo
641 618 681 677 ad
715 619 891 691 articulum,
926 616 1192 692 quemadmodum
1223 632 1328 675 coram
1358 618 1453 676 maie·

183 732 265 787 state
288 731 393 785 nostra
421 725 583 801 proposite
613 732 691 797 sunt,
725 725 867 784 revidere
898 732 928 783 et
962 726 1043 782 iusto
1077 723 1153 782 iuris
1187 722 1294 782 ordine
1317 722 1454 783 diffinire

184 832 335 903 debeatis,
359 832 505 891 facientes
528 847 572 904 ea,
589 848 649 906 que
665 831 829 892 iudicando
853 830 1059 903 decreveritis,
1076 845 1132 904 per
1148 836 1251 903 partes
1274 830 1358 904 ipsas
1381 846 1454 888 cum

185 940 336 999 omnibus
370 940 516 997 oneribus
546 946 576 997 et
608 939 845 1011 gravaminibus
879 938 1011 996 firmiter
1039 937 1200 995 observari
1227 945 1330 995 nostre
1358 938 1453 995 maie·

184 1047 275 1105 statis
290 1047 322 1104 in
338 1061 469 1120 persona
487 1050 517 1105 et
543 1047 733 1118 auctoritate,
761 1046 955 1120 presentibus
987 1045 1077 1102 vobis
1107 1045 1138 1102 in
1169 1045 1226 1101 hac
1258 1048 1346 1119 parte
1369 1045 1454 1102 attri-

184 1153 265 1211 buta
293 1159 322 1210 et
336 1153 458 1212 iusticia
489 1151 653 1210 mediante.
686 1150 781 1209 Secus
815 1167 876 1210 non
911 1150 1029 1209 facturi.
1064 1151 1261 1208 Presentibus
1297 1150 1451 1225 perlectis,

186 1259 348 1319 exhibenti
370 1259 527 1318 restitutis.
561 1259 678 1317 Datum
699 1257 783 1316 Bude
807 1257 939 1317 infesto
964 1257 1046 1315 beati
1071 1257 1235 1315 Adalherti
1259 1257 1397 1331 episcopi
1420 1260 1451 1314 et

183 1364 331 1424 martiris.
355 1368 445 1424 Anno
476 1364 595 1424 domini
626 1365 795 1423 millesimo
824 1364 1126 1439 quadringentesimo
1150 1364 1379 1438 septuagesimo
1403 1377 1454 1420 oc-

183 1476 268 1529 tavo.
291 1471 470 1544 Regnorum
499 1475 677 1530 nostrorum
707 1471 866 1545 Hungarie
893 1476 950 1531 etc.
982 1485 1063 1527 anno
1086 1456 1237 1542 vigesimo
1260 1471 1373 1545 primo,
1395 1467 1452 1527 Bo-

186 1577 294 1635 hemie
316 1592 391 1636 vero
414 1591 503 1637 nono.

975 1676 1085 1726 Relacio
1104 1677 1200 1725 domini
1220 1676 1380 1727 thesaurarii.

294 1850 427 1916 Originale
445 1854 473 1902 in
491 1853 586 1905 charta
598 1855 637 1909 ¹In
655 1854 770 1919 margine
788 1853 903 1904 interiori
922 1853 1076 1918 impressum
1094 1860 1133 1902 est
1152 1851 1274 1916 sigillum,
1293 1854 1326 1901 In
1335 1851 1455 1901 archivio
1535 1878 1538 1883 ·

188 1940 237 1994 lib.
257 1957 311 2005 reg.
330 1942 399 1995 civit.
417 1942 518 2006 zagrab.

775 2175 857 2240 313.

295 2315 376 2364 Anno
397 2315 472 2379 1478,
495 2327 503 2364 t
509 2326 533 2381 5.
550 2316 633 2381 Junii.
651 2316 749 2368 Budae.

187 2425 332 2497 Malhths,
362 2393 541 2498 Hunganhc
569 2433 617 2486 etc.
647 2443 711 2495 rex,
742 2426 870 2484 omnibus
899 2433 1039 2484 taxarum
1071 2423 1245 2482 dictatoribus
1266 2429 1295 2479 et
1314 2420 1455 2479 contribu-

187 2532 297 2591 tionum
328 2530 507 2588 exactoribus
535 2521 688 2601 interdicit,
717 2549 753 2588 nc
781 2550 801 2588 a
824 2532 978 2607 fratribus
1008 2530 1118 2589 ordinis
1140 2530 1379 2594 Praedicatorunv
1403 2527 1455 2585 tri-

695 2637 792 2696 butum
814 2638 941 2712 exigant.

296 2781 359 2840 Nos
388 2782 519 2841 Mathias
553 2781 603 2841 d'ei
632 2783 737 2856 gracia
768 2798 823 2840 rex
854 2783 1021 2856 Hungarie‚
1055 2782 1200 2839 Bohemie
1223 2787 1279 2839 etc.
1304 2780 1454 2838 Memorie

189 2888 446 2948 commendamus
469 2895 573 2946 tenore
592 2889 787 2963 presencium
804 2889 1010 2962 significantes
1023 2889 1137 2962 quibus
1153 2887 1278 2961 expedit
1293 2887 1454 2945 universis.

188 2994 279 3069 Quod
304 3010 360 3054 nos
384 3001 546 3069 pensantes
569 2996 731 3053 honestam
755 2997 853 3054 vitam
876 3004 907 3053 et
930 2996 1132 3054 devocionem
1155 2995 1375 3067 religiosorum
1392 2992 1453 3051 fra-

188 3108 273 3159 trum
305 3100 556 3159 Praedicatorum
588 3101 706 3159 ordinis
737 3102 819 3159 beati
850 3102 1006 3160 Dominici
1038 3100 1222 3159 confessoris
1253 3102 1285 3159 in
1315 3100 1452 3158 claustro

187 3207 285 3266 sancti
309 3206 429 3265 Nicolai
451 3215 536 3265 extra
562 3223 669 3265 muros
691 3209 825 3267 civitatis
839 3215 943 3266 nostre
960 3209 1072 3266 montis
1089 3208 1250 3267 Grecensis
1266 3215 1450 3279 construct0,

190 3313 384 3386 degencium;
407 3314 521 3387 quibus
537 3330 575 3372 ex
588 3314 724 3388 suscepti
738 3316 835 3372 nostri
853 3316 1011 3387 regiminis
1027 3314 1132 3372 officio
1148 3317 1237 3372 sicuti
1254 3315 1324 3372 aliis
1339 3314 1452 3373 nostris

188 3420 323 3477 subditis
345 3420 378 3479 in
401 3435 509 3478 eorum
532 3421 766 3478 necessitatibus
789 3421 833 3478 sic
856 3438 919 3479 non
941 3422 1043 3478 minus
1068 3430 1097 3480 et
1121 3423 1196 3495 ipsis
1219 3421 1377 3494 iratribus,
1401 3438 1451 3479 eo·

187 3542 321 3599 rumque
343 3526 475 3584 comodo
499 3533 529 3584 et
552 3527 679 3585 utilitati
701 3543 880 3586 succurrere
903 3533 933 3585 et
956 3528 1121 3603 providere
1146 3529 1245 3602 parati
1276 3545 1400 3599 sumus;
1424 3535 1454 3588 et

187 3632 261 3690 licet
285 3631 492 3690 mediantibus
515 3632 627 3691 litteris
642 3634 756 3691 nostris
772 3633 1021 3707 privilegialibus
1038 3634 1149 3694 exinde
1165 3634 1319 3707 coniectis,
1336 3635 1451 3693 eisdem

186 3737 220 3797 irl
244 3745 274 3796 et
297 3739 364 3809 hoc,
388 3746 421 3796 ut
446 3739 506 3813 ipsi
529 3747 661 3813 propter
684 3746 803 3797 metum
826 3755 861 3798 ac
895 3742 1021 3798 crebros
1053 3742 1185 3799 insultus
1216 3750 1246 3799 et
1279 3743 1453 3800 invasiones

187 3844 374 3915 Turcorum,
404 3860 460 3919 per
491 3860 570 3919 quos
600 3860 619 3902 a
649 3844 817 3904 devocione
848 3861 955 3904 eorum
987 3864 1061 3921 sepe
1096 3849 1199 3921 sepius
1232 3848 1452 3919 distrahuntur,

186 3950 307 4010 dictum
331 3966 456 4025 quoque
479 3966 588 4009 eorum
611 3953 833 4010 monasterium
855 3969 1012 4011 summam
1036 3955 1120 4011 venit
1151 3955 1182 4010 in
1214 3953 1452 4025 desolacionem,

185 4058 361 4116 claustrum
384 4072 500 4115 novum
526 4073 713 4131 procorum
738 4061 950 4133 tranquilitate
973 4067 1003 4119 et
1026 4061 1241 4134 ampliacione,
1265 4061 1296 4118 in
1320 4076 1382 4134 quo
1406 4059 1452 4118 di·

184 4165 297 4222 vinum
319 4162 459 4221 officinm
480 4164 582 4238 quiete
606 4180 753 4239 peragere
776 4167 908 4239 valeant,
932 4167 970 4224 de
993 4167 1113 4224 duabus
1136 4168 1324 4225 sessionibus
1358 4183 1451 4242 penes

186 4268 304 4328 dictam
337 4269 491 4343 capellam
524 4271 613 4328 beate
648 4272 814 4330 Katherine
845 4273 925 4330 intra
949 4289 1055 4331 muros
1079 4274 1158 4331 dicte
1182 4274 1315 4332 civitatis
1339 4274 1453 4331 montis

185 4375 350 4435 Grecensis
383 4374 558 4434 adiacentes
590 4392 647 4451 pro
679 4392 787 4436 eorum
818 4379 1012 4437 habitacione
1044 4380 1083 4437 arl
1108 4381 1260 4438 maiorem
1283 4378 1452 4438 eorundem

185 4480 390 4541 devocionem
412 4460 608 4540 excitandam
633 4491 662 4541 et
692 4484 929 4542 continuandam
953 4486 1071 4557 erigere
1094 4488 1232 4559 graciose
1255 4488 1452 4545 annuerimus

184 4594 219 4647 et
241 4588 490 4647 concesserimus,
513 4588 631 4647 Tamen
652 4606 734 4647 nunc
757 4592 896 4649 volentes
929 4591 1046 4648 dictum
1071 4608 1186 4649 novum
1210 4594 1382 4651 claustrum
1406 4594 1452 4668 ip·

185 4708 295 4753 sorum
319 4693 497 4767 aliquarum
521 4695 702 4754 libertatum
727 4699 933 4770 prerogativis
957 4698 1067 4757 fulcire
1090 4706 1120 4757 et
1144 4700 1298 4771 decorare,
1322 4707 1388 4758 tum
1410 4701 1452 4758 ob

183 4815 275 4875 spem
289 4808 319 4859 et
331 4799 541 4873 devocionem,
555 4818 649 4875 quam
673 4818 746 4875 erga
761 4804 886 4862 beatam
902 4805 1102 4864 Katherinam
1118 4808 1273 4879 virginem
1288 4808 1450 4876 habemus,

183 4912 254 4967 tum
267 4907 366 4966 eciam
386 4908 607 4966 nonnullorum
625 4908 766 4967 fidelium
781 4916 959 4970 nostrorum
975 4913 1139 4973 humilime
1154 4913 1396 4989 supplicacionis
1408 4916 1450 4977 in·
