3278 5348
628 403 701 464 Doc.
722 415 772 479 97.
799 434 838 445 —
864 400 920 458 An.
944 392 1034 477 1436.

792 612 853 682 97.

295 738 376 810 sinuo
401 759 476 823 1436,
501 769 541 811 12.
561 759 685 822 Augusti.
703 757 827 821 Iglariae.

181 886 404 962 sigismundus,
437 887 615 961 Hungariac
644 894 694 948 esc.
724 904 787 955 rex,
809 884 982 942 Mathonem
1010 885 1141 942 Talovac
1171 883 1277 940 bonum
1300 879 1457 953 temperat,

177 993 271 1070 quod
284 993 428 1078 litigiosos
443 994 579 1070 quosdam
595 1012 683 1068 agros
697 993 823 1068 capitulo
838 993 1022 1066 eugubiensi
1034 990 1220 1067 adjudicavit,
1246 989 1457 1061 litigatoresque

671 1101 702 1158 in
723 1119 806 1158 suum
821 1101 877 1176 jus
898 1100 975 1158 citat.

804 1238 959 1287 Commissio
978 1238 1081 1302 propria
1100 1236 1198 1286 domini
1216 1235 1385 1301 imperatoris.

294 1352 513 1427 Sigismundus
536 1352 586 1411 dei
608 1352 712 1426 gracia
735 1352 949 1409 Romanorum
965 1350 1144 1423 imperator,
1157 1364 1282 1423 semper
1297 1352 1456 1419 augustus,

194 1475 229 1519 ac
252 1461 425 1532 llungarie,
449 1459 603 1528 Bohemie,
625 1458 795 1526 Dalmacie,
812 1458 938 1517 Croacie
954 1464 1009 1515 etc.
1023 1473 1086 1514 rex.
1105 1455 1206 1512 Fideli
1227 1457 1333 1511 nostro
1357 1453 1456 1510 Math-

192 1565 264 1625 koni
289 1564 328 1623 de
351 1565 499 1623 Tallouca
519 1579 687 1637 regnorum
713 1570 892 1623 nostrorum
915 1563 1084 1633 Dalmacie‚
1101 1562 1228 1619 Croacie
1249 1565 1279 1616 et
1294 1558 1457 1617 Sclauonie

189 1672 270 1729 bano
291 1672 426 1746 salutem
450 1677 479 1728 et
502 1671 646 1744 graciam.
670 1670 835 1728 Venientes
854 1675 994 1754 nostrum
1018 1671 1050 1727 in
1073 1673 1272 1741 conspectum
1311 1663 1455 1740 providi:

192 1777 385 1850 Valentinus,
419 1776 503 1835 filius
526 1776 575 1835 Isk
598 1781 629 1836 et
649 1777 794 1860 Jacobus,
828 1776 913 1834 filius
944 1774 1101 1858 Johannis‚
1131 1751 1205 1831 dicti
1239 1772 1335 1843 Bolia,
1363 1769 1458 1847 jurati

188 1885 271 1942 cives
294 1890 398 1943 nostre
421 1885 554 1943 civitatis
576 1883 792 1956 zagrabiensis,
816 1885 956 1957 ipsorum
980 1897 1016 1939 ac
1038 1882 1254 1939 universorum
1277 1879 1394 1936 civium
1410 1883 1455 1947 ,et

188 1991 348 2066 hospitum
383 1990 521 2049 eiusdem
555 1967 689 2048 civitatis
720 1994 824 2048 nostre
859 1988 1065 2062 zagrabiensis
1099 1988 1131 2044 in
1174 1985 1322 2060 personis,
1352 1989 1455 2042 nostre

189 2104 400 2172 exposuerunt
433 2097 587 2154 maiestati
621 2096 817 2154 lamentabili
852 2111 923 2153 cum
959 2095 1095 2168 querela,
1130 2091 1268 2167 quomdo
1303 2098 1336 2148 tu
1375 2091 1456 2148 circa

189 2203 302 2263 festum
326 2204 416 2262 beate
450 2203 645 2277 Margarethe
678 2204 809 2276 virginis
839 2208 868 2261 et
897 2203 1043 2272 martiris,
1085 2201 1228 2275 proxime
1262 2197 1455 2272 preteritum,

192 2310 345 2384 quasdam
368 2315 465 2368 terras
487 2311 632 2382 arabiles,
666 2316 756 2385 prata
779 2316 809 2367 ct
845 2310 959 2380 senilia,
993 2308 1090 2366 silvas
1106 2311 1136 2365 et
1170 2306 1280 2365 rubeta
1314 2306 1455 2378 ipsorum

191 2416 307 2475 civium
330 2426 509 2474 nostrorum
531 2415 570 2474 ad
595 2415 766 2490 predictam
788 2417 945 2474 civitatem
969 2419 1107 2473 nostram
1122 2413 1354 2486 zagrabiensem
1370 2427 1455 2485 spec-

191 2525 353 2597 tamesin
389 2538 523 2598 quarum
557 2525 661 2599 quieto
692 2523 831 2581 dominio
866 2525 934 2597 ipsa
966 2522 1075 2580 civitas
1109 2525 1215 2578 nostra
1248 2534 1266 2576 a
1302 2517 1455 2576 diuturnis

190 2631 395 2705 temporibus,
419 2632 505 2689 cuius
528 2631 718 2689 contrarium
741 2630 893 2688 memoria
915 2629 1078 2687 hominum
1098 2642 1160 2685 non
1184 2631 1286 2701 potest
1301 2639 1456 2697 enarrare,

189 2738 340 2795 extitisset
363 2743 393 2795 et
417 2737 541 2795 easdem
565 2737 760 2811 possedisset,
795 2737 932 2810 capitulo
967 2735 1095 2794 ecclesie
1125 2733 1316 2807 zagrabiensi
1350 2731 1454 2791 minus

191 2843 268 2902 iuste
292 2848 323 2902 et
345 2843 484 2903 indebite
507 2850 538 2902 et
559 2843 678 2918 absque
702 2845 772 2918 lege
794 2844 961 2913 statuisses,
997 2849 1027 2899 et
1049 2841 1131 2900 idem
1155 2839 1330 2913 capitulum
1354 2839 1385 2896 in
1408 2839 1455 2913 ip-

189 2965 294 3009 sarum
318 2949 491 3009 dominium
519 2949 741 3010 introduxisses
776 2952 808 3009 in
841 2949 1048 3024 preludicium
1091 2954 1120 3007 et
1157 2946 1234 3022 juris
1266 2945 1454 3019 derogamen

190 3055 270 3115 dicte
293 3057 427 3116 civitatis
449 3064 553 3115 nostre
577 3056 670 3115 valde
693 3071 852 3130 magnum,
889 3057 987 3115 immo
1011 3057 1115 3114 verius
1136 3056 1167 3113 in
1202 3053 1370 3128 specialem
1393 3052 1455 3111 dis·

191 3163 378 3236 plicenciam
401 3167 505 3221 nostre
527 3164 706 3222 maiestatis.
728 3163 765 3220 Et
790 3163 862 3236 quia
895 3177 953 3221 nos
987 3162 1158 3236 predictam
1193 3175 1319 3218 causam
1351 3167 1454 3234 partes

190 3269 268 3328 inter
292 3275 478 3343 prenotatas,
502 3268 578 3327 dum
601 3269 659 3327 deo
681 3269 807 3328 volente
831 3270 863 3328 in
885 3284 981 3342 regno
1004 3275 1110 3326 nostro
1133 3268 1292 3340 Hungarie
1309 3267 1454 3324 constitu·

190 3390 278 3434 emur
301 3376 477 3434 examinare
501 3376 648 3433 volumus
672 3380 702 3434 et
724 3374 807 3452 justo
829 3374 906 3451 juris
927 3377 1050 3434 tramite
1066 3375 1194 3448 propria
1209 3380 1315 3432 nostra
1338 3375 1367 3432 in
1385 3391 1454 3448 per-

190 3495 262 3539 sona
277 3481 465 3554 adiudicare,
480 3481 550 3540 ideo
573 3481 718 3540 fidelitati
732 3487 783 3541 tue
798 3482 977 3540 firmissime
994 3482 1183 3556 precipimus
1209 3487 1238 3537 et
1261 3479 1453 3551 mandamus,

189 3596 340 3661 quatenus
361 3589 466 3647 statim
489 3589 621 3662 receptis
644 3589 846 3661 presentibus,
870 3588 997 3646 excluso
1021 3587 1161 3661 predicto
1184 3586 1322 3660 capitulo
1346 3601 1451 3659 zagru-

189 3694 288 3753 biensi
311 3693 350 3752 de
373 3693 511 3752 dominio
533 3700 744 3768 protactarum
760 3701 913 3753 terrarum
929 3695 1106 3765 arabilium,
1122 3700 1293 3767 pratorum,
1310 3693 1454 3753 senilium

189 3802 342 3860 silvarum
365 3806 396 3859 et
417 3802 610 3874 rubetorum,
627 3818 733 3860 rursus
756 3808 786 3860 et
809 3803 920 3860 iterum
945 3807 1134 3860 memoratos
1157 3802 1239 3860 cives
1264 3807 1294 3859 et
1317 3802 1454 3877 hospites

189 3907 316 3966 iamsate
350 3909 483 3967 civitatis
516 3914 621 3967 nostre
643 3910 853 3982 zagrabiensis
876 3910 907 3967 in
931 3909 1104 3967 dominium
1128 3909 1268 3982 ipsarum
1299 3917 1453 3969 terrarum

189 4015 367 4087 arabilium,
403 4021 574 4089 pratorum,
606 4015 756 4087 senilium,
791 4017 944 4075 silvarum
978 4022 1008 4074 et
1040 4016 1224 4074 rubetorum
1258 4033 1315 4090 per
1349 4025 1386 4084 te,
1420 4023 1453 4073 ut

190 4119 369 4193 predicitur,
381 4120 463 4179 dicto
479 4121 617 4194 capitulo
633 4122 824 4195 zagrabiensi
840 4127 1025 4180 statutarum
1038 4122 1267 4180 reintroducere
1283 4128 1312 4180 et
1329 4121 1452 4179 easdem

189 4226 266 4299 ipsis
287 4232 456 4285 restatuere
480 4227 669 4302 eosdemque
698 4230 731 4287 in
761 4229 899 4288 dominio
934 4231 1073 4303 ipsarum
1104 4236 1210 4288 contra
1240 4235 1270 4286 et
1304 4227 1453 4286 adversus

190 4333 383 4406 prelibatum
406 4334 580 4408 capitulum
602 4337 801 4408 zagrabiense
816 4342 984 4411 protegere,
1002 4338 1078 4396 tueri
1103 4344 1134 4395 et
1157 4335 1316 4394 defensare
1339 4333 1453 4392 debeas

190 4440 373 4498 auctoritate
395 4447 499 4499 nostre
522 4442 690 4501 maiestatis
706 4443 763 4502 tibi
786 4444 981 4517 presentibus
1004 4445 1152 4502 attributa
1175 4440 1336 4499 mediante.
1360 4441 1453 4498 Com·

191 4544 329 4605 ruitendo
353 4545 469 4604 eisdem
493 4547 644 4622 partibus,
668 4549 782 4623 quibus
804 4557 834 4608 et
856 4565 913 4608 nos
936 4566 993 4623 per
1023 4553 1179 4624 presentes
1213 4546 1345 4606 firmiter
1369 4562 1454 4606 com-

191 4651 354 4723 mittimus,
378 4659 410 4709 ut
432 4653 501 4727 ipse
523 4653 615 4712 ambe
638 4661 742 4729 partes
765 4656 797 4714 in
819 4657 930 4730 primis
952 4656 1077 4725 octavis,
1101 4661 1268 4728 postquam
1292 4653 1350 4713 deo
1373 4653 1452 4713 duce

187 4770 246 4816 nus
262 4744 382 4817 'abhinc
403 4759 589 4818 revertendo
612 4761 691 4820 intra
707 4763 860 4821 ambitum
875 4763 963 4835 regni
977 4762 1077 4821 nostri
1088 4762 1247 4834 llungarie
1262 4761 1452 4834 ubicumque

188 4864 414 4925 constituemur
429 4866 608 4927 celebrandi
623 4882 728 4927 coram
742 4874 849 4929 nostra
864 4868 1020 4943 personali
1040 4869 1197 4943 presencia
1216 4884 1288 4927 cum
1308 4867 1455 4928 omnibus
