3278 5348
629 102 703 161 Doc.
723 114 778 177 99.
805 133 842 144 -
867 95 1040 178 An.1436.
1405 113 1462 169 125

179 319 354 381 mutuus
372 319 491 379 Datum
505 318 634 394 lglauie,
644 317 786 394 parcium
797 316 945 389 Morauie,
967 315 1000 375 in
1026 315 1135 391 vigilia
1148 314 1218 374 festi
1240 312 1466 392 assumpcionis

181 426 285 486 beate
300 426 400 486 Marie
419 426 550 500 virginis
564 424 709 500 gloriose
733 425 824 483 Anno
840 422 960 483 domini
976 423 1147 481 millesimo
1162 421 1466 496 quadringentesimo

159 532 354 593 ,uicesimo
372 539 472 592 sexto.
493 531 674 606 Regnorum
696 535 884 601 nostrorum,
907 544 988 589 anno
1017 529 1177 602 Hungarie
1199 535 1257 587 etc.
1275 530 1466 604 quinquage-

194 640 289 715 simo,
313 640 528 699 Romanorum
547 638 700 711 vigesimo
724 643 821 708 sexto,
837 637 984 695 Bohemic
1000 636 1096 708 XVil,
1111 636 1237 710 imperii
1252 649 1329 693 vero
1346 637 1465 708 quarto.

301 775 326 823 E
345 780 507 839 transumpto
527 771 658 838 Johannis
682 771 742 825 abb.
766 776 876 822 monast.
894 771 920 822 b.
939 785 963 821 v.
983 771 1091 830 Mariae,
1116 772 1265 836 Zagrabiae,
1283 770 1331 819 ord
1358 769 1466 821 Ciaterc.

194 878 263 914 anno
283 862 361 927 ¹43⁶·
380 863 424 912 die
445 862 486 915 16.
505 863 620 913 octobris
638 869 667 912 ut
684 862 761 914 infre.
780 863 845 913 Dec.
868 872 925 913 101.

794 1039 857 1105 99.

300 1183 384 1233 Auno
405 1182 479 1246 1436,
501 1194 541 1246 13.
560 1181 722 1247 septembris.
738 1182 835 1232 Budae.

195 1308 407 1386 segemundus,
437 1310 615 1384 magartae
643 1317 692 1368 etc.
723 1327 786 1380 rex,
815 1327 899 1366 caves:
928 1309 983 1382 qui
1000 1307 1112 1365 armati
1131 1307 1244 1364 mmeem
1266 1306 1465 1363 triccse'malcm

197 1416 302 1492 mpetu
317 1417 404 1493 secto
421 1417 623 1491 spoliaverunt
633 1422 664 1473 ct
674 1415 811 1473 damnum
826 1427 900 1491 400.
908 1414 1090 1489 florenorum
1106 1415 1343 1488 importaverunt,
1358 1411 1466 1469 acerbis
1490 1477 1493 1483 ¹

341 1523 436 1582 nerbas
458 1523 613 1597 vituperat,
636 1521 811 1596 mandatque
831 1523 877 1591 iis,
901 1521 1051 1578 utstatim
1074 1521 1166 1594 spolio
1189 1519 1318 1577 reddant.

635 1661 677 1709 Ex
695 1659 885 1709 deliberacione
904 1657 1060 1725 prelatorum
1080 1664 1106 1707 et
1123 1657 1249 1707 baronum
1265 1657 1426 1708 vicariorum

301 1770 519 1846 sigismundus
542 1771 592 1830 dei
607 1774 711 1846 gracia
728 1774 941 1831 Romanorum
956 1773 1136 1845 imperator,
1160 1785 1284 1843 semper
1306 1774 1464 1841 augustus,

197 1870 425 1951 ac'Hungarie,
449 1877 604 1951 Bohcmie,
628 1865 798 1949 Dalmacie,
823 1877 951 1936 Croacie
981 1884 1035 1935 etc.
1069 1893 1132 1935 sex.
1162 1875 1322 1935 Fidelibus
1352 1875 1466 1932 nostris

197 1981 303 2060 judici,
325 1981 444 2060 juratis,
468 1984 638 2058 ceterisque
660 1985 781 2043 civibus
804 1992 908 2042 nostre
932 1983 1065 2042 civitatis
1094 1983 1209 2040 montis
1242 1980 1405 2040 Grecensis
1427 1979 1465 2037 de

197 2088 351 2164 Zagrabia
372 2091 506 2147 salutem
529 2095 559 2147 et
582 2090 728 2163 graciam.
752 2089 889 2148 Gravem
912 2089 1074 2166 querelam
1096 2089 1199 2147 fidelis
1224 2089 1321 2147 nostri
1349 2087 1465 2161 egregii

196 2195 352 2255 leonardi
374 2195 492 2269 Noffvy
516 2195 555 2253 de
578 2196 730 2269 Baymocz
754 2196 981 2256 tricesimarum
1004 2203 1034 2254 et
1056 2195 1246 2254 urburarum
1271 2200 1301 2253 et
1332 2193 1466 2252 cesionis
1495 2210 1498 2217 ’

176 2296 395 2360 monetarum
418 2308 595 2359 nostrarum
619 2301 750 2373 comitis
773 2302 948 2361 celsitudini
973 2308 1076 2360 nostre
1099 2316 1135 2359 ac
1157 2299 1286 2375 prelatis
1319 2306 1350 2357 et
1374 2298 1465 2357 baro·

196 2407 289 2467 nibus
315 2405 440 2465 vicariis
462 2407 580 2465 scilicet
602 2408 716 2466 nostris
735 2414 911 2482 porrectam
936 2407 1132 2482 percepimus
1155 2405 1363 2481 displicentcr,
1388 2419 1465 2478 quo·

198 2513 295 2573 modo
318 2528 376 2572 vos
399 2512 511 2572 dicbus
533 2513 702 2572 novissime
732 2515 891 2588 preteritis
926 2515 1090 2572 temeraria
1120 2512 1206 2571 ducti
1227 2512 1465 2586 presumpcione

197 2619 236 2678 ad
259 2620 447 2678 instanciam
471 2626 501 2677 et
525 2620 761 2694 requisicionem
786 2620 946 2679 cuiusdam
971 2620 1059 2679 Pauli
1081 2620 1119 2677 de
1142 2619 1269 2692 Zylagh,
1293 2617 1465 2692 provisoris

197 2727 282 2785 curie
318 2725 507 2801 episcopalis
537 2725 754 2799 zagrabiensis,
789 2728 907 2801 pariter
940 2744 1011 2785 cum
1047 2726 1156 2785 eodem
1191 2725 1231 2783 ad
1261 2725 1380 2783 curiam
1410 2739 1464 2782 seu

199 2831 330 2891 domum
355 2837 494 2890 nostram
517 2833 738 2890 tricesimalem
761 2833 793 2890 in
815 2833 897 2891 dicta
920 2840 1025 2892 nostra
1047 2834 1173 2891 civitate
1190 2831 1284 2889 vestri
1301 2831 1417 2888 scilicet
1433 2830 1464 2888 in

197 2920 308 2997 medio
324 2938 516 3009 existentem,
538 2939 667 2996 armatis
691 2939 835 2997 manibus
859 2945 889 2997 et
912 2939 1111 3013 potenciariis
1127 2939 1286 3009 irruentes,
1300 2936 1463 2994 destructis

198 3045 297 3118 portis
320 3059 375 3102 seu
398 3043 509 3102 hostiis
532 3045 616 3102 curie
640 3049 669 3102 et
692 3044 804 3103 domus
828 3045 1018 3116 eorumdem,
1042 3043 1194 3118 quasdam
1210 3060 1259 3101 res
1283 3049 1311 3100 et
1335 3044 1416 3100 bona
1433 3043 1463 3100 in

198 3150 309 3225 pannis
334 3149 482 3208 barbanis
504 3154 536 3208 ct
557 3150 628 3208 aliis
651 3150 745 3209 rebus
775 3151 1062 3209 mercimonialibus
1096 3150 1305 3221 consistencia,
1332 3165 1388 3222 per
1410 3149 1464 3206 ho·

199 3256 297 3315 mines
320 3260 352 3313 et
374 3254 546 3315 familiares
569 3273 623 3314 seu
647 3258 955 3317 vicctricesimatores
986 3259 1116 3332 pretacti
1151 3257 1276 3314 comitis
1310 3254 1463 3312 Leonardi

199 3363 276 3422 inibi
301 3364 492 3435 constitutos,
516 3364 741 3438 aquibusdam
764 3365 990 3423 mercatoribus
1021 3365 1052 3422 in
1075 3364 1154 3422 falsa
1177 3369 1207 3420 et
1229 3360 1379 3420 indirecta
1413 3363 1463 3418 via

200 3483 269 3527 cum
304 3467 423 3526 eisdem
457 3469 646 3527 clandestine
681 3472 911 3529 transeuntibus
945 3485 963 3528 a
995 3470 1215 3543 solucioneque
1256 3475 1464 3543 proventuum

199 3574 435 3634 tricesimalium
466 3583 571 3634 nostre
600 3576 770 3635 maiestatis
800 3593 833 3635 se
856 3583 886 3634 et
909 3578 993 3651 ipsas
1027 3576 1263 3646 occultantibus,
1294 3573 1386 3643 licite,
1419 3575 1464 3632 uti

200 3678 306 3747 fertur.
330 3686 471 3755 receptas
501 3688 538 3757 et¹
562 3681 676 3756 ablata,
707 3682 875 3742 simulcum
905 3683 1058 3741 universis
1088 3682 1158 3740 aliis
1186 3681 1281 3739 rebus
1312 3685 1342 3737 et
1374 3680 1464 3738 bonis

199 3785 382 3847 eorumdem
406 3786 609 3847 familiarium
633 3787 739 3847 sedet
771 3790 909 3864 pecuniis
944 3805 982 3846 ex
1005 3788 1081 3862 ipsis
1113 3787 1318 3862 proventibus
1350 3786 1465 3844 nostris

200 3893 403 3967 congregatis,
427 3892 607 3967 auferentes,
632 3895 710 3954 duos
733 3912 771 3954 ex
795 3896 912 3954 eisdem
937 3894 1145 3954 familiaribus
1168 3892 1392 3967 captivassetis,
1410 3893 1464 3964 qui

199 4006 229 4058 et
263 4016 346 4059 nunc
381 3999 465 4076 apud
498 4015 555 4059 vos
578 4018 633 4059 seu
668 4002 785 4060 dictum
823 4001 955 4060 Paulum
988 4002 1070 4076 capti
1094 4007 1124 4058 et
1158 3997 1308 4056 vinculati
1343 4011 1465 4054 conser-

199 4117 353 4166 varentur.
377 4105 514 4180 Quidam
549 4123 624 4166 vero
658 4108 713 4167 alii
736 4125 774 4167 ex
808 4107 926 4167 eisdem
961 4107 1169 4166 familiaribus
1211 4103 1308 4177 ipsius
1342 4102 1464 4160 comitis

199 4211 352 4272 Lconardi
375 4220 460 4273 metu
483 4215 654 4273 consimilis
677 4215 866 4289 captivitatis
889 4222 919 4272 et
942 4212 1194 4272 incarceracionis
1217 4208 1354 4285 tactiab
1376 4207 1464 4281 illinc

199 4317 351 4393 fugientes
373 4320 404 4377 in
427 4319 498 4378 aliis
509 4320 679 4394 provinciis
702 4321 923 4395 divagarentur
946 4320 1049 4394 quoad
1072 4333 1208 4394 presens.
1234 4315 1291 4373 Per
1314 4330 1375 4389 que
1393 4328 1464 4388 pre·

199 4425 294 4483 missa
316 4433 421 4485 nostre
432 4424 584 4485 maiestati
611 4442 646 4483 ac
664 4432 801 4501 pret'acto
818 4427 924 4485 comiti
941 4424 1100 4484 Leonardo
1124 4422 1292 4498 plusquam
1315 4419 1465 4494 quadrin-

196 4536 361 4605 gentorum
384 4530 571 4591 florenorum
595 4533 662 4592 auri
675 4532 812 4608 dampna
828 4533 1016 4605 intulissetis,
1033 4530 1117 4605 quod
1135 4512 1248 4601 'utique
1270 4542 1331 4586 non
1355 4526 1459 4585 solum
1481 4506 1489 4587 ¹.
