<?xml version="1.0" encoding="UTF-8"?>
<!DOCTYPE html PUBLIC "-//W3C//DTD XHTML 1.0 Transitional//EN"
    "http://www.w3.org/TR/xhtml1/DTD/xhtml1-transitional.dtd">
<html xmlns="http://www.w3.org/1999/xhtml" xml:lang="en" lang="en">
 <head>
  <title>
</title>
<meta http-equiv="Content-Type" content="text/html;charset=utf-8" />
  <meta name='ocr-system' content='tesseract 3.04.00' />
  <meta name='ocr-capabilities' content='ocr_page ocr_carea ocr_par ocr_line ocrx_word'/>
</head>
<body>
  <div class='ocr_page' id='page_1' title='image "./monumentahistor01laszgoog_0336.png"; bbox 0 0 3278 5348; ppageno 0'>
   <div class='ocr_carea' id='block_1_1' title="bbox 613 438 1017 516">
    <p class='ocr_par' dir='ltr' id='par_1_1' title="bbox 613 438 1017 516">
     <span class='ocr_line' id='line_1_1' title="bbox 613 438 1017 516; baseline 0.005 -22"><span class='ocrx_word' id='word_1_1' title='bbox 613 438 687 498; x_wconf 87' lang='lat' dir='ltr'><strong>Doc.</strong></span> <span class='ocrx_word' id='word_1_2' title='bbox 703 449 759 513; x_wconf 85' lang='lat'><strong>59.</strong></span> <span class='ocrx_word' id='word_1_3' title='bbox 782 470 825 480; x_wconf 91' lang='lat'>—</span> <span class='ocrx_word' id='word_1_4' title='bbox 848 438 904 495; x_wconf 85' lang='lat' dir='ltr'><strong>Ao.</strong></span> <span class='ocrx_word' id='word_1_5' title='bbox 929 452 1017 516; x_wconf 75' lang='lat'><em>1432.</em></span> 
     </span>
    </p>
   </div>
   <div class='ocr_carea' id='block_1_2' title="bbox 795 648 856 715">
    <p class='ocr_par' dir='ltr' id='par_1_2' title="bbox 795 648 856 715">
     <span class='ocr_line' id='line_1_2' title="bbox 795 648 856 715; baseline 0.016 -1"><span class='ocrx_word' id='word_1_6' title='bbox 795 648 856 715; x_wconf 84' lang='lat'><strong>59.</strong></span> 
     </span>
    </p>
   </div>
   <div class='ocr_carea' id='block_1_3' title="bbox 294 809 783 873">
    <p class='ocr_par' dir='ltr' id='par_1_3' title="bbox 294 809 783 873">
     <span class='ocr_line' id='line_1_3' title="bbox 294 809 783 873; baseline 0.002 -16"><span class='ocrx_word' id='word_1_7' title='bbox 294 809 374 857; x_wconf 88' lang='lat' dir='ltr'><strong>Anno</strong></span> <span class='ocrx_word' id='word_1_8' title='bbox 396 820 470 871; x_wconf 84' lang='lat'><strong>1432,</strong></span> <span class='ocrx_word' id='word_1_9' title='bbox 492 820 514 871; x_wconf 86' lang='lat'><strong>3.</strong></span> <span class='ocrx_word' id='word_1_10' title='bbox 533 810 614 873; x_wconf 88' lang='lat' dir='ltr'><strong>Junii.</strong></span> <span class='ocrx_word' id='word_1_11' title='bbox 635 809 783 873; x_wconf 79' lang='lat' dir='ltr'><strong>Zagrabiae.</strong></span> 
     </span>
    </p>
   </div>
   <div class='ocr_carea' id='block_1_4' title="bbox 188 933 1442 1225">
    <p class='ocr_par' dir='ltr' id='par_1_4' title="bbox 188 933 1442 1225">
     <span class='ocr_line' id='line_1_4' title="bbox 188 933 1439 1010; baseline -0.001 -18"><span class='ocrx_word' id='word_1_12' title='bbox 188 935 297 1010; x_wconf 81' lang='lat' dir='ltr'><strong>Legati</strong></span> <span class='ocrx_word' id='word_1_13' title='bbox 316 937 533 994; x_wconf 80' lang='lat' dir='ltr'><em>communitatis</em></span> <span class='ocrx_word' id='word_1_14' title='bbox 554 933 685 995; x_wconf 83' lang='lat' dir='ltr'><strong>‹u&#39;oitotis</strong></span> <span class='ocrx_word' id='word_1_15' title='bbox 707 943 736 992; x_wconf 85' lang='lat' dir='ltr'><strong>et</strong></span> <span class='ocrx_word' id='word_1_16' title='bbox 756 942 876 992; x_wconf 84' lang='lat' dir='ltr'><strong>rectores</strong></span> <span class='ocrx_word' id='word_1_17' title='bbox 891 934 1075 1009; x_wconf 67' lang='lat' dir='ltr'><strong>parochialis</strong></span> <span class='ocrx_word' id='word_1_18' title='bbox 1090 936 1222 994; x_wconf 83' lang='lat' dir='ltr'><strong>ecclcsiae</strong></span> <span class='ocrx_word' id='word_1_19' title='bbox 1237 956 1258 995; x_wconf 93' lang='lat' dir='ltr'><strong>s.</strong></span> <span class='ocrx_word' id='word_1_20' title='bbox 1275 937 1378 995; x_wconf 83' lang='lat' dir='ltr'><strong>Marci</strong></span> <span class='ocrx_word' id='word_1_21' title='bbox 1389 954 1439 994; x_wconf 84' lang='lat' dir='ltr'><strong>cnm</strong></span> 
     </span>
     <span class='ocr_line' id='line_1_5' title="bbox 191 1040 1442 1112; baseline -0.001 -12"><span class='ocrx_word' id='word_1_22' title='bbox 191 1043 312 1111; x_wconf 77' lang='lat' dir='ltr'><strong>Thottta,</strong></span> <span class='ocrx_word' id='word_1_23' title='bbox 335 1042 471 1102; x_wconf 81' lang='lat' dir='ltr'><strong>cntront&#39;co</strong></span> <span class='ocrx_word' id='word_1_24' title='bbox 493 1044 639 1112; x_wconf 63' lang='lat' dir='ltr'><strong>dusmensi,</strong></span> <span class='ocrx_word' id='word_1_25' title='bbox 669 1041 704 1100; x_wconf 85' lang='lat' dir='ltr'><strong>de</strong></span> <span class='ocrx_word' id='word_1_26' title='bbox 733 1043 929 1099; x_wconf 81' lang='lat' dir='ltr'><strong>nottnulnrum</strong></span> <span class='ocrx_word' id='word_1_27' title='bbox 959 1040 1106 1098; x_wconf 82' lang='lat' dir='ltr'><strong>Friderici</strong></span> <span class='ocrx_word' id='word_1_28' title='bbox 1131 1043 1274 1101; x_wconf 76' lang='lat' dir='ltr'><strong>institoris</strong></span> <span class='ocrx_word' id='word_1_29' title='bbox 1308 1063 1401 1101; x_wconf 83' lang='lat' dir='ltr'><strong>rerum</strong></span> <span class='ocrx_word' id='word_1_30' title='bbox 1422 1050 1442 1099; x_wconf 81' lang='lat' dir='ltr'><strong>tt</strong></span> 
     </span>
     <span class='ocr_line' id='line_1_6' title="bbox 299 1148 1347 1225; baseline 0.001 -19"><span class='ocrx_word' id='word_1_31' title='bbox 299 1151 435 1207; x_wconf 84' lang='lat' dir='ltr'><strong>bonorum</strong></span> <span class='ocrx_word' id='word_1_32' title='bbox 458 1151 614 1223; x_wconf 73' lang='lat' dir='ltr'><em>receptione</em></span> <span class='ocrx_word' id='word_1_33' title='bbox 635 1167 732 1206; x_wconf 84' lang='lat' dir='ltr'><strong>corum</strong></span> <span class='ocrx_word' id='word_1_34' title='bbox 755 1150 879 1223; x_wconf 79' lang='lat' dir='ltr'><strong>copt&#39;tttlo</strong></span> <span class='ocrx_word' id='word_1_35' title='bbox 901 1148 1018 1222; x_wconf 79' lang='lat' dir='ltr'><strong>zagrab.</strong></span> <span class='ocrx_word' id='word_1_36' title='bbox 1039 1151 1199 1222; x_wconf 72' lang='lat' dir='ltr'><em>pactionem</em></span> <span class='ocrx_word' id='word_1_37' title='bbox 1216 1151 1347 1225; x_wconf 83' lang='lat' dir='ltr'><strong>fuciunt.</strong></span> 
     </span>
    </p>
   </div>
   <div class='ocr_carea' id='block_1_5' title="bbox 181 1292 1451 4975">
    <p class='ocr_par' dir='ltr' id='par_1_5' title="bbox 181 1292 1451 4975">
     <span class='ocr_line' id='line_1_7' title="bbox 291 1292 1445 1367; baseline -0.001 -16"><span class='ocrx_word' id='word_1_38' title='bbox 291 1294 355 1352; x_wconf 91' lang='lat' dir='ltr'><strong>Nos</strong></span> <span class='ocrx_word' id='word_1_39' title='bbox 378 1294 552 1367; x_wconf 90' lang='lat' dir='ltr'><strong>capitulum</strong></span> <span class='ocrx_word' id='word_1_40' title='bbox 567 1294 696 1351; x_wconf 88' lang='lat' dir='ltr'><strong>ecclesie</strong></span> <span class='ocrx_word' id='word_1_41' title='bbox 719 1293 934 1366; x_wconf 83' lang='lat' dir='ltr'><strong>zagrabiensis.</strong></span> <span class='ocrx_word' id='word_1_42' title='bbox 951 1293 1102 1351; x_wconf 88' lang='lat' dir='ltr'><strong>Memorie</strong></span> <span class='ocrx_word' id='word_1_43' title='bbox 1117 1292 1376 1351; x_wconf 87' lang='lat' dir='ltr'><strong>commendamus</strong></span> <span class='ocrx_word' id='word_1_44' title='bbox 1398 1308 1445 1366; x_wconf 85' lang='lat' dir='ltr'><strong>per</strong></span> 
     </span>
     <span class='ocr_line' id='line_1_8' title="bbox 186 1397 1447 1475; baseline -0.001 -17"><span class='ocrx_word' id='word_1_45' title='bbox 186 1406 351 1474; x_wconf 84' lang='lat' dir='ltr'><strong>presentes,</strong></span> <span class='ocrx_word' id='word_1_46' title='bbox 375 1399 459 1474; x_wconf 89' lang='lat' dir='ltr'><strong>quod</strong></span> <span class='ocrx_word' id='word_1_47' title='bbox 483 1400 623 1474; x_wconf 89' lang='lat' dir='ltr'><strong>providis</strong></span> <span class='ocrx_word' id='word_1_48' title='bbox 639 1400 716 1457; x_wconf 86' lang='lat' dir='ltr'><strong>viris</strong></span> <span class='ocrx_word' id='word_1_49' title='bbox 731 1399 822 1456; x_wconf 89' lang='lat' dir='ltr'><strong>Petro</strong></span> <span class='ocrx_word' id='word_1_50' title='bbox 844 1397 946 1475; x_wconf 90' lang='lat' dir='ltr'><strong>judice</strong></span> <span class='ocrx_word' id='word_1_51' title='bbox 969 1413 1005 1455; x_wconf 94' lang='lat' dir='ltr'><strong>ac</strong></span> <span class='ocrx_word' id='word_1_52' title='bbox 1021 1397 1157 1472; x_wconf 83' lang='lat' dir='ltr'><strong>Georgio</strong></span> <span class='ocrx_word' id='word_1_53' title='bbox 1179 1406 1214 1465; x_wconf 80' lang='lat' dir='ltr'><strong>et¹</strong></span> <span class='ocrx_word' id='word_1_54' title='bbox 1233 1398 1354 1458; x_wconf 90' lang='lat' dir='ltr'><strong>Briccio</strong></span> <span class='ocrx_word' id='word_1_55' title='bbox 1377 1401 1447 1457; x_wconf 90' lang='lat' dir='ltr'><strong>alias</strong></span> 
     </span>
     <span class='ocr_line' id='line_1_9' title="bbox 184 1498 1447 1584; baseline 0.002 -22"><span class='ocrx_word' id='word_1_56' title='bbox 184 1505 340 1581; x_wconf 84' lang='lat' dir='ltr'><strong>judicibus</strong></span> <span class='ocrx_word' id='word_1_57' title='bbox 363 1498 570 1584; x_wconf 86' lang='lat' dir='ltr'><strong>(senioribus).</strong></span> <span class='ocrx_word' id='word_1_58' title='bbox 594 1519 712 1563; x_wconf 88' lang='lat' dir='ltr'><strong>necnon</strong></span> <span class='ocrx_word' id='word_1_59' title='bbox 733 1505 861 1576; x_wconf 88' lang='lat' dir='ltr'><strong>Marino,</strong></span> <span class='ocrx_word' id='word_1_60' title='bbox 885 1504 987 1562; x_wconf 87' lang='lat' dir='ltr'><strong>Blasio</strong></span> <span class='ocrx_word' id='word_1_61' title='bbox 1004 1510 1035 1562; x_wconf 91' lang='lat' dir='ltr'><strong>et</strong></span> <span class='ocrx_word' id='word_1_62' title='bbox 1061 1504 1199 1563; x_wconf 86' lang='lat' dir='ltr'><strong>Fabiano</strong></span> <span class='ocrx_word' id='word_1_63' title='bbox 1221 1503 1334 1581; x_wconf 88' lang='lat' dir='ltr'><strong>juratis</strong></span> <span class='ocrx_word' id='word_1_64' title='bbox 1358 1515 1389 1563; x_wconf 91' lang='lat' dir='ltr'><strong>et</strong></span> <span class='ocrx_word' id='word_1_65' title='bbox 1413 1507 1447 1564; x_wconf 92' lang='lat' dir='ltr'><strong>ci·</strong></span> 
     </span>
     <span class='ocr_line' id='line_1_10' title="bbox 184 1609 1449 1680; baseline 0 -11"><span class='ocrx_word' id='word_1_66' title='bbox 184 1613 278 1670; x_wconf 81' lang='lat' dir='ltr'><strong>vibus</strong></span> <span class='ocrx_word' id='word_1_67' title='bbox 295 1613 427 1669; x_wconf 89' lang='lat' dir='ltr'><strong>civitatis</strong></span> <span class='ocrx_word' id='word_1_68' title='bbox 443 1612 557 1669; x_wconf 92' lang='lat' dir='ltr'><strong>montis</strong></span> <span class='ocrx_word' id='word_1_69' title='bbox 573 1611 772 1680; x_wconf 89' lang='lat' dir='ltr'><strong>Grechensis;</strong></span> <span class='ocrx_word' id='word_1_70' title='bbox 789 1612 862 1669; x_wconf 90' lang='lat' dir='ltr'><strong>item</strong></span> <span class='ocrx_word' id='word_1_71' title='bbox 887 1609 1028 1668; x_wconf 88' lang='lat' dir='ltr'><strong>discretis</strong></span> <span class='ocrx_word' id='word_1_72' title='bbox 1051 1611 1127 1669; x_wconf 85' lang='lat' dir='ltr'><strong>viris</strong></span> <span class='ocrx_word' id='word_1_73' title='bbox 1143 1610 1279 1670; x_wconf 90' lang='lat' dir='ltr'><strong>dominis</strong></span> <span class='ocrx_word' id='word_1_74' title='bbox 1296 1613 1449 1671; x_wconf 88' lang='lat' dir='ltr'><strong>Anthonio</strong></span> 
     </span>
     <span class='ocr_line' id='line_1_11' title="bbox 186 1717 1449 1801; baseline 0.001 -26"><span class='ocrx_word' id='word_1_75' title='bbox 186 1725 215 1776; x_wconf 90' lang='lat' dir='ltr'><strong>et</strong></span> <span class='ocrx_word' id='word_1_76' title='bbox 236 1719 377 1801; x_wconf 88' lang='lat' dir='ltr'><strong>Johanne</strong></span> <span class='ocrx_word' id='word_1_77' title='bbox 402 1718 545 1792; x_wconf 85' lang='lat' dir='ltr'><strong>plebanis</strong></span> <span class='ocrx_word' id='word_1_78' title='bbox 569 1718 697 1775; x_wconf 85' lang='lat' dir='ltr'><strong>ecclesie</strong></span> <span class='ocrx_word' id='word_1_79' title='bbox 720 1718 803 1774; x_wconf 87' lang='lat' dir='ltr'><strong>beati</strong></span> <span class='ocrx_word' id='word_1_80' title='bbox 827 1717 923 1774; x_wconf 86' lang='lat' dir='ltr'><strong>Marci</strong></span> <span class='ocrx_word' id='word_1_81' title='bbox 947 1718 1145 1790; x_wconf 82' lang='lat' dir='ltr'><strong>ewangeliste</strong></span> <span class='ocrx_word' id='word_1_82' title='bbox 1168 1718 1199 1775; x_wconf 90' lang='lat' dir='ltr'><strong>in</strong></span> <span class='ocrx_word' id='word_1_83' title='bbox 1223 1717 1308 1776; x_wconf 89' lang='lat' dir='ltr'><strong>dicta</strong></span> <span class='ocrx_word' id='word_1_84' title='bbox 1330 1720 1449 1777; x_wconf 83' lang='lat' dir='ltr'><strong>civitate</strong></span> 
     </span>
     <span class='ocr_line' id='line_1_12' title="bbox 184 1823 1449 1899; baseline 0 -16"><span class='ocrx_word' id='word_1_85' title='bbox 184 1825 314 1883; x_wconf 85' lang='lat' dir='ltr'><strong>fundate</strong></span> <span class='ocrx_word' id='word_1_86' title='bbox 339 1826 369 1882; x_wconf 91' lang='lat' dir='ltr'><strong>in</strong></span> <span class='ocrx_word' id='word_1_87' title='bbox 393 1826 534 1899; x_wconf 91' lang='lat' dir='ltr'><strong>ipsorum</strong></span> <span class='ocrx_word' id='word_1_88' title='bbox 557 1839 593 1881; x_wconf 88' lang='lat' dir='ltr'><strong>ac</strong></span> <span class='ocrx_word' id='word_1_89' title='bbox 610 1825 707 1881; x_wconf 90' lang='lat' dir='ltr'><strong>tocius</strong></span> <span class='ocrx_word' id='word_1_90' title='bbox 723 1824 954 1882; x_wconf 87' lang='lat' dir='ltr'><strong>communitatis</strong></span> <span class='ocrx_word' id='word_1_91' title='bbox 977 1824 1110 1882; x_wconf 84' lang='lat' dir='ltr'><strong>civitatis</strong></span> <span class='ocrx_word' id='word_1_92' title='bbox 1133 1823 1287 1882; x_wconf 88' lang='lat' dir='ltr'><strong>antedicte</strong></span> <span class='ocrx_word' id='word_1_93' title='bbox 1311 1826 1449 1899; x_wconf 89' lang='lat' dir='ltr'><strong>personis</strong></span> 
     </span>
     <span class='ocr_line' id='line_1_13' title="bbox 183 1929 1451 2001; baseline 0.002 -13"><span class='ocrx_word' id='word_1_94' title='bbox 183 1939 217 1988; x_wconf 92' lang='lat' dir='ltr'><strong>ut</strong></span> <span class='ocrx_word' id='word_1_95' title='bbox 240 1933 398 1989; x_wconf 88' lang='lat' dir='ltr'><strong>actoribus</strong></span> <span class='ocrx_word' id='word_1_96' title='bbox 421 1932 461 1987; x_wconf 91' lang='lat' dir='ltr'><strong>ab</strong></span> <span class='ocrx_word' id='word_1_97' title='bbox 485 1945 554 2000; x_wconf 89' lang='lat' dir='ltr'><strong>una,</strong></span> <span class='ocrx_word' id='word_1_98' title='bbox 578 1945 613 1987; x_wconf 89' lang='lat' dir='ltr'><strong>ac</strong></span> <span class='ocrx_word' id='word_1_99' title='bbox 637 1930 815 1988; x_wconf 89' lang='lat' dir='ltr'><strong>honorabili</strong></span> <span class='ocrx_word' id='word_1_100' title='bbox 839 1931 907 1987; x_wconf 90' lang='lat' dir='ltr'><strong>viro</strong></span> <span class='ocrx_word' id='word_1_101' title='bbox 931 1929 1057 1988; x_wconf 89' lang='lat' dir='ltr'><strong>domino</strong></span> <span class='ocrx_word' id='word_1_102' title='bbox 1074 1930 1204 2001; x_wconf 89' lang='lat' dir='ltr'><strong>Thoma,</strong></span> <span class='ocrx_word' id='word_1_103' title='bbox 1220 1939 1349 1990; x_wconf 89' lang='lat' dir='ltr'><strong>cantore</strong></span> <span class='ocrx_word' id='word_1_104' title='bbox 1365 1946 1451 1990; x_wconf 87' lang='lat' dir='ltr'><strong>cano-</strong></span> 
     </span>
     <span class='ocr_line' id='line_1_14' title="bbox 183 2034 1450 2110; baseline 0.002 -16"><span class='ocrx_word' id='word_1_105' title='bbox 183 2039 252 2095; x_wconf 92' lang='lat' dir='ltr'><strong>nico</strong></span> <span class='ocrx_word' id='word_1_106' title='bbox 275 2039 438 2110; x_wconf 85' lang='lat' dir='ltr'><strong>collegiate</strong></span> <span class='ocrx_word' id='word_1_107' title='bbox 462 2037 589 2094; x_wconf 87' lang='lat' dir='ltr'><strong>ecclesie</strong></span> <span class='ocrx_word' id='word_1_108' title='bbox 605 2037 702 2093; x_wconf 89' lang='lat' dir='ltr'><strong>sancti</strong></span> <span class='ocrx_word' id='word_1_109' title='bbox 718 2034 852 2109; x_wconf 86' lang='lat' dir='ltr'><strong>Spiritus</strong></span> <span class='ocrx_word' id='word_1_110' title='bbox 869 2036 1066 2108; x_wconf 71' lang='lat' dir='ltr'><strong>ehamensis,</strong></span> <span class='ocrx_word' id='word_1_111' title='bbox 1082 2043 1245 2110; x_wconf 88' lang='lat' dir='ltr'><strong>tamquam</strong></span> <span class='ocrx_word' id='word_1_112' title='bbox 1269 2037 1302 2095; x_wconf 91' lang='lat' dir='ltr'><strong>in</strong></span> <span class='ocrx_word' id='word_1_113' title='bbox 1325 2053 1450 2096; x_wconf 90' lang='lat' dir='ltr'><strong>causam</strong></span> 
     </span>
     <span class='ocr_line' id='line_1_15' title="bbox 183 2141 1450 2218; baseline 0.002 -18"><span class='ocrx_word' id='word_1_114' title='bbox 183 2150 313 2201; x_wconf 89' lang='lat' dir='ltr'><strong>attracto</strong></span> <span class='ocrx_word' id='word_1_115' title='bbox 337 2148 425 2216; x_wconf 89' lang='lat' dir='ltr'><strong>parte</strong></span> <span class='ocrx_word' id='word_1_116' title='bbox 448 2143 489 2199; x_wconf 90' lang='lat' dir='ltr'><strong>ab</strong></span> <span class='ocrx_word' id='word_1_117' title='bbox 510 2142 570 2199; x_wconf 90' lang='lat' dir='ltr'><strong>alia</strong></span> <span class='ocrx_word' id='word_1_118' title='bbox 587 2141 793 2214; x_wconf 86' lang='lat' dir='ltr'><strong>personaliter</strong></span> <span class='ocrx_word' id='word_1_119' title='bbox 808 2157 914 2200; x_wconf 91' lang='lat' dir='ltr'><strong>coram</strong></span> <span class='ocrx_word' id='word_1_120' title='bbox 929 2142 1021 2200; x_wconf 90' lang='lat' dir='ltr'><strong>nobis</strong></span> <span class='ocrx_word' id='word_1_121' title='bbox 1037 2144 1219 2215; x_wconf 88' lang='lat' dir='ltr'><strong>constitutis,</strong></span> <span class='ocrx_word' id='word_1_122' title='bbox 1243 2160 1302 2218; x_wconf 88' lang='lat' dir='ltr'><strong>per</strong></span> <span class='ocrx_word' id='word_1_123' title='bbox 1325 2144 1450 2203; x_wconf 89' lang='lat' dir='ltr'><strong>easdem</strong></span> 
     </span>
     <span class='ocr_line' id='line_1_16' title="bbox 183 2246 1449 2323; baseline 0.003 -17"><span class='ocrx_word' id='word_1_124' title='bbox 183 2255 288 2323; x_wconf 88' lang='lat' dir='ltr'><strong>partes</strong></span> <span class='ocrx_word' id='word_1_125' title='bbox 311 2246 486 2305; x_wconf 85' lang='lat' dir='ltr'><strong>confessum</strong></span> <span class='ocrx_word' id='word_1_126' title='bbox 509 2247 609 2304; x_wconf 91' lang='lat' dir='ltr'><strong>extitit</strong></span> <span class='ocrx_word' id='word_1_127' title='bbox 633 2253 803 2320; x_wconf 90' lang='lat' dir='ltr'><strong>spontanea</strong></span> <span class='ocrx_word' id='word_1_128' title='bbox 819 2262 928 2306; x_wconf 91' lang='lat' dir='ltr'><strong>eorum</strong></span> <span class='ocrx_word' id='word_1_129' title='bbox 943 2249 1104 2306; x_wconf 85' lang='lat' dir='ltr'><strong>voluntate</strong></span> <span class='ocrx_word' id='word_1_130' title='bbox 1121 2250 1237 2323; x_wconf 88' lang='lat' dir='ltr'><strong>pariter</strong></span> <span class='ocrx_word' id='word_1_131' title='bbox 1254 2255 1285 2308; x_wconf 91' lang='lat' dir='ltr'><strong>et</strong></span> <span class='ocrx_word' id='word_1_132' title='bbox 1313 2252 1449 2310; x_wconf 90' lang='lat' dir='ltr'><strong>relatum</strong></span> 
     </span>
     <span class='ocr_line' id='line_1_17' title="bbox 183 2353 1450 2431; baseline 0.001 -18"><span class='ocrx_word' id='word_1_133' title='bbox 183 2356 214 2413; x_wconf 92' lang='lat' dir='ltr'><strong>in</strong></span> <span class='ocrx_word' id='word_1_134' title='bbox 236 2356 319 2413; x_wconf 91' lang='lat' dir='ltr'><strong>hunc</strong></span> <span class='ocrx_word' id='word_1_135' title='bbox 341 2353 486 2411; x_wconf 90' lang='lat' dir='ltr'><strong>modum:</strong></span> <span class='ocrx_word' id='word_1_136' title='bbox 510 2353 593 2427; x_wconf 91' lang='lat' dir='ltr'><strong>quod</strong></span> <span class='ocrx_word' id='word_1_137' title='bbox 618 2369 809 2427; x_wconf 86' lang='lat' dir='ltr'><strong>quamquam</strong></span> <span class='ocrx_word' id='word_1_138' title='bbox 838 2354 916 2412; x_wconf 89' lang='lat' dir='ltr'><strong>alias</strong></span> <span class='ocrx_word' id='word_1_139' title='bbox 939 2355 999 2429; x_wconf 92' lang='lat' dir='ltr'><strong>ipsi</strong></span> <span class='ocrx_word' id='word_1_140' title='bbox 1023 2355 1106 2412; x_wconf 83' lang='lat' dir='ltr'><strong>cives</strong></span> <span class='ocrx_word' id='word_1_141' title='bbox 1137 2362 1168 2413; x_wconf 93' lang='lat' dir='ltr'><strong>et</strong></span> <span class='ocrx_word' id='word_1_142' title='bbox 1199 2357 1341 2431; x_wconf 88' lang='lat' dir='ltr'><strong>hospites</strong></span> <span class='ocrx_word' id='word_1_143' title='bbox 1373 2357 1450 2416; x_wconf 89' lang='lat' dir='ltr'><strong>dicte</strong></span> 
     </span>
     <span class='ocr_line' id='line_1_18' title="bbox 183 2458 1451 2536; baseline 0.002 -18"><span class='ocrx_word' id='word_1_144' title='bbox 183 2461 319 2519; x_wconf 89' lang='lat' dir='ltr'><strong>civitatis</strong></span> <span class='ocrx_word' id='word_1_145' title='bbox 343 2461 373 2517; x_wconf 92' lang='lat' dir='ltr'><strong>in</strong></span> <span class='ocrx_word' id='word_1_146' title='bbox 396 2458 532 2531; x_wconf 89' lang='lat' dir='ltr'><strong>quadam</strong></span> <span class='ocrx_word' id='word_1_147' title='bbox 557 2474 649 2516; x_wconf 89' lang='lat' dir='ltr'><strong>causa</strong></span> <span class='ocrx_word' id='word_1_148' title='bbox 668 2475 721 2516; x_wconf 92' lang='lat' dir='ltr'><strong>seu</strong></span> <span class='ocrx_word' id='word_1_149' title='bbox 745 2460 810 2531; x_wconf 89' lang='lat' dir='ltr'><strong>lite,</strong></span> <span class='ocrx_word' id='word_1_150' title='bbox 841 2476 901 2532; x_wconf 91' lang='lat' dir='ltr'><strong>que</strong></span> <span class='ocrx_word' id='word_1_151' title='bbox 932 2460 1112 2518; x_wconf 86' lang='lat' dir='ltr'><strong>vertebatur</strong></span> <span class='ocrx_word' id='word_1_152' title='bbox 1141 2462 1221 2519; x_wconf 90' lang='lat' dir='ltr'><strong>inter</strong></span> <span class='ocrx_word' id='word_1_153' title='bbox 1251 2463 1338 2536; x_wconf 90' lang='lat' dir='ltr'><strong>ipsos</strong></span> <span class='ocrx_word' id='word_1_154' title='bbox 1370 2464 1451 2522; x_wconf 82' lang='lat' dir='ltr'><strong>cives</strong></span> 
     </span>
     <span class='ocr_line' id='line_1_19' title="bbox 182 2564 1450 2650; baseline 0.004 -27"><span class='ocrx_word' id='word_1_155' title='bbox 182 2568 223 2623; x_wconf 92' lang='lat' dir='ltr'><strong>ab</strong></span> <span class='ocrx_word' id='word_1_156' title='bbox 247 2582 315 2637; x_wconf 89' lang='lat' dir='ltr'><strong>una,</strong></span> <span class='ocrx_word' id='word_1_157' title='bbox 339 2571 428 2639; x_wconf 91' lang='lat' dir='ltr'><strong>parte</strong></span> <span class='ocrx_word' id='word_1_158' title='bbox 452 2580 527 2622; x_wconf 85' lang='lat' dir='ltr'><strong>vero</strong></span> <span class='ocrx_word' id='word_1_159' title='bbox 552 2578 589 2622; x_wconf 86' lang='lat' dir='ltr'><strong>ex</strong></span> <span class='ocrx_word' id='word_1_160' title='bbox 613 2565 710 2622; x_wconf 88' lang='lat' dir='ltr'><strong>altera</strong></span> <span class='ocrx_word' id='word_1_161' title='bbox 733 2564 924 2637; x_wconf 89' lang='lat' dir='ltr'><strong>Ladislaum‚</strong></span> <span class='ocrx_word' id='word_1_162' title='bbox 948 2566 1050 2623; x_wconf 88' lang='lat' dir='ltr'><strong>filium</strong></span> <span class='ocrx_word' id='word_1_163' title='bbox 1072 2567 1221 2650; x_wconf 90' lang='lat' dir='ltr'><strong>Johannis</strong></span> <span class='ocrx_word' id='word_1_164' title='bbox 1245 2567 1284 2626; x_wconf 91' lang='lat' dir='ltr'><strong>de</strong></span> <span class='ocrx_word' id='word_1_165' title='bbox 1316 2569 1450 2642; x_wconf 88' lang='lat' dir='ltr'><strong>Zynche,</strong></span> 
     </span>
     <span class='ocr_line' id='line_1_20' title="bbox 184 2664 1450 2747; baseline 0.003 -17"><span class='ocrx_word' id='word_1_166' title='bbox 184 2679 327 2747; x_wconf 87' lang='lat' dir='ltr'><strong>pretextu</strong></span> <span class='ocrx_word' id='word_1_167' title='bbox 357 2671 528 2728; x_wconf 89' lang='lat' dir='ltr'><strong>ahlacionis</strong></span> <span class='ocrx_word' id='word_1_168' title='bbox 561 2679 591 2727; x_wconf 89' lang='lat' dir='ltr'><strong>et</strong></span> <span class='ocrx_word' id='word_1_169' title='bbox 621 2664 812 2744; x_wconf 84' lang='lat' dir='ltr'><strong>recepcionis</strong></span> <span class='ocrx_word' id='word_1_170' title='bbox 842 2671 1065 2730; x_wconf 90' lang='lat' dir='ltr'><strong>nonnullarum</strong></span> <span class='ocrx_word' id='word_1_171' title='bbox 1095 2689 1202 2731; x_wconf 90' lang='lat' dir='ltr'><strong>rerum</strong></span> <span class='ocrx_word' id='word_1_172' title='bbox 1233 2680 1264 2732; x_wconf 89' lang='lat' dir='ltr'><strong>et</strong></span> <span class='ocrx_word' id='word_1_173' title='bbox 1294 2676 1450 2734; x_wconf 89' lang='lat' dir='ltr'><strong>bonorum</strong></span> 
     </span>
     <span class='ocr_line' id='line_1_21' title="bbox 183 2776 1451 2841; baseline 0.002 -5"><span class='ocrx_word' id='word_1_174' title='bbox 183 2779 313 2836; x_wconf 90' lang='lat' dir='ltr'><strong>condam</strong></span> <span class='ocrx_word' id='word_1_175' title='bbox 326 2776 476 2835; x_wconf 88' lang='lat' dir='ltr'><strong>Friderici</strong></span> <span class='ocrx_word' id='word_1_176' title='bbox 491 2777 640 2834; x_wconf 87' lang='lat' dir='ltr'><strong>institoris</strong></span> <span class='ocrx_word' id='word_1_177' title='bbox 656 2778 801 2835; x_wconf 90' lang='lat' dir='ltr'><strong>similiter</strong></span> <span class='ocrx_word' id='word_1_178' title='bbox 816 2779 893 2835; x_wconf 92' lang='lat' dir='ltr'><strong>civis</strong></span> <span class='ocrx_word' id='word_1_179' title='bbox 909 2777 989 2836; x_wconf 90' lang='lat' dir='ltr'><strong>dicte</strong></span> <span class='ocrx_word' id='word_1_180' title='bbox 1006 2779 1139 2837; x_wconf 88' lang='lat' dir='ltr'><strong>civitatis</strong></span> <span class='ocrx_word' id='word_1_181' title='bbox 1155 2781 1185 2837; x_wconf 90' lang='lat' dir='ltr'><strong>in</strong></span> <span class='ocrx_word' id='word_1_182' title='bbox 1202 2781 1311 2839; x_wconf 79' lang='lat' dir='ltr'><strong>valore</strong></span> <span class='ocrx_word' id='word_1_183' title='bbox 1328 2790 1451 2841; x_wconf 90' lang='lat' dir='ltr'><strong>centum</strong></span> 
     </span>
     <span class='ocr_line' id='line_1_22' title="bbox 182 2884 1449 2958; baseline 0.003 -17"><span class='ocrx_word' id='word_1_184' title='bbox 182 2886 369 2942; x_wconf 85' lang='lat' dir='ltr'><strong>florenorum</strong></span> <span class='ocrx_word' id='word_1_185' title='bbox 393 2889 423 2941; x_wconf 91' lang='lat' dir='ltr'><strong>et</strong></span> <span class='ocrx_word' id='word_1_186' title='bbox 447 2884 650 2956; x_wconf 91' lang='lat' dir='ltr'><strong>inprompto</strong></span> <span class='ocrx_word' id='word_1_187' title='bbox 674 2885 896 2956; x_wconf 85' lang='lat' dir='ltr'><strong>quinquaginta</strong></span> <span class='ocrx_word' id='word_1_188' title='bbox 920 2884 1052 2943; x_wconf 90' lang='lat' dir='ltr'><strong>florenos</strong></span> <span class='ocrx_word' id='word_1_189' title='bbox 1074 2887 1151 2958; x_wconf 90' lang='lat' dir='ltr'><strong>auri,</strong></span> <span class='ocrx_word' id='word_1_190' title='bbox 1175 2886 1278 2945; x_wconf 89' lang='lat' dir='ltr'><strong>eidem</strong></span> <span class='ocrx_word' id='word_1_191' title='bbox 1301 2887 1449 2947; x_wconf 83' lang='lat' dir='ltr'><strong>ladislao</strong></span> 
     </span>
     <span class='ocr_line' id='line_1_23' title="bbox 182 2989 1449 3068; baseline 0.004 -20"><span class='ocrx_word' id='word_1_192' title='bbox 182 2993 213 3048; x_wconf 90' lang='lat' dir='ltr'><strong>in</strong></span> <span class='ocrx_word' id='word_1_193' title='bbox 237 2990 443 3063; x_wconf 90' lang='lat' dir='ltr'><strong>obprobrium</strong></span> <span class='ocrx_word' id='word_1_194' title='bbox 468 2989 621 3046; x_wconf 90' lang='lat' dir='ltr'><strong>dictorum</strong></span> <span class='ocrx_word' id='word_1_195' title='bbox 645 2989 761 3046; x_wconf 89' lang='lat' dir='ltr'><strong>civium</strong></span> <span class='ocrx_word' id='word_1_196' title='bbox 785 3005 968 3063; x_wconf 89' lang='lat' dir='ltr'><strong>procurasse</strong></span> <span class='ocrx_word' id='word_1_197' title='bbox 991 2999 1022 3047; x_wconf 88' lang='lat' dir='ltr'><strong>et</strong></span> <span class='ocrx_word' id='word_1_198' title='bbox 1044 2991 1174 3064; x_wconf 89' lang='lat' dir='ltr'><strong>dedisse,</strong></span> <span class='ocrx_word' id='word_1_199' title='bbox 1199 2994 1301 3066; x_wconf 91' lang='lat' dir='ltr'><strong>primo</strong></span> <span class='ocrx_word' id='word_1_200' title='bbox 1325 2995 1358 3052; x_wconf 91' lang='lat' dir='ltr'><strong>in</strong></span> <span class='ocrx_word' id='word_1_201' title='bbox 1381 3009 1449 3068; x_wconf 92' lang='lat' dir='ltr'><strong>pre·</strong></span> 
     </span>
     <span class='ocr_line' id='line_1_24' title="bbox 182 3095 1449 3179; baseline 0.002 -24"><span class='ocrx_word' id='word_1_202' title='bbox 182 3098 283 3155; x_wconf 90' lang='lat' dir='ltr'><strong>sencia</strong></span> <span class='ocrx_word' id='word_1_203' title='bbox 305 3096 466 3153; x_wconf 85' lang='lat' dir='ltr'><strong>reverendi</strong></span> <span class='ocrx_word' id='word_1_204' title='bbox 490 3097 521 3153; x_wconf 94' lang='lat' dir='ltr'><strong>in</strong></span> <span class='ocrx_word' id='word_1_205' title='bbox 545 3095 669 3152; x_wconf 91' lang='lat' dir='ltr'><strong>Christo</strong></span> <span class='ocrx_word' id='word_1_206' title='bbox 691 3096 788 3169; x_wconf 90' lang='lat' dir='ltr'><strong>patris</strong></span> <span class='ocrx_word' id='word_1_207' title='bbox 813 3096 930 3153; x_wconf 89' lang='lat' dir='ltr'><strong>domini</strong></span> <span class='ocrx_word' id='word_1_208' title='bbox 956 3097 1105 3179; x_wconf 88' lang='lat' dir='ltr'><strong>Johannis</strong></span> <span class='ocrx_word' id='word_1_209' title='bbox 1138 3097 1188 3156; x_wconf 90' lang='lat' dir='ltr'><strong>dei</strong></span> <span class='ocrx_word' id='word_1_210' title='bbox 1219 3106 1248 3156; x_wconf 90' lang='lat' dir='ltr'><strong>et</strong></span> <span class='ocrx_word' id='word_1_211' title='bbox 1278 3100 1449 3173; x_wconf 90' lang='lat' dir='ltr'><strong>apostolice</strong></span> 
     </span>
     <span class='ocr_line' id='line_1_25' title="bbox 182 3203 1449 3278; baseline 0.002 -17"><span class='ocrx_word' id='word_1_212' title='bbox 182 3204 264 3261; x_wconf 90' lang='lat' dir='ltr'><strong>sedis</strong></span> <span class='ocrx_word' id='word_1_213' title='bbox 287 3204 391 3276; x_wconf 83' lang='lat' dir='ltr'><strong>gracia</strong></span> <span class='ocrx_word' id='word_1_214' title='bbox 406 3203 545 3276; x_wconf 88' lang='lat' dir='ltr'><strong>episcopi</strong></span> <span class='ocrx_word' id='word_1_215' title='bbox 568 3203 784 3274; x_wconf 85' lang='lat' dir='ltr'><strong>zagrabiensis‚</strong></span> <span class='ocrx_word' id='word_1_216' title='bbox 801 3203 880 3259; x_wconf 88' lang='lat' dir='ltr'><strong>sacri</strong></span> <span class='ocrx_word' id='word_1_217' title='bbox 896 3205 1018 3261; x_wconf 90' lang='lat' dir='ltr'><strong>romani</strong></span> <span class='ocrx_word' id='word_1_218' title='bbox 1042 3205 1167 3278; x_wconf 88' lang='lat' dir='ltr'><strong>imperii</strong></span> <span class='ocrx_word' id='word_1_219' title='bbox 1197 3210 1227 3262; x_wconf 93' lang='lat' dir='ltr'><strong>et</strong></span> <span class='ocrx_word' id='word_1_220' title='bbox 1252 3207 1341 3278; x_wconf 85' lang='lat' dir='ltr'><strong>regni</strong></span> <span class='ocrx_word' id='word_1_221' title='bbox 1366 3207 1449 3264; x_wconf 90' lang='lat' dir='ltr'><strong>Hun-</strong></span> 
     </span>
     <span class='ocr_line' id='line_1_26' title="bbox 182 3308 1449 3385; baseline 0.002 -18"><span class='ocrx_word' id='word_1_222' title='bbox 182 3312 266 3381; x_wconf 88' lang='lat' dir='ltr'><strong>garie</strong></span> <span class='ocrx_word' id='word_1_223' title='bbox 289 3310 406 3366; x_wconf 89' lang='lat' dir='ltr'><strong>summi</strong></span> <span class='ocrx_word' id='word_1_224' title='bbox 428 3309 613 3379; x_wconf 88' lang='lat' dir='ltr'><strong>cancellarii,</strong></span> <span class='ocrx_word' id='word_1_225' title='bbox 638 3308 755 3366; x_wconf 92' lang='lat' dir='ltr'><strong>domini</strong></span> <span class='ocrx_word' id='word_1_226' title='bbox 781 3315 810 3365; x_wconf 92' lang='lat' dir='ltr'><strong>et</strong></span> <span class='ocrx_word' id='word_1_227' title='bbox 834 3309 946 3382; x_wconf 90' lang='lat' dir='ltr'><strong>prelati</strong></span> <span class='ocrx_word' id='word_1_228' title='bbox 976 3310 1081 3381; x_wconf 86' lang='lat' dir='ltr'><strong>nostri,</strong></span> <span class='ocrx_word' id='word_1_229' title='bbox 1112 3317 1398 3385; x_wconf 81' lang='lat' dir='ltr'><strong>consequenterque</strong></span> <span class='ocrx_word' id='word_1_230' title='bbox 1420 3315 1449 3371; x_wconf 90' lang='lat' dir='ltr'><strong>in</strong></span> 
     </span>
     <span class='ocr_line' id='line_1_27' title="bbox 184 3415 1450 3498; baseline 0.004 -26"><span class='ocrx_word' id='word_1_231' title='bbox 184 3417 341 3489; x_wconf 86' lang='lat' dir='ltr'><strong>presencia</strong></span> <span class='ocrx_word' id='word_1_232' title='bbox 382 3416 574 3473; x_wconf 91' lang='lat' dir='ltr'><strong>honorabilis</strong></span> <span class='ocrx_word' id='word_1_233' title='bbox 610 3416 671 3472; x_wconf 89' lang='lat' dir='ltr'><strong>viri</strong></span> <span class='ocrx_word' id='word_1_234' title='bbox 703 3415 821 3472; x_wconf 90' lang='lat' dir='ltr'><strong>domini</strong></span> <span class='ocrx_word' id='word_1_235' title='bbox 857 3416 1007 3498; x_wconf 81' lang='lat' dir='ltr'><strong>Johannis</strong></span> <span class='ocrx_word' id='word_1_236' title='bbox 1038 3417 1171 3474; x_wconf 87' lang='lat' dir='ltr'><strong>cantoris</strong></span> <span class='ocrx_word' id='word_1_237' title='bbox 1205 3416 1286 3474; x_wconf 91' lang='lat' dir='ltr'><strong>dicte</strong></span> <span class='ocrx_word' id='word_1_238' title='bbox 1323 3419 1450 3477; x_wconf 86' lang='lat' dir='ltr'><strong>ecclesie</strong></span> 
     </span>
     <span class='ocr_line' id='line_1_28' title="bbox 184 3522 1449 3596; baseline 0.002 -17"><span class='ocrx_word' id='word_1_239' title='bbox 184 3532 288 3580; x_wconf 87' lang='lat' dir='ltr'><strong>nostre</strong></span> <span class='ocrx_word' id='word_1_240' title='bbox 300 3523 516 3593; x_wconf 62' lang='lat' dir='ltr'><strong>hambiensis,</strong></span> <span class='ocrx_word' id='word_1_241' title='bbox 533 3522 607 3578; x_wconf 89' lang='lat' dir='ltr'><strong>socii</strong></span> <span class='ocrx_word' id='word_1_242' title='bbox 624 3527 653 3578; x_wconf 89' lang='lat' dir='ltr'><strong>et</strong></span> <span class='ocrx_word' id='word_1_243' title='bbox 670 3523 865 3578; x_wconf 87' lang='lat' dir='ltr'><strong>concanonici</strong></span> <span class='ocrx_word' id='word_1_244' title='bbox 886 3525 982 3580; x_wconf 91' lang='lat' dir='ltr'><strong>nostri</strong></span> <span class='ocrx_word' id='word_1_245' title='bbox 1006 3537 1041 3579; x_wconf 91' lang='lat' dir='ltr'><strong>ac</strong></span> <span class='ocrx_word' id='word_1_246' title='bbox 1072 3523 1170 3596; x_wconf 92' lang='lat' dir='ltr'><strong>ipsius</strong></span> <span class='ocrx_word' id='word_1_247' title='bbox 1202 3522 1322 3581; x_wconf 90' lang='lat' dir='ltr'><strong>domini</strong></span> <span class='ocrx_word' id='word_1_248' title='bbox 1352 3524 1449 3582; x_wconf 88' lang='lat' dir='ltr'><strong>nostri</strong></span> 
     </span>
     <span class='ocr_line' id='line_1_29' title="bbox 184 3626 1450 3704; baseline 0.002 -20"><span class='ocrx_word' id='word_1_249' title='bbox 184 3629 324 3701; x_wconf 89' lang='lat' dir='ltr'><strong>episcopi</strong></span> <span class='ocrx_word' id='word_1_250' title='bbox 340 3628 448 3683; x_wconf 89' lang='lat' dir='ltr'><strong>vicarii</strong></span> <span class='ocrx_word' id='word_1_251' title='bbox 464 3628 494 3682; x_wconf 90' lang='lat' dir='ltr'><strong>in</strong></span> <span class='ocrx_word' id='word_1_252' title='bbox 518 3626 735 3699; x_wconf 87' lang='lat' dir='ltr'><strong>spiritualibus</strong></span> <span class='ocrx_word' id='word_1_253' title='bbox 751 3627 911 3699; x_wconf 84' lang='lat' dir='ltr'><strong>generalis,</strong></span> <span class='ocrx_word' id='word_1_254' title='bbox 928 3629 959 3685; x_wconf 92' lang='lat' dir='ltr'><strong>in</strong></span> <span class='ocrx_word' id='word_1_255' title='bbox 983 3643 1108 3685; x_wconf 87' lang='lat' dir='ltr'><strong>causam</strong></span> <span class='ocrx_word' id='word_1_256' title='bbox 1130 3629 1315 3686; x_wconf 86' lang='lat' dir='ltr'><strong>attraxerint</strong></span> <span class='ocrx_word' id='word_1_257' title='bbox 1339 3631 1450 3704; x_wconf 87' lang='lat' dir='ltr'><strong>etipsa</strong></span> 
     </span>
     <span class='ocr_line' id='line_1_30' title="bbox 183 3731 1449 3804; baseline 0.002 -14"><span class='ocrx_word' id='word_1_258' title='bbox 183 3749 273 3791; x_wconf 88' lang='lat' dir='ltr'><strong>causa</strong></span> <span class='ocrx_word' id='word_1_259' title='bbox 297 3734 376 3789; x_wconf 85' lang='lat' dir='ltr'><strong>inter</strong></span> <span class='ocrx_word' id='word_1_260' title='bbox 400 3731 525 3788; x_wconf 89' lang='lat' dir='ltr'><strong>eosdem</strong></span> <span class='ocrx_word' id='word_1_261' title='bbox 549 3733 631 3789; x_wconf 89' lang='lat' dir='ltr'><strong>cives</strong></span> <span class='ocrx_word' id='word_1_262' title='bbox 654 3738 684 3788; x_wconf 93' lang='lat' dir='ltr'><strong>et</strong></span> <span class='ocrx_word' id='word_1_263' title='bbox 707 3732 809 3804; x_wconf 90' lang='lat' dir='ltr'><strong>ipsum</strong></span> <span class='ocrx_word' id='word_1_264' title='bbox 833 3732 995 3791; x_wconf 91' lang='lat' dir='ltr'><strong>dominum</strong></span> <span class='ocrx_word' id='word_1_265' title='bbox 1020 3733 1174 3790; x_wconf 86' lang='lat' dir='ltr'><strong>Thomam</strong></span> <span class='ocrx_word' id='word_1_266' title='bbox 1198 3741 1359 3793; x_wconf 90' lang='lat' dir='ltr'><strong>cantorem</strong></span> <span class='ocrx_word' id='word_1_267' title='bbox 1382 3734 1449 3793; x_wconf 87' lang='lat' dir='ltr'><strong>diu·</strong></span> 
     </span>
     <span class='ocr_line' id='line_1_31' title="bbox 182 3836 1446 3913; baseline 0.003 -17"><span class='ocrx_word' id='word_1_268' title='bbox 182 3841 247 3896; x_wconf 90' lang='lat' dir='ltr'><strong>cius</strong></span> <span class='ocrx_word' id='word_1_269' title='bbox 271 3838 420 3894; x_wconf 86' lang='lat' dir='ltr'><strong>ventilata</strong></span> <span class='ocrx_word' id='word_1_270' title='bbox 443 3843 472 3893; x_wconf 92' lang='lat' dir='ltr'><strong>et</strong></span> <span class='ocrx_word' id='word_1_271' title='bbox 495 3845 580 3894; x_wconf 90' lang='lat' dir='ltr'><strong>mota</strong></span> <span class='ocrx_word' id='word_1_272' title='bbox 610 3836 718 3906; x_wconf 82' lang='lat' dir='ltr'><strong>fuerit;</strong></span> <span class='ocrx_word' id='word_1_273' title='bbox 751 3845 852 3896; x_wconf 88' lang='lat' dir='ltr'><strong>tamen</strong></span> <span class='ocrx_word' id='word_1_274' title='bbox 884 3839 1040 3897; x_wconf 85' lang='lat' dir='ltr'><strong>ordinaria</strong></span> <span class='ocrx_word' id='word_1_275' title='bbox 1064 3841 1293 3913; x_wconf 90' lang='lat' dir='ltr'><strong>composicione</strong></span> <span class='ocrx_word' id='word_1_276' title='bbox 1316 3842 1446 3900; x_wconf 91' lang='lat' dir='ltr'><strong>nonnul-</strong></span> 
     </span>
     <span class='ocr_line' id='line_1_32' title="bbox 181 3943 1448 4019; baseline 0.004 -17"><span class='ocrx_word' id='word_1_277' title='bbox 181 3947 285 4002; x_wconf 91' lang='lat' dir='ltr'><strong>lorum</strong></span> <span class='ocrx_word' id='word_1_278' title='bbox 317 3943 488 4016; x_wconf 91' lang='lat' dir='ltr'><strong>proborum</strong></span> <span class='ocrx_word' id='word_1_279' title='bbox 521 3949 549 4000; x_wconf 92' lang='lat' dir='ltr'><strong>et</strong></span> <span class='ocrx_word' id='word_1_280' title='bbox 574 3944 803 4001; x_wconf 88' lang='lat' dir='ltr'><strong>honorabilium</strong></span> <span class='ocrx_word' id='word_1_281' title='bbox 820 3947 961 4003; x_wconf 88' lang='lat' dir='ltr'><strong>virorum</strong></span> <span class='ocrx_word' id='word_1_282' title='bbox 979 3960 1087 4019; x_wconf 91' lang='lat' dir='ltr'><strong>pacem</strong></span> <span class='ocrx_word' id='word_1_283' title='bbox 1107 3946 1249 4019; x_wconf 88' lang='lat' dir='ltr'><strong>parcium</strong></span> <span class='ocrx_word' id='word_1_284' title='bbox 1273 3949 1448 4007; x_wconf 89' lang='lat' dir='ltr'><strong>amancium</strong></span> 
     </span>
     <span class='ocr_line' id='line_1_33' title="bbox 181 4049 1447 4128; baseline 0.004 -19"><span class='ocrx_word' id='word_1_285' title='bbox 181 4051 403 4109; x_wconf 88' lang='lat' dir='ltr'><strong>interveniente</strong></span> <span class='ocrx_word' id='word_1_286' title='bbox 427 4049 487 4121; x_wconf 90' lang='lat' dir='ltr'><strong>ipsi</strong></span> <span class='ocrx_word' id='word_1_287' title='bbox 509 4050 592 4106; x_wconf 89' lang='lat' dir='ltr'><strong>cives</strong></span> <span class='ocrx_word' id='word_1_288' title='bbox 615 4057 645 4107; x_wconf 92' lang='lat' dir='ltr'><strong>et</strong></span> <span class='ocrx_word' id='word_1_289' title='bbox 669 4049 752 4107; x_wconf 88' lang='lat' dir='ltr'><strong>idem</strong></span> <span class='ocrx_word' id='word_1_290' title='bbox 775 4052 920 4108; x_wconf 87' lang='lat' dir='ltr'><strong>dominus</strong></span> <span class='ocrx_word' id='word_1_291' title='bbox 949 4052 1086 4109; x_wconf 86' lang='lat' dir='ltr'><strong>Thomas</strong></span> <span class='ocrx_word' id='word_1_292' title='bbox 1117 4058 1224 4111; x_wconf 91' lang='lat' dir='ltr'><strong>cantor</strong></span> <span class='ocrx_word' id='word_1_293' title='bbox 1254 4069 1351 4128; x_wconf 90' lang='lat' dir='ltr'><strong>super</strong></span> <span class='ocrx_word' id='word_1_294' title='bbox 1383 4056 1447 4113; x_wconf 90' lang='lat' dir='ltr'><strong>uni·</strong></span> 
     </span>
     <span class='ocr_line' id='line_1_34' title="bbox 182 4156 1447 4231; baseline 0.004 -17"><span class='ocrx_word' id='word_1_295' title='bbox 182 4158 279 4214; x_wconf 87' lang='lat' dir='ltr'><strong>versis</strong></span> <span class='ocrx_word' id='word_1_296' title='bbox 319 4157 433 4225; x_wconf 88' lang='lat' dir='ltr'><strong>litibus,</strong></span> <span class='ocrx_word' id='word_1_297' title='bbox 473 4156 695 4228; x_wconf 89' lang='lat' dir='ltr'><strong>questionibus,</strong></span> <span class='ocrx_word' id='word_1_298' title='bbox 733 4158 959 4227; x_wconf 90' lang='lat' dir='ltr'><strong>controversiis,</strong></span> <span class='ocrx_word' id='word_1_299' title='bbox 998 4157 1127 4229; x_wconf 70' lang='lat' dir='ltr'><strong>iniuriis</strong></span> <span class='ocrx_word' id='word_1_300' title='bbox 1167 4157 1447 4231; x_wconf 84' lang='lat' dir='ltr'><strong>diffamacionibus,</strong></span> 
     </span>
     <span class='ocr_line' id='line_1_35' title="bbox 182 4263 1448 4342; baseline 0.002 -22"><span class='ocrx_word' id='word_1_301' title='bbox 182 4264 326 4337; x_wconf 89' lang='lat' dir='ltr'><strong>dampnis</strong></span> <span class='ocrx_word' id='word_1_302' title='bbox 354 4263 547 4320; x_wconf 85' lang='lat' dir='ltr'><strong>nocumentis</strong></span> <span class='ocrx_word' id='word_1_303' title='bbox 563 4278 598 4319; x_wconf 91' lang='lat' dir='ltr'><strong>ac</strong></span> <span class='ocrx_word' id='word_1_304' title='bbox 624 4264 769 4321; x_wconf 86' lang='lat' dir='ltr'><strong>interesse</strong></span> <span class='ocrx_word' id='word_1_305' title='bbox 786 4270 815 4319; x_wconf 91' lang='lat' dir='ltr'><strong>et</strong></span> <span class='ocrx_word' id='word_1_306' title='bbox 832 4265 974 4335; x_wconf 83' lang='lat' dir='ltr'><strong>expensis</strong></span> <span class='ocrx_word' id='word_1_307' title='bbox 990 4265 1161 4337; x_wconf 89' lang='lat' dir='ltr'><strong>ceterisque</strong></span> <span class='ocrx_word' id='word_1_308' title='bbox 1178 4280 1448 4342; x_wconf 86' lang='lat' dir='ltr'><strong>quorumcumque</strong></span> 
     </span>
     <span class='ocr_line' id='line_1_36' title="bbox 181 4369 1446 4443; baseline 0.002 -16"><span class='ocrx_word' id='word_1_309' title='bbox 181 4371 233 4427; x_wconf 89' lang='lat' dir='ltr'><strong>vel</strong></span> <span class='ocrx_word' id='word_1_310' title='bbox 257 4371 534 4443; x_wconf 90' lang='lat' dir='ltr'><strong>qualiumcumque</strong></span> <span class='ocrx_word' id='word_1_311' title='bbox 557 4370 714 4427; x_wconf 88' lang='lat' dir='ltr'><strong>malorum</strong></span> <span class='ocrx_word' id='word_1_312' title='bbox 731 4369 896 4441; x_wconf 83' lang='lat' dir='ltr'><strong>generibus</strong></span> <span class='ocrx_word' id='word_1_313' title='bbox 912 4370 973 4427; x_wconf 90' lang='lat' dir='ltr'><strong>sibi</strong></span> <span class='ocrx_word' id='word_1_314' title='bbox 995 4371 1130 4427; x_wconf 88' lang='lat' dir='ltr'><strong>invicem</strong></span> <span class='ocrx_word' id='word_1_315' title='bbox 1154 4372 1206 4429; x_wconf 83' lang='lat' dir='ltr'><strong>vel</strong></span> <span class='ocrx_word' id='word_1_316' title='bbox 1228 4378 1340 4431; x_wconf 91' lang='lat' dir='ltr'><strong>mutua</strong></span> <span class='ocrx_word' id='word_1_317' title='bbox 1357 4374 1446 4432; x_wconf 91' lang='lat' dir='ltr'><strong>vicis·</strong></span> 
     </span>
     <span class='ocr_line' id='line_1_37' title="bbox 184 4476 1446 4551; baseline 0.002 -17"><span class='ocrx_word' id='word_1_318' title='bbox 184 4477 316 4534; x_wconf 89' lang='lat' dir='ltr'><strong>situdine</strong></span> <span class='ocrx_word' id='word_1_319' title='bbox 340 4476 610 4549; x_wconf 86' lang='lat' dir='ltr'><strong>qualitercumque</strong></span> <span class='ocrx_word' id='word_1_320' title='bbox 634 4483 663 4532; x_wconf 89' lang='lat' dir='ltr'><strong>et</strong></span> <span class='ocrx_word' id='word_1_321' title='bbox 687 4476 981 4549; x_wconf 88' lang='lat' dir='ltr'><strong>quomodocumque</strong></span> <span class='ocrx_word' id='word_1_322' title='bbox 1004 4479 1153 4536; x_wconf 88' lang='lat' dir='ltr'><strong>hactenus</strong></span> <span class='ocrx_word' id='word_1_323' title='bbox 1176 4477 1274 4551; x_wconf 84' lang='lat' dir='ltr'><strong>iactis,</strong></span> <span class='ocrx_word' id='word_1_324' title='bbox 1297 4480 1397 4539; x_wconf 90' lang='lat' dir='ltr'><strong>illatis</strong></span> <span class='ocrx_word' id='word_1_325' title='bbox 1419 4486 1446 4537; x_wconf 92' lang='lat' dir='ltr'><strong>et</strong></span> 
     </span>
     <span class='ocr_line' id='line_1_38' title="bbox 181 4583 1443 4657; baseline 0.004 -17"><span class='ocrx_word' id='word_1_326' title='bbox 181 4583 325 4654; x_wconf 86' lang='lat' dir='ltr'><strong>irrogatis</strong></span> <span class='ocrx_word' id='word_1_327' title='bbox 340 4587 370 4638; x_wconf 88' lang='lat' dir='ltr'><strong>et</strong></span> <span class='ocrx_word' id='word_1_328' title='bbox 386 4589 493 4639; x_wconf 90' lang='lat' dir='ltr'><strong>contra</strong></span> <span class='ocrx_word' id='word_1_329' title='bbox 516 4598 580 4639; x_wconf 91' lang='lat' dir='ltr'><strong>sese</strong></span> <span class='ocrx_word' id='word_1_330' title='bbox 597 4583 756 4656; x_wconf 90' lang='lat' dir='ltr'><strong>hucusque</strong></span> <span class='ocrx_word' id='word_1_331' title='bbox 772 4585 848 4640; x_wconf 89' lang='lat' dir='ltr'><strong>actis</strong></span> <span class='ocrx_word' id='word_1_332' title='bbox 865 4590 895 4640; x_wconf 92' lang='lat' dir='ltr'><strong>et</strong></span> <span class='ocrx_word' id='word_1_333' title='bbox 911 4585 1106 4657; x_wconf 89' lang='lat' dir='ltr'><strong>perpetratis,</strong></span> <span class='ocrx_word' id='word_1_334' title='bbox 1125 4601 1186 4643; x_wconf 93' lang='lat' dir='ltr'><strong>non</strong></span> <span class='ocrx_word' id='word_1_335' title='bbox 1211 4586 1244 4643; x_wconf 84' lang='lat' dir='ltr'><strong>vi</strong></span> <span class='ocrx_word' id='word_1_336' title='bbox 1267 4587 1321 4644; x_wconf 88' lang='lat' dir='ltr'><strong>vel</strong></span> <span class='ocrx_word' id='word_1_337' title='bbox 1345 4592 1443 4646; x_wconf 88' lang='lat' dir='ltr'><strong>metus</strong></span> 
     </span>
     <span class='ocr_line' id='line_1_39' title="bbox 182 4688 1445 4766; baseline 0.006 -21"><span class='ocrx_word' id='word_1_338' title='bbox 182 4704 273 4745; x_wconf 84' lang='lat' dir='ltr'><strong>causa</strong></span> <span class='ocrx_word' id='word_1_339' title='bbox 297 4688 351 4745; x_wconf 92' lang='lat' dir='ltr'><strong>sed</strong></span> <span class='ocrx_word' id='word_1_340' title='bbox 375 4704 483 4746; x_wconf 91' lang='lat' dir='ltr'><strong>eorum</strong></span> <span class='ocrx_word' id='word_1_341' title='bbox 507 4695 677 4763; x_wconf 90' lang='lat' dir='ltr'><strong>spontanea</strong></span> <span class='ocrx_word' id='word_1_342' title='bbox 700 4696 729 4746; x_wconf 90' lang='lat' dir='ltr'><strong>et</strong></span> <span class='ocrx_word' id='word_1_343' title='bbox 746 4690 892 4746; x_wconf 88' lang='lat' dir='ltr'><strong>benivola</strong></span> <span class='ocrx_word' id='word_1_344' title='bbox 908 4690 1068 4748; x_wconf 87' lang='lat' dir='ltr'><strong>voluntate</strong></span> <span class='ocrx_word' id='word_1_345' title='bbox 1085 4698 1116 4749; x_wconf 88' lang='lat' dir='ltr'><strong>et</strong></span> <span class='ocrx_word' id='word_1_346' title='bbox 1137 4708 1217 4766; x_wconf 88' lang='lat' dir='ltr'><strong>pura</strong></span> <span class='ocrx_word' id='word_1_347' title='bbox 1240 4706 1354 4752; x_wconf 87' lang='lat' dir='ltr'><strong>eorum</strong></span> <span class='ocrx_word' id='word_1_348' title='bbox 1376 4709 1445 4752; x_wconf 89' lang='lat' dir='ltr'><strong>con·</strong></span> 
     </span>
     <span class='ocr_line' id='line_1_40' title="bbox 182 4795 1448 4870; baseline 0.004 -19"><span class='ocrx_word' id='word_1_349' title='bbox 182 4795 313 4853; x_wconf 89' lang='lat' dir='ltr'><strong>sciencia</strong></span> <span class='ocrx_word' id='word_1_350' title='bbox 337 4810 403 4850; x_wconf 89' lang='lat' dir='ltr'><strong>sese</strong></span> <span class='ocrx_word' id='word_1_351' title='bbox 439 4795 601 4853; x_wconf 84' lang='lat' dir='ltr'><strong>dumtaxat</strong></span> <span class='ocrx_word' id='word_1_352' title='bbox 634 4802 742 4853; x_wconf 92' lang='lat' dir='ltr'><strong>mutuo</strong></span> <span class='ocrx_word' id='word_1_353' title='bbox 766 4803 795 4852; x_wconf 90' lang='lat' dir='ltr'><strong>et</strong></span> <span class='ocrx_word' id='word_1_354' title='bbox 818 4796 995 4853; x_wconf 85' lang='lat' dir='ltr'><strong>alternatim</strong></span> <span class='ocrx_word' id='word_1_355' title='bbox 1027 4798 1149 4870; x_wconf 90' lang='lat' dir='ltr'><strong>quietos</strong></span> <span class='ocrx_word' id='word_1_356' title='bbox 1178 4797 1389 4859; x_wconf 90' lang='lat' dir='ltr'><strong>reddidissent</strong></span> <span class='ocrx_word' id='word_1_357' title='bbox 1420 4807 1448 4857; x_wconf 89' lang='lat' dir='ltr'><strong>et</strong></span> 
     </span>
     <span class='ocr_line' id='line_1_41' title="bbox 181 4901 1449 4975; baseline 0.006 -16"><span class='ocrx_word' id='word_1_358' title='bbox 181 4917 238 4975; x_wconf 90' lang='lat' dir='ltr'><strong>per</strong></span> <span class='ocrx_word' id='word_1_359' title='bbox 262 4901 367 4958; x_wconf 87' lang='lat' dir='ltr'><strong>omnia</strong></span> <span class='ocrx_word' id='word_1_360' title='bbox 390 4901 559 4975; x_wconf 89' lang='lat' dir='ltr'><strong>expeditos,</strong></span> <span class='ocrx_word' id='word_1_361' title='bbox 598 4916 706 4974; x_wconf 89' lang='lat' dir='ltr'><strong>ymmo</strong></span> <span class='ocrx_word' id='word_1_362' title='bbox 743 4901 946 4959; x_wconf 90' lang='lat' dir='ltr'><strong>reddiderunt</strong></span> <span class='ocrx_word' id='word_1_363' title='bbox 977 4909 1006 4960; x_wconf 94' lang='lat' dir='ltr'><strong>et</strong></span> <span class='ocrx_word' id='word_1_364' title='bbox 1037 4905 1260 4963; x_wconf 90' lang='lat' dir='ltr'><strong>commiserunt</strong></span> <span class='ocrx_word' id='word_1_365' title='bbox 1290 4907 1390 4965; x_wconf 90' lang='lat' dir='ltr'><strong>nostri</strong></span> <span class='ocrx_word' id='word_1_366' title='bbox 1419 4907 1449 4966; x_wconf 89' lang='lat' dir='ltr'><strong>in</strong></span> 
     </span>
    </p>
   </div>
   <div class='ocr_carea' id='block_1_6' title="bbox 0 0 1644 5348">
    <p class='ocr_par' dir='ltr' id='par_1_6' title="bbox 0 0 1644 5348">
     <span class='ocr_line' id='line_1_42' title="bbox 0 0 1644 5348; baseline 0 0"><span class='ocrx_word' id='word_1_367' title='bbox 0 0 1644 5348; x_wconf 95' lang='lat' dir='ltr'><strong> </strong></span> 
     </span>
    </p>
   </div>
  </div>
 </body>
</html>
