3278 5348
614 436 688 497 Dor.
704 445 781 514 325.
805 468 848 479 -
872 428 1044 512 An.1481.
1386 448 1447 510 411

184 650 319 726 septimo
342 653 516 727 conscripta
538 652 736 727 explanabat,
760 649 843 726 quod
860 650 928 725 ipse
950 648 1095 708 dominus
1110 649 1264 734 Johannes
1281 648 1448 723 episcopus

186 773 315 817 cernens
339 759 497 818 inanimo
521 765 551 818 et
582 758 691 817 sedula
721 757 925 816 meditacione
950 772 1091 831 pensans,
1114 755 1295 814 eorumdem
1320 755 1452 829 preben-

186 863 347 923 dariorum
371 865 618 939 postulacionem
643 871 674 924 et
698 865 892 938 peticionem,
914 863 1024 921 nolens
1046 861 1300 936 predecessorum
1325 875 1454 920 suorum

188 970 328 1029 instituta
352 972 491 1030 salubria
523 971 700 1045 intringere,
729 970 824 1029 talem
856 970 959 1042 gracie
989 968 1221 1042 prerogativam
1242 967 1359 1026 eisdem
1383 983 1453 1043 pre·

188 1076 348 1137 bendariis
382 1076 520 1135 duxisset
554 1076 737 1148 faciendam,
771 1075 855 1149 quod
891 1074 929 1133 de
963 1075 1094 1148 singulis
1129 1073 1228 1133 vineis
1250 1074 1391 1148 ipsorum
1415 1087 1452 1132 ac

186 1184 278 1241 terris
303 1184 440 1258 propriis
462 1182 502 1242 ad
525 1184 665 1257 ipsorum
697 1181 872 1255 prebendas
894 1181 1108 1258 spectantibus
1132 1187 1161 1238 et
1185 1178 1410 1253 pertinentibus
1435 1191 1454 1235 a

184 1290 330 1364 primevo
354 1296 496 1364 tempore
526 1304 625 1364 usque
648 1288 771 1348 felicem
795 1289 918 1347 obitum
939 1288 1038 1360 ipsius
1062 1285 1193 1345 condam
1217 1285 1336 1344 domini
1359 1284 1455 1342 Eber-

185 1394 278 1454 hardi
300 1396 450 1471 episcopi,
473 1397 550 1471 ipsis
572 1411 629 1472 per
652 1410 866 1470 quoscumque
888 1392 1142 1453 testamentaliter
1157 1392 1209 1450 vel
1231 1392 1343 1466 quovis
1359 1389 1454 1449 modo

186 1500 299 1574 legatis
322 1506 352 1559 et
375 1502 505 1574 donatis,
536 1501 640 1561 nullas
663 1501 800 1560 decimas
822 1500 883 1558 sibi
906 1506 937 1558 et
959 1497 1188 1557 successoribus
1212 1497 1276 1556 suis
1299 1513 1338 1555 ex
1365 1501 1455 1571 parte

185 1621 294 1665 eorum
329 1608 495 1682 provenire
526 1607 691 1678 debendas,
713 1607 836 1665 solvere
867 1605 1023 1676 deberent,
1047 1603 1234 1678 easdemque
1257 1618 1315 1678 pro
1338 1601 1454 1661 eisdem

184 1712 322 1773 dominis
337 1714 551 1788 prebendariis
566 1713 705 1772 duxisset
720 1712 922 1772 remittendas
938 1718 968 1770 et
983 1709 1175 1769 relaxandas
1192 1709 1308 1784 Quarte
1319 1723 1454 1783 namque

184 1819 289 1878 littere
312 1826 416 1878 nostre
442 1818 648 1878 affirmatorie
681 1824 769 1877 tenor
791 1817 929 1876 verbalis
959 1818 1098 1891 sequitur
1121 1817 1152 1875 in
1175 1817 1232 1874 hec
1254 1815 1368 1874 verba:
1390 1813 1454 1872 Nos

186 1925 321 1984 Michael
351 1926 452 1999 Orzag
480 1925 519 1984 de
542 1924 645 1996 thh‚
668 1925 756 1998 regni
778 1924 959 1997 Hunngarie
990 1924 1145 1998 palatinus
1169 1931 1199 1981 et
1221 1920 1316 1981 iudex
1342 1919 1473 1983 Comen

185 2046 298 2090 norum
323 2047 358 2090 ac
381 2047 485 2090 comes
516 2013 691 2106 Stephanus
714 2031 752 2089 de
775 2031 898 2102 Bethor,
922 2031 1015 2090 iudex
1038 2031 1123 2096 curie
1156 2027 1344 2088 serenissimi
1370 2027 1454 2102 prin·

185 2138 264 2213 cipis
288 2138 406 2197 domini
429 2139 545 2197 Mathie
568 2138 619 2197 dei
641 2139 744 2211 gracia
767 2139 849 2211 regis
873 2137 948 2197 dicti
971 2138 1130 2210 Hungarie
1146 2153 1182 2194 ac
1205 2133 1451 2206 Bohemie,1)al·

185 2245 294 2314 macie,
326 2244 455 2303 Croacie
485 2253 540 2303 etc.
572 2245 721 2302 Memorie
751 2243 1015 2315 commendamus,
1046 2243 1130 2317 quod
1154 2243 1186 2301 in
1210 2240 1454 2320 congregacione

188 2356 296 2410 nostra
328 2351 467 2425 generali
499 2349 694 2409 universitati
727 2350 883 2408 nobilium
917 2349 1081 2408 comitatus
1116 2346 1342 2422 zagrabiensis,
1376 2343 1454 2404 leria

186 2456 285 2514 tercia
308 2457 453 2530 proxima
476 2462 546 2513 ante
569 2454 684 2513 festum
708 2455 936 2530 purificacionis
957 2455 1180 2529 gloriosissime
1204 2452 1333 2525 virginis
1349 2452 1453 2523 Marie,

186 2561 225 2621 de
251 2562 380 2636 speciali
403 2561 551 2620 mandato
574 2567 604 2621 et
626 2562 843 2621 commissione
864 2561 978 2637 prefati
995 2561 1114 2620 domini
1136 2560 1234 2619 nostri
1257 2560 1339 2632 regis
1354 2572 1454 2632 prope

186 2669 344 2728 civitatem
358 2669 590 2742 zagrabiensem
607 2668 771 2734 celebrata.
784 2668 984 2727 honorabiles
996 2667 1115 2726 domini
1129 2667 1261 2726 Michael
1284 2665 1322 2724 de
1339 2664 1451 2723 Zenth·

184 2776 391 2849 gyerghwara
414 2775 556 2847 decanus,
577 2790 696 2836 necnon
712 2776 865 2849 Georgius
881 2776 1033 2850 plebanus
1053 2776 1181 2834 ecclesie
1204 2775 1300 2833 sancti
1317 2770 1451 2832 Emerici

186 2881 273 2940 ducis
296 2883 327 2940 in
351 2896 422 2940 area
453 2881 619 2955 capitulari
650 2882 777 2941 ecclesie
808 2882 1015 2955 zagrabiensis
1038 2881 1172 2953 fundate,
1196 2882 1227 2940 in
1252 2882 1392 2956 ipsorum
1416 2895 1452 2937 ac

185 2989 404 3047 universorum
437 2988 717 3063 prebendariorum
747 2993 778 3048 et
797 2989 1009 3048 altaristarum
1033 2989 1171 3049 eiusdem
1195 2990 1323 3048 ecclesie
1344 3002 1450 3061 cagra-

184 3094 300 3154 biensis
324 3095 471 3169 personis,
493 3093 533 3153 de
556 3094 659 3153 medio
683 3095 817 3154 aliorum
839 3101 979 3154 nostram
995 3103 1178 3169 exurgentes
1201 3096 1233 3155 in
1257 3095 1451 3170 presenciam

185 3207 417 3277 proposuerunt
439 3216 476 3259 eo
500 3200 609 3260 modo:
642 3201 801 3276 quomodo
831 3200 926 3259 iidem
958 3201 1077 3260 domini
1100 3202 1300 3276 prebendarii
1322 3206 1353 3259 et
1376 3201 1455 3259 alta-

184 3307 267 3379 riste,
291 3306 588 3381 predecessoresque
608 3305 791 3366 eorumdem
814 3323 831 3365 a
856 3308 963 3366 multis
985 3310 1146 3367 retroactis
1163 3308 1366 3382 temporibus,
1392 3322 1453 3380 que

185 3415 322 3473 humana
344 3429 405 3472 non
429 3413 706 3488 comprehenderet
730 3415 890 3487 memoria,
915 3421 1011 3473 terras
1032 3417 1175 3485 arabiles,
1206 3421 1297 3488 prata
1321 3429 1374 3471 seu
1408 3412 1453 3470 se·

182 3520 264 3580 nilla
286 3519 326 3578 ad
351 3520 487 3594 prefatas
517 3519 693 3594 prebendas
716 3526 746 3579 et
768 3526 938 3579 rectoratus
960 3522 1107 3579 altarium
1131 3525 1304 3595 spectantes
1328 3525 1358 3578 et
1380 3534 1454 3593 per·

183 3627 315 3686 tinencia
338 3627 418 3685 intra
438 3627 554 3685 limites
577 3627 638 3685 vici
659 3628 839 3687 Latinorum
855 3629 885 3686 in
908 3629 1055 3686 comitatu
1072 3628 1264 3700 zagrabiensi
1279 3627 1452 3697 existentes,

183 3734 372 3806 habuissent,
396 3740 426 3792 et
448 3733 564 3792 eisdem
585 3750 657 3792 cum
682 3735 778 3793 tocius
801 3735 930 3794 dominii
954 3736 1045 3809 plena
1069 3740 1220 3809 potestate
1243 3735 1290 3793 usi
1314 3733 1451 3803 fuissent,

184 3843 215 3901 et
230 3841 289 3898 hoc
305 3841 420 3914 comiti,
432 3838 588 3916 judicibus
599 3842 767 3915 nobilium,
783 3843 953 3916 iuratisque
969 3843 1176 3901 assessoribus
1192 3842 1266 3900 dicti
1288 3841 1452 3900 comitatus

184 3947 394 4021 zagrabieusis
426 3952 579 4006 constaret
608 3947 778 4011 evidenter.
801 3949 940 4007 Petentes
964 3963 1020 4006 nos
1043 3949 1102 4006 hiis
1126 3948 1224 4020 dictis,
1248 3948 1352 4007 debita
1379 3961 1451 4004 cum

184 4054 341 4126 instancia,
365 4060 399 4112 ut
423 4053 521 4112 iidem
543 4069 657 4123 comes
672 4052 767 4130 judex
789 4055 953 4127 nobilium,
970 4053 1125 4131 juratique
1141 4069 1309 4113 assessores
1326 4053 1452 4128 qualem

185 4159 225 4219 de
247 4161 409 4233 premissis
431 4161 552 4232 scirent,
570 4177 626 4235 per
641 4176 698 4220 nos
714 4163 863 4235 requisiti,
879 4162 1050 4221 faterentur
1066 4161 1256 4220 certitudinis
1280 4160 1451 4219 veritatem.

184 4266 327 4342 Cumque
350 4282 406 4325 nos
429 4267 555 4326 eosdem
572 4269 728 4340 comitem,
752 4267 869 4344 iudices
892 4269 1056 4340 nobilium,
1080 4267 1260 4344 juratosque
1283 4281 1452 4326 assessores

183 4374 348 4432 comitatus
370 4374 537 4448 prescripti
561 4390 656 4448 super
680 4375 840 4448 premissis
863 4375 1028 4448 requisitos
1052 4375 1280 4445 habuissemus,
1294 4372 1391 4431 iidem
1408 4369 1449 4430 ad

183 4478 278 4538 tidem
309 4494 418 4539 eorum
448 4480 507 4538 deo
540 4479 687 4552 debitam,
718 4480 963 4554 fidelitatemque
995 4480 1078 4539 dicto
1102 4480 1229 4540 domino
1253 4484 1359 4539 nostro
1383 4477 1450 4551 regi

183 4590 214 4646 et
235 4602 324 4646 sacro
348 4586 413 4645 eius
444 4587 531 4660 regio
562 4585 741 4659 dyademati
771 4586 1000 4646 observandam
1032 4601 1090 4660 pro
1113 4586 1244 4645 dicenda
1267 4584 1397 4644 veritate
1420 4590 1450 4642 et

182 4693 303 4752 iusticia
325 4693 536 4752 conservanda
559 4699 639 4752 tacto
663 4693 816 4753 dominice
832 4695 931 4752 crucis
954 4695 1042 4767 signo
1066 4693 1156 4751 nobis
1180 4691 1351 4767 prestitam,
1367 4695 1451 4749 ante·

182 4798 262 4859 fatos
286 4799 428 4859 dominos
451 4799 673 4875 prebendarios
696 4806 726 4859 et
748 4801 902 4860 altaristas
917 4800 1014 4860 dictas
1038 4807 1135 4859 terras
1157 4798 1292 4858 arabiles
1315 4803 1346 4855 et
1360 4803 1450 4873 prata

181 4907 248 4966 sive
271 4904 377 4966 fenilio
408 4912 570 4982 prenotata
593 4907 624 4965 in
653 4907 809 4966 territorio
841 4908 902 4967 vici
932 4907 1115 4967 Latinorum
1146 4902 1332 4966 antedictia
1360 4901 1450 4961 dictis
