3256 5346
554 402 628 461 Dec.
651 415 701 478 29.
727 415 775 484 30.
802 412 1079 479 —1421-1422.

784 632 846 698 29.

290 771 371 821 Anno
393 783 469 835 1421,
487 787 575 820 mense
591 771 673 836 Julto.

250 898 387 972 Injuriae
409 916 429 954 a
452 894 577 972 capimlo
600 900 716 973 zagrab.
740 900 847 957 civibus
876 899 1064 958 Grccensibus
1086 899 1188 956 illatae
1211 896 1388 971 reseruntur.

289 1041 377 1115 Item,
400 1043 513 1117 primo,
537 1043 620 1101 circa
651 1043 764 1103 festum
796 1045 885 1103 beate
912 1045 1108 1118 Margarethe
1136 1042 1275 1114 virginis,
1306 1044 1447 1110 tempore

180 1152 371 1222 treugarum,
402 1148 555 1222 Georgius
589 1149 735 1209 officialis
768 1166 822 1209 seu
855 1150 949 1209 iudex
983 1151 1143 1225 provincie
1177 1145 1308 1221 capituli
1342 1157 1448 1216 zagra-

180 1254 299 1314 biensis
321 1270 395 1313 cum
418 1254 627 1331 familiaribus
650 1263 681 1315 et
710 1258 889 1316 hominibus
919 1258 991 1329 suis,
1023 1257 1173 1326 homines,
1206 1254 1298 1321 cives,
1330 1250 1447 1309 incolas

179 1366 213 1419 et
235 1360 461 1420 inhabitatores
483 1360 623 1437 predicte
646 1364 780 1422 civitatis
802 1365 886 1436 regie
910 1364 1078 1422 maiestatis
1110 1364 1142 1420 in
1175 1359 1278 1418 medio
1308 1355 1448 1415 eiusdem

177 1467 317 1526 civitatis
351 1465 419 1526 dire
452 1469 640 1540 verberavit,
675 1469 851 1528 vulneravit
885 1474 915 1528 et
949 1469 1106 1545 spoliavit,
1135 1466 1273 1544 jugaque
1296 1464 1393 1522 boum
1417 1467 1448 1520 et

177 1589 291 1632 currus
315 1573 451 1633 desecuit
473 1581 504 1633 et
524 1575 688 1634 anihilavit
710 1577 853 1649 potencia
882 1575 1045 1634 mediante.
1083 1575 1129 1632 De
1163 1573 1222 1630 hiis
1250 1572 1354 1643 itaque
1385 1582 1447 1626 non

178 1684 343 1739 contentus
376 1679 461 1738 idem
494 1680 648 1754 Georgius
681 1682 823 1741 homines
846 1697 900 1740 seu
923 1683 1006 1740 cives
1029 1680 1163 1739 civitatis
1187 1675 1325 1751 predicte
1350 1674 1446 1748 capti-

182 1786 270 1844 vavit
291 1791 322 1844 et
345 1791 452 1861 captos
475 1787 506 1845 in
529 1787 655 1846 civitate
677 1788 709 1847 in
731 1789 811 1847 turri
833 1789 884 1846 hic
906 1788 1012 1846 habita
1035 1785 1155 1844 tamdiu
1178 1781 1310 1841 vinculis
1333 1780 1447 1838 manci·

182 1896 273 1967 patos
295 1892 402 1965 tenuit,
426 1906 588 1967 quousque
609 1909 664 1952 sue
687 1894 806 1969 placuit
829 1895 991 1965 voluntati,
1015 1892 1111 1966 culpa
1135 1905 1243 1949 eorum
1273 1890 1338 1946 sine
1362 1886 1447 1945 omni
1516 1900 1522 1907 ·

184 2003 213 2055 et
235 2004 343 2056 contra
364 1998 543 2057 libertatem
566 2000 708 2059 civitatis.

290 2135 480 2187 Documentum
499 2136 703 2188 transactionaie.
731 2139 763 2186 Iu
781 2137 876 2189 archiv.
896 2152 953 2188 ven.
973 2133 1056 2199 Capit.
1088 2131 1268 2196 zagrabiensis.
1297 2129 1358 2180 Act.
1384 2128 1446 2192 Cap.

185 2224 235 2274 aut.
253 2223 315 2274 fasc.
336 2234 378 2275 ro.
396 2239 434 2276 nr.
458 2238 496 2289 14.

780 2417 846 2482 30.

291 2561 371 2609 Auno
393 2571 469 2623 1422,
491 2570 529 2623 17.
547 2558 629 2623 Junii.
647 2559 681 2607 Iu
698 2557 805 2609 Solnok.

190 2687 389 2762 Sigismundus
421 2704 473 2744 sex
504 2703 600 2744 severe
632 2686 755 2743 inundat
785 2686 929 2755 capitulo,
961 2703 997 2741 nc
1034 2685 1108 2742 cives
1138 2683 1175 2740 ab
1205 2681 1290 2759 agn's
1324 2677 1447 2736 colendis

746 2792 889 2866 impediat.

906 2913 1060 2962 Commissio
1079 2912 1183 2978 propria
1201 2910 1298 2959 domini
1317 2909 1393 2971 regis.

287 3023 504 3098 sigismundus
526 3025 577 3084 dei
599 3026 704 3099 gracia
726 3027 938 3084 Romanorum
962 3042 1026 3096 rex,
1061 3041 1186 3100 semper
1219 3027 1376 3096 augustus,
1411 3034 1447 3078 ac

186 3129 351 3204 Hungarie,
375 3130 531 3203 Bohemie,
554 3132 724 3202 Dalmacie,
748 3131 876 3191 Croacie
891 3138 947 3204 etc,
962 3148 1026 3190 rex.
1046 3131 1207 3189 Fidelibus
1222 3129 1335 3188 nostris
1351 3128 1447 3184 hono·

184 3236 337 3296 rabilibus
359 3237 445 3309 viris,
469 3236 603 3296 dominis
626 3239 787 3312 preposito
809 3243 840 3296 et
862 3237 999 3312 capitulo
1023 3237 1153 3295 ecclesie
1168 3234 1377 3308 zagrabiensis
1400 3247 1447 3290 sa-

182 3342 280 3400 lutem
303 3347 334 3400 et
356 3343 503 3415 graciam.
527 3342 664 3402 Gravem
688 3342 849 3417 querelam
880 3341 985 3400 fidelis
1016 3344 1114 3401 nostri
1145 3342 1272 3416 providi
1303 3339 1445 3412 magistri

186 3447 314 3507 Fabiani
337 3447 415 3507 civis
438 3454 469 3506 et
491 3450 604 3508 notarii
635 3455 740 3508 nostre
773 3450 906 3508 civitatis
940 3450 1149 3522 zagrabiensis
1184 3464 1240 3521 per
1275 3448 1380 3521 ipsum
1415 3446 1446 3502 in

183 3554 322 3628 personis
345 3553 489 3613 fidelium
512 3561 690 3614 nostrorum
712 3555 917 3631 providorum
940 3552 1060 3631 judicis,
1075 3553 1312 3631 juratorumque
1328 3552 1446 3610 civium

182 3674 217 3718 ac
240 3661 339 3719 tocius
364 3661 598 3720 communitatis
621 3661 760 3720 eiusdem
794 3669 897 3721 nostre
932 3663 1066 3720 civitatis
1100 3662 1308 3735 zagrabiensis
1342 3664 1447 3717 nostre

181 3766 334 3825 maiestati
354 3765 485 3824 allatam
508 3766 719 3827 intelleximus
751 3768 923 3826 admodum
956 3768 1167 3842 displicenter,
1200 3766 1359 3841 quomodo
1391 3781 1447 3824 vos

181 3870 307 3930 eosdem
329 3872 413 3931 cives
429 3877 458 3930 et
481 3873 620 3946 hospites
642 3879 764 3932 nostros
787 3882 892 3932 contra
916 3889 1024 3931 eorum
1049 3875 1208 3932 libertates
1232 3882 1261 3932 et
1285 3879 1446 3932 consuetu-

184 3976 278 4048 dines,
308 3977 423 4051 quibus
453 3979 514 4052 ipsi
537 3979 579 4036 ab
609 3981 737 4054 antiquo
762 3981 809 4037 usi
830 3979 958 4037 fuissent
982 3986 1011 4038 et
1034 3981 1142 4052 gavisi,
1165 3981 1339 4054 plurimum
1363 3980 1447 4038 inde-

182 4083 245 4142 bite
268 4088 299 4141 et
322 4084 425 4141 minus
446 4082 527 4161 juste
548 4085 790 4160 impedivissetis
814 4092 843 4143 et
866 4086 1021 4160 impedire
1045 4102 1106 4144 non
1130 4089 1298 4157 cessaretis,
1316 4095 1345 4146 et
1362 4088 1446 4161 quod

181 4187 307 4247 eosdem
330 4189 421 4248 terris
444 4205 553 4249 eorum
575 4190 614 4248 ad
638 4191 754 4250 dictam
777 4193 936 4250 civitatem
959 4199 1097 4249 nostram
1120 4193 1353 4264 zagrabiensem
1377 4210 1447 4266 per-

180 4295 348 4354 tinentibus
371 4301 402 4354 et
424 4296 505 4354 intra
528 4312 619 4355 veras
634 4303 734 4355 metas
750 4304 779 4356 et
795 4314 903 4356 cursus
922 4299 1051 4356 metales
1068 4299 1206 4357 eiusdem
1231 4299 1444 4357 adiacentibus

180 4402 223 4460 uti
247 4406 277 4459 et
300 4399 364 4459 frui
385 4415 447 4460 non
470 4402 699 4476 permitteretis,
720 4419 828 4476 ymmo
851 4406 911 4463 hiis
928 4406 1123 4480 temporibus
1139 4406 1299 4464 retroactis
1317 4405 1445 4478 quidam

181 4522 218 4565 ex
241 4506 334 4565 vobis
357 4522 429 4566 cum
451 4522 561 4591 eorum
580 4508 789 4568 familiaribus
812 4511 966 4585 quosdam
982 4528 1020 4570 ex
1036 4513 1154 4571 eisdem
1170 4513 1291 4571 civibus
1307 4511 1338 4569 in
1355 4510 1444 4568 dictis

181 4627 291 4671 eorum
321 4614 413 4672 terris
438 4620 565 4698 arantes
588 4614 796 4699 repperiendo
824 4624 964 4675 aratrum
987 4619 1129 4692 ipsorum
1152 4618 1247 4677 simul
1271 4632 1342 4675 cum
1365 4616 1442 4674 rotis

181 4718 220 4778 ad
244 4719 329 4779 idem
352 4731 493 4807 aratrum
515 4721 597 4797 aptis
627 4723 749 4798 penitus
783 4729 813 4781 et
836 4706 872 4782 in'
902 4730 1006 4798 partes
1041 4725 1264 4783 minutissimas
1298 4720 1445 4779 dissecari

181 4823 340 4900 fecissetis,
361 4827 505 4903 potencia
536 4827 700 4900 mediante,
720 4829 753 4887 in
776 4829 916 4905 ipsorum
950 4830 1159 4904 preiudicium
1193 4844 1229 4886 ac
1263 4827 1446 4907 dampnum,
