3278 5348
622 467 695 525 Doc.
711 476 784 543 327.
817 497 852 509 -
875 465 931 523 An.
956 460 1045 542 1481.
1390 483 1452 543 417

252 573 354 579 -.-.--»
386 572 408 577 .-
435 572 463 577 -.
492 571 544 578 ...-

193 684 419 758 praescriptam
458 682 681 739 limitacionem
719 680 796 738 tales
834 680 951 739 denarii
984 696 1041 754 per
1074 681 1252 739 tributarios
1286 680 1457 752 exigantur,

191 804 326 864 quorum
350 787 541 846 centenarius
564 801 712 844 numerus
735 785 808 844 iacit
831 801 926 844 unum
950 785 1100 844 florenum
1116 787 1193 858 auri,
1209 792 1261 844 aut
1282 786 1389 846 valore
1405 784 1456 843 de·

190 896 351 954 nariomm
387 893 569 952 eorumdem
599 893 765 963 declarato,
797 891 880 966 quod
912 893 1089 966 ubicunque
1120 894 1151 951 in
1174 893 1401 968 principalibus
1427 896 1457 950 et

191 1000 378 1075 capitalibus
401 999 526 1057 tributis
549 998 668 1057 solucio
691 997 772 1056 iacta
795 997 897 1069 inerit,
921 998 966 1056 ibi
990 999 1021 1057 in
1044 998 1196 1057 filialibus
1219 999 1344 1057 tributis
1358 998 1456 1056 nichil

191 1108 341 1179 exigatur,
365 1111 395 1163 et
418 1121 435 1162 e
458 1119 608 1163 converso
615 1123 622 1174 ;
646 1110 677 1161 et
699 1104 784 1177 quod
808 1105 964 1163 tributarii
986 1106 1018 1162 in
1041 1105 1288 1179 possessionibus
1311 1111 1341 1163 et
1363 1105 1455 1162 terris

190 1213 323 1271 aliorum
349 1212 503 1270 nobilium
523 1226 624 1284 neque
646 1211 764 1268 tributa
788 1211 907 1281 tollere,
929 1226 1030 1284 neque
1052 1211 1284 1286 progredientes
1307 1215 1337 1269 et
1360 1210 1456 1286 profi-

188 1320 336 1377 ciscentes
371 1333 443 1375 curn
477 1317 571 1375 rebus
605 1317 771 1375 venalibus
805 1316 1028 1391 quoquomodo
1062 1317 1216 1392 impedire
1247 1323 1276 1376 et
1309 1316 1455 1376 infestare

187 1424 330 1482 audeant.
363 1423 443 1480 Cum
478 1424 583 1495 itaque
607 1423 675 1496 ipsa
697 1422 915 1480 moderacione
938 1438 990 1480 seu
1015 1422 1204 1481 limitacione
1228 1422 1360 1481 iactaret
1383 1440 1455 1497 per·

186 1536 255 1589 acta
277 1545 346 1588 eam
369 1533 613 1604 preattactorum
630 1529 867 1586 commitatuum
883 1528 1044 1586 nobilibus
1060 1529 1091 1587 in
1107 1529 1271 1603 publicum
1288 1528 1455 1588 videndam

188 1636 373 1710 prebuimus
408 1640 439 1692 et
469 1650 574 1693 coram
605 1635 649 1693 eis
680 1635 743 1707 legi
774 1639 803 1692 et
827 1636 859 1693 in
882 1635 1028 1692 omnibus
1052 1636 1149 1710 ipsius
1172 1636 1343 1709 particulis,
1367 1636 1452 1694 clau-

186 1742 266 1800 sulis
288 1748 318 1800 et
341 1742 481 1799 articulis
504 1742 618 1815 exponi
641 1739 780 1812 fecimus,
804 1742 949 1799 omnibus
979 1756 1124 1814 congrua,
1154 1749 1342 1815 competens,
1366 1742 1453 1800 utilis

191 1854 222 1906 et
245 1846 447 1905 accommoda
477 1847 545 1904 visa
575 1847 699 1916 exstitit,
730 1847 833 1920 agnita
856 1853 887 1904 et
910 1846 1053 1921 probata,
1078 1862 1174 1921 quam
1196 1849 1227 1906 in
1252 1848 1372 1907 litteras
1394 1864 1449 1907 no-

191 1959 272 2012 stras
294 1953 395 2026 redigi
425 1960 456 2011 et
486 1954 518 2011 in
547 1953 664 2026 scripto
694 1967 753 2026 pro
783 1953 936 2011 memoria
959 1959 989 2011 et
1011 1953 1159 2013 firmitate
1182 1954 1370 2028 sempiterna
1393 1971 1450 2029 per

188 2074 246 2118 nos
269 2060 330 2118 sibi
352 2059 487 2133 concedi,
511 2059 587 2130 dari,
607 2061 784 2118 accuracius
807 2065 954 2133 optarunt
976 2065 1069 2133 atque
1092 2060 1258 2133 pecierunt
1292 2059 1356 2118 Nos
1379 2075 1455 2119 vero

188 2166 228 2225 de
262 2164 444 2224 huiusmodi
474 2163 657 2223 eorumdem
688 2165 905 2224 universorum
935 2165 1091 2223 nobilium
1122 2172 1187 2223 tam
1209 2165 1333 2239 placito,
1357 2180 1453 2238 quam

185 2273 356 2344 voluntate,
379 2278 414 2329 ut
438 2272 507 2349 ipsa
527 2286 652 2347 semper
674 2286 734 2347 pro
749 2273 908 2330 communi
925 2272 1007 2330 bono
1022 2272 1054 2330 in
1070 2285 1127 2330 suo
1142 2272 1250 2344 vigore
1266 2278 1454 2345 permaneat,

185 2380 351 2438 statuimus
386 2385 416 2436 et
449 2378 608 2436 sanximus
644 2393 681 2435 ac
715 2379 897 2436 auctoritate
931 2394 949 2436 a
985 2378 1067 2436 dicto
1098 2377 1226 2436 domino
1249 2385 1355 2437 nostro
1378 2393 1451 2451 rege

186 2486 279 2544 nobis
301 2485 452 2544 attributa
476 2484 680 2555 decrevimus,
704 2489 738 2541 ut
762 2484 950 2558 quicumque
972 2484 1126 2543 nobilium
1146 2483 1377 2556 regnicolarum
1399 2485 1454 2542 tri·

184 2592 262 2650 buta
284 2591 480 2662 habencium,
504 2591 583 2648 hanc
611 2597 750 2647 nostram
781 2588 1032 2663 disposicionem,
1062 2587 1302 2661 ordinacionem,
1334 2590 1448 2649 limita

185 2698 305 2756 cionem
337 2703 367 2754 et
398 2696 650 2755 moderacionem
681 2710 739 2768 pro
762 2696 930 2754 universali
954 2694 1120 2753 commodo
1143 2704 1174 2753 et
1197 2696 1338 2767 utilitate,
1361 2694 1448 2772 justi·

184 2805 295 2878 ciaque
330 2802 489 2861 communi
523 2817 579 2875 per
608 2817 665 2860 nos
699 2801 794 2859 modo
826 2803 978 2875 premisso
1012 2800 1117 2872 iactas,
1133 2800 1307 2874 superfluis,
1329 2801 1451 2875 ineptis,

186 2910 369 2983 illicitisque
392 2914 422 2966 et
444 2908 564 2967 iniustis
589 2909 778 2966 tributorum
801 2908 1017 2966 exaccionibus
1047 2907 1230 2980 transgressi
1261 2905 1384 2979 fuerint,
1407 2907 1453 2965 in·

185 3014 335 3088 fregerint
357 3030 410 3072 seu
436 3013 623 3072 violaverint
645 3021 676 3072 et
704 3014 764 3072 hoc
794 3020 902 3072 contra
932 3015 1009 3072 tales
1033 3014 1085 3071 vel
1115 3015 1220 3085 talem,
1251 3013 1450 3072 attestacione

184 3120 322 3179 veridica
344 3121 520 3179 vicinorum
543 3125 573 3179 et
596 3127 881 3179 commetaneorum
904 3135 939 3178 ac
962 3120 1116 3178 nobilium
1140 3119 1452 3193 comprovincialium

185 3227 339 3299 legittime
370 3226 571 3298 comprobari
602 3227 724 3300 poterit,
757 3241 831 3284 mox
862 3227 939 3284 tales
969 3233 1000 3284 et
1029 3226 1100 3283 talis
1132 3231 1375 3299 transgressores
1398 3242 1453 3284 seu

183 3337 395 3405 transgressor
421 3332 452 3389 in
475 3338 627 3406 perpetua
650 3333 851 3392 ammissione
874 3330 1055 3391 huiusmodi
1078 3333 1126 3391 sui
1149 3332 1260 3392 tributi
1283 3331 1337 3389 vel
1353 3330 1452 3390 tribu·

184 3443 289 3497 torum
313 3438 375 3496 sint
406 3438 458 3494 vel
487 3438 527 3495 sit
557 3438 690 3496 convicti
714 3454 768 3496 seu
798 3439 966 3510 convictus,
989 3442 1020 3496 et
1043 3436 1168 3509 eisdem,
1191 3435 1375 3513 juribusque
1398 3438 1451 3496 tri·

187 3543 337 3602 butorum
361 3558 471 3602 eorum
495 3545 526 3602 in
550 3559 643 3602 evum
667 3545 782 3619 privati
805 3560 841 3602 ac
864 3544 1004 3602 destituti
1027 3545 1211 3603 habeantur.
1242 3545 1276 3602 In
1297 3545 1384 3603 cuius
1407 3545 1451 3603 rei

184 3650 398 3709 testimonium
423 3655 580 3724 presentes
604 3650 723 3708 litteras
745 3656 865 3708 nostras
896 3650 972 3724 ipsis
995 3650 1156 3709 nobilibus
1180 3650 1266 3724 regni
1289 3649 1452 3709 Sclauonie

184 3761 215 3813 et
238 3757 437 3814 comitatibus
460 3756 608 3830 predictis
624 3755 769 3815 duximus
786 3755 1004 3814 concedendas.
1028 3756 1143 3813 Datum
1161 3755 1252 3812 Crisii
1268 3753 1452 3813 duodecimo

185 3860 238 3918 die
259 3868 441 3920 octavarum
466 3861 536 3920 festi
559 3861 642 3919 beati
663 3860 789 3935 Georgii
814 3863 951 3920 martiris
973 3861 1192 3936 predictarum.
1216 3862 1308 3918 Anno
1332 3860 1451 3919 domini

185 3967 357 4025 millesimo
381 3966 685 4040 quadringentesimo
709 3968 919 4040 octuagesimo
943 3969 1054 4042 primo.

291 4105 314 4152 E
333 4109 495 4168 transumpto
514 4102 628 4168 Capituli
646 4103 747 4167 zagrnb.
766 4119 834 4153 anno
857 4104 930 4166 1832.
951 4104 1019 4152 iacto
1033 4110 1058 4151 et
1071 4102 1254 4152 authenticato.
1275 4101 1409 4166 Originale
1422 4103 1450 4152 in

184 4191 255 4245 arch.
275 4192 429 4256 regnicolari
448 4191 601 4255 Zagrebiae:
619 4191 761 4255 Privilegia
778 4192 850 4256 regni
868 4208 905 4240 nr.
927 4204 967 4257 50.
990 4220 1019 4229 —
1032 4194 1096 4241 Ivun
1109 4190 1279 4255 Kululjevit.
1291 4192 1355 4255 Jura
1368 4192 1449 4255 regni.

184 4281 247 4332 vot.
267 4282 289 4333 1.
309 4297 368 4346 pag.
388 4289 536 4344 217-220.
556 4288 595 4330 sat
613 4295 725 4332 erronee.

289 4602 370 4650 Anno
392 4600 466 4663 1481.
488 4599 636 4663 zagmsrae.
780 4511 864 4579 32⁷⁸

290 4710 476 4772 Statutoriae
498 4711 629 4784 capituli
643 4709 851 4782 zagrabiensis
873 4724 986 4782 puram
1009 4709 1205 4767 statutionem
1231 4724 1288 4783 pro
1310 4708 1451 4792 Johanne

184 4816 302 4875 lectore
325 4822 356 4874 et
378 4817 525 4875 canonico
556 4815 704 4875 ecclesiae
727 4815 942 4888 zagrabiensis,
967 4830 1029 4889 qua
1052 4820 1170 4873 rectore
1192 4814 1300 4873 altaris
1324 4815 1353 4873 b.
1377 4815 1450 4874 Hie·

182 4923 307 4995 ronymi
329 4923 362 4981 in
384 4922 493 4981 eadem
524 4923 653 4982 ecclesia
676 4921 798 4981 fundati
819 4922 852 4980 in
875 4920 1099 4997 septemdecim
1120 4921 1309 4979 sessionibus
1330 4917 1450 4996 jobagi·

1346 5042 1384 5096 ²t
