3278 5348
178 449 241 509 37²
594 428 670 490 Dec.
688 440 764 504 302.
787 458 831 469 -
853 425 910 487 Aa
934 418 1024 502 1476.

182 663 357 723 pauperum
387 651 565 705 nostrorum
596 649 627 703 et
658 642 787 701 ecclesie
818 647 922 700 nostre
952 639 1092 715 predicte
1126 644 1193 698 toto
1228 644 1338 697 nostro
1360 653 1445 712 posse

181 756 351 826 consulere,
374 755 453 811 inter
476 752 554 810 alios
575 751 732 827 principes
756 757 786 808 et
808 753 949 827 potentes
971 748 1062 807 huius
1086 747 1174 821 regni
1198 746 1314 805 fratres
1328 752 1442 805 nostros
1466 826 1470 833 ¹

181 875 237 919 nos
261 861 358 918 eciam
389 860 529 935 primurn
560 858 679 916 curiam
710 861 850 914 nostram
880 854 1113 929 zagrabiensem
1144 860 1175 912 et
1205 852 1321 912 deinde
1356 867 1445 926 quam

185 966 276 1041 plura
293 965 448 1023 fortalicia
464 970 493 1023 et
512 965 703 1022 municiones
719 977 777 1036 pro
794 961 977 1021 eorumdem
993 975 1169 1034 pauperum
1191 959 1327 1020 ecclesie
1346 964 1444 1017 nostre

186 1072 283 1152 tutela
306 1080 336 1130 et
359 1072 596 1149 conservacione
619 1075 708 1144 aptas
739 1073 769 1128 et
799 1070 986 1128 necessarias
1018 1083 1080 1126 non
1110 1066 1175 1125 sine
1204 1065 1357 1124 maximis
1384 1079 1447 1138 gra·

183 1178 361 1235 vaminibus
389 1163 529 1251 ipsorum
557 1178 675 1258 erigere
701 1182 732 1234 et
766 1180 944 1234 construere
967 1190 1003 1232 ac
1026 1174 1057 1232 in
1079 1179 1163 1232 certa
1189 1177 1282 1247 parte
1305 1185 1446 1230 normam

182 1282 308 1341 vivendi
332 1297 441 1341 eorum
464 1285 630 1341 immutare
649 1283 830 1342 necessitate
844 1283 902 1339 hac
926 1280 1098 1339 inevitabili
1115 1280 1214 1338 eoacti
1237 1284 1271 1338 et
1291 1278 1445 1352 comp-tsi

182 1405 309 1459 sumus;
321 1389 513 1452 attendentes
528 1405 592 1453 non
613 1406 680 1449 esse
695 1388 998 1469 reprehendendum,
1018 1388 1046 1447 si
1067 1385 1241 1449 secundum
1263 1386 1445 1447 variemtem

180 1502 360 1571 temporum
385 1502 499 1558 statuta
530 1496 629 1557 eciam
658 1497 817 1559 varientur
846 1496 983 1557 bumana
1004 1496 1092 1556 iuxta
1112 1494 1289 1569 legittimas
1307 1498 1345 1551 et
1363 1505 1447 1553 cano

181 1603 267 1663 nicas
288 1603 467 1663 sanctiones
490 1601 656 1665 Simitibus
675 1603 775 1663 eciam
796 1602 991 1681 respectibus
1007 1606 1038 1661 et
1060 1601 1189 1662 omnino
1211 1598 1328 1661 eadem
1354 1597 1447 1659 conn-

181 1707 344 1773 deracio'ne
375 1708 493 1771 inducti
523 1710 717 1773 uenerabiles
741 1708 853 1771 fratres
874 1709 975 1769 nostri
995 1706 1168 1785 capitulum
1193 1704 1335 1767 ecclesie·
1347 1710 1446 1763 nostre
1511 1730 1514 1735 ⁴

181 1814 392 1889 zagrabtensts
421 1815 584 1885 antedicte
605 1830 665 1890 pro
687 1830 743 1877 sua
766 1815 904 1893 propria,
927 1829 962 1875 ac
985 1812 1096 1875 deinde
1119 1825 1299 1888 pauperum
1320 1822 1446 1870 suorum

138 1968 143 1977 .
183 1919 336 1991 tuicione,
368 1927 434 1983 tam
462 1921 653 1982 serenissimi
683 1921 832 1998 principis
867 1926 895 1977 et
930 1919 1072 1990 domini,
1101 1916 1219 1978 domini
1252 1916 1383 1987 Mathie,
1401 1913 1448 1973 dei

182 2026 286 2098 gracia
309 2027 391 2103 regis
415 2027 581 2103 Hungarie,
611 2026 757 2088 Boherrtie
780 2034 836 2087 etc.
859 2025 980 2086 domini
1000 2025 1097 2086 nostri
1120 2022 1274 2083 naturalis
1296 2027 1333 2080 et*
1352 2020 1445 2097 maci
1499 2051 1502 2054 -

183 2131 318 2193 osissimi
340 2134 519 2205 annuencia,
543 2148 639 2207 quam
662 2138 768 2193 nostro
792 2131 942 2194 benivolo
963 2147 1019 2207 per
1042 2128 1169 2191 eosdem
1191 2127 1304 2189 fratres
1328 2133 1446 2188 nostros

181 2238 341 2317 humiliter
365 2239 528 2318 postulato
546 2254 685 2309 assensu,
697 2237 924 2307 accedentibus,
946 2251 1052 2298 aream
1074 2236 1218 2311 ipsorum
1240 2233 1447 2311 capicitatem

182 2350 213 2403 et
234 2344 335 2406 curias
357 2344 398 2402 ad
420 2351 604 2405 nostramet
620 2360 836 2406 successorum
855 2351 1035 2405 nostrorum
1058 2341 1220 2401 dumtaxat
1242 2339 1444 2401 collusionem

181 2456 375 2529 spectantem
398 2458 430 2513 et
459 2452 677 2529 pertinentem,
707 2451 880 2513 municione
904 2455 1083 2526 opportuna
1103 2454 1135 2509 et
1157 2453 1223 2507 tarn
1246 2462 1373 2507 summe
1393 2461 1442 2506 ne

72 2576 75 2581 ’
180 2558 312 2617 cessaria
346 2559 585 2619 circumvenere
620 2565 651 2620 et
684 2564 748 2617 tam
783 2557 941 2635 sibiipsis,
974 2571 1072 2629 quam
1104 2555 1178 2614 aliis
1209 2554 1273 2613 suis
1308 2552 1447 2623 subditis,

180 2664 346 2743 presertim
376 2664 457 2725 eirca
489 2665 761 2725 consecracionem
793 2669 824 2725 et
854 2662 1029 2721 custodiam
1059 2660 1245 2721 municionis
1268 2657 1448 2720 huiusmodi

181 2784 278 2831 nouos
301 2785 376 2830 usus
399 2776 429 2831 et
459 2784 604 2831 normam
634 2769 763 2831 vivendi
790 2774 945 2829 recentem
975 2766 1177 2827 introducere·
1192 2771 1223 2824 et
1246 2767 1282 2827 in
1302 2763 1444 2824 futurum

181 2875 349 2936 valituram
372 2876 513 2937 stabilire
535 2882 688 2949 coguntur
717 2880 748 2935 et
775 2875 946 2937 necessario
968 2873 1209 2948 compelluntur.
1232 2870 1446 2939 Attendentes,

182 2981 269 3055 quod
288 2999 339 3043 res
372 2998 453 3039 nora
488 2989 518 3042 et
549 2998 662 3052 recens,
693 2983 783 3041 noris
814 2989 844 3043 et
873 2980 1049 3042 recentibus
1084 2978 1202 3053 indiget
1225 2976 1446 3047 fundamentis,

182 3087 327 3165 quodque
350 3089 499 3162 laqueum
523 3089 585 3149 sibi
608 3101 705 3160 parat,
728 3089 782 3166 qui
813 3087 987 3148 municione
1016 3091 1127 3156 erecta,
1142 3076 1284 3145 ¹eandem
1305 3092 1446 3145 accurne

182 3193 337 3255 custodire
363 3194 579 3269 pretermittit;
603 3209 675 3253 cum
699 3194 794 3267 igitur
817 3194 952 3254 municio
976 3194 1117 3269 ipsorum
1140 3190 1285 3264 predicta
1306 3190 1373 3251 sine
1395 3205 1442 3249 cu·

182 3297 283 3357 studia
312 3306 342 3354 et
373 3298 549 3361 defensione
579 3308 660 3360 stare
696 3307 726 3359 et
759 3314 942 3375 permanere
972 3298 1061 3357 nullo
1096 3296 1194 3356 modo.
1222 3297 1329 3357 valeat
1350 3310 1445 3369 neque

183 3403 288 3475 possit,
320 3403 380 3474 ipsi
411 3421 534 3478 quoque
566 3406 677 3466 fratres
709 3407 808 3466 nostri
828 3405 868 3465 ad
892 3404 1023 3463 eandem
1046 3401 1276 3463 defendendam
1298 3409 1328 3461 et
1351 3407 1446 3462 custo

183 3506 328 3569 diendam
359 3509 423 3567 sine
455 3512 645 3572 adminiculo
677 3514 830 3573 laicorum
857 3512 1044 3586 impotentes
1074 3509 1215 3580 existant,
1239 3507 1445 3568 desiderarent

183 3612 355 3687 quinimmo
392 3614 481 3672 bonis
515 3625 544 3674 et
579 3619 667 3676 iustis
698 3634 733 3675 ac
757 3619 893 3691 tempori
921 3617 992 3675 huic
1026 3614 1235 3675 accomodatis
1272 3619 1303 3673 et
1327 3629 1443 3674 summe

181 3719 361 3777 necessariis
393 3721 570 3779 racionibus
596 3722 714 3780 inducti
750 3724 1023 3797 compellerentur,
1058 3720 1096 3779 de
1132 3735 1205 3779 area
1226 3721 1396 3794 capitulari
1416 3724 1444 3777 et

183 3824 319 3896 propriis
342 3826 434 3883 curiis
467 3828 608 3899 ipsorum
639 3829 869 3887 canonicalibus
893 3828 1041 3903 predictis
1072 3832 1142 3885 ante
1172 3832 1203 3885 et
1225 3832 1310 3885 retro
1334 3831 1445 3887 certam

183 3935 215 3989 et
236 3931 402 3989 limitatam
435 3939 556 4005 partem
589 3933 748 4005 seiungere
779 3941 809 3994 et
833 3940 1035 4010 sequestrare,
1058 3947 1178 3992 necnon
1201 3930 1242 3989 ad
1265 3929 1443 3991 huiusmodi

184 4044 304 4115 partem
325 4038 495 4096 seiunctam
519 4046 549 4095 et
579 4046 805 4111 sequestratam
827 4042 969 4101 homines
993 4041 1089 4099 laicos
1112 4038 1276 4110 utriusque
1299 4053 1392 4097 sexus
1412 4051 1444 4095 ac

183 4145 280 4203 eciam
303 4143 431 4202 clericos
454 4150 484 4201 et
507 4145 695 4217 presbiteros
718 4147 863 4205 inducere
880 4155 910 4205 et
932 4148 1086 4227 collocare
1109 4155 1299 4213 moraturos,
1314 4144 1371 4217 qui
1386 4151 1443 4203 tan

183 4250 328 4321 custodie,
353 4267 446 4322 quam
464 4249 634 4307 defensioni
650 4252 806 4324 predictis,
824 4253 940 4310 eisdem
958 4253 1107 4311 fratribus
1129 4252 1244 4309 nostris
1267 4226 1446 4310 continuum

183 4364 320 4434 prestare
344 4366 469 4430 possent
492 4357 714 4416 adiumentum.
739 4360 842 4432 Quare
867 4360 1080 4434 supplicatum
1103 4358 1195 4418 nobis
1218 4357 1321 4437 extitit
1348 4355 1443 4417 humi-

181 4465 253 4527 liter
276 4482 332 4538 per
356 4464 490 4534 eosdem,
515 4470 548 4521 ut
571 4464 839 4537 quemadmodum
862 4467 1014 4525 creceioni
1038 4464 1222 4524 municionis
1245 4478 1357 4525 eorum
1379 4477 1443 4539 pre

182 4570 262 4630 dicte
295 4572 524 4642 censensimus‚
548 4571 590 4627 ita
615 4572 712 4639 eciam
733 4571 904 4631 defensioni
927 4572 991 4630 iam
1013 4587 1136 4632 summe
1158 4569 1332 4631 necessarie
1352 4576 1389 4629 et
1403 4582 1444 4627 se·

181 4678 330 4739 iuuetioni
347 4685 376 4736 et
396 4678 638 4753 sequestracioni
653 4677 809 4752 predictis,
832 4693 951 4737 necnon
974 4678 1137 4736 hominum
1160 4675 1321 4757 laicorum
1337 4674 1444 4736 unus.-

184 4801 243 4861 que
268 4802 360 4845 sexus
383 4784 605 4847 introductioni
628 4791 658 4842 et
680 4785 832 4844 locationi
854 4791 996 4849 nostrum
1020 4783 1208 4845 benivolum
1227 4783 1364 4858 prebere
1384 4780 1446 4855 dig·

180 4907 328 4953 ueremur
349 4907 542 4964 consensum,
565 4892 682 4968 pariter
712 4901 742 4948 et
773 4906 944 4949 assensum.
976 4890 1039 4948 Nos
1070 4890 1167 4962 igitur
1188 4888 1348 4962 Osualdus
1370 4887 1447 4967 epis·
