3278 5348
189 458 203 499 2
617 439 690 495 Doc.
715 451 742 493 2.
770 470 804 479 -
831 435 887 493 An.
911 449 998 512 1401.

181 670 315 728 cumque
338 655 504 712 voluerunt
520 650 757 724 disponendum.
783 652 815 709 ln
828 652 914 709 cuius
930 651 973 708 rei
992 649 1184 721 memoriam,
1201 648 1443 724 firmitatemque

181 768 365 834 perpetuam
390 764 547 833 presentes
571 758 690 816 litteras
713 764 819 815 nostro
842 757 1001 814 communi
1024 755 1131 828 sigillo
1149 757 1314 814 roboratas
1330 756 1445 815 eisdem

181 866 306 925 domine
329 869 416 925 Anne
440 873 469 922 et
500 865 591 922 Petro
620 864 767 922 duximus
801 862 1020 921 concedendas.
1055 862 1174 920 Datum
1201 861 1281 921 seria
1315 863 1448 921 secunda

180 974 324 1048 proxima
358 977 429 1029 ante
463 969 578 1029 festum
610 971 700 1028 beate
735 970 829 1028 Elene
865 970 977 1042 regine.
1013 970 1103 1026 Anno
1136 967 1255 1026 domini
1278 968 1449 1027 millesimo

181 1078 473 1151 quadrigentesimo.

287 1231 420 1294 Originale
438 1231 465 1278 in
484 1229 639 1281 membrana,
660 1230 729 1277 Zona
748 1229 843 1277 sericea
862 1228 915 1277 albi
933 1235 959 1276 et
982 1226 1089 1277 violacei
1102 1226 1195 1276 coloris
1208 1225 1338 1291 appendet
1352 1225 1453 1287 absque

181 1320 276 1384 sigillo.
296 1322 328 1368 In
346 1319 441 1369 archiv.
461 1319 506 1371 lib¹
527 1335 580 1382 reg.
600 1319 648 1367 civ.
668 1317 769 1381 zugrab.

800 1512 833 1576 2.

290 1639 370 1686 Anne
394 1650 467 1699 1401,
487 1650 511 1700 7.
529 1637 646 1701 januarii.
668 1636 815 1697 Zagrnbiae.

184 1766 378 1823 Eberlrurdrrs
411 1766 490 1837 episc.
525 1764 648 1833 sagrab.
685 1763 856 1820 devoraram
883 1781 1000 1820 sitorum
1034 1765 1192 1837 exemplant
1225 1763 1282 1820 sili
1313 1764 1358 1819 ad
1388 1765 1452 1820 imi-

184 1872 302 1929 tandum
329 1879 512 1944 proponens,
555 1871 684 1927 ecclcsiae
717 1868 892 1926 carhedrulis
919 1869 1141 1940 praebendarii}
1179 1870 1242 1925 irini
1265 1867 1454 1944 frugumque

664 1976 799 2032 dcclnram
822 1975 969 2032 condonat.

289 2136 353 2194 Nos
375 2136 575 2194 Eberhardus
598 2135 648 2192 dei
672 2143 701 2193 et
725 2136 896 2210 apostolice
919 2135 1001 2193 sedis
1024 2137 1128 2207 gracia
1156 2135 1322 2208 episcopus
1344 2152 1454 2210 ragra-

186 2243 308 2301 biensis.
333 2243 483 2300 ltlemorie
507 2242 758 2299 commendantes
775 2249 879 2301 tenore
895 2244 1091 2316 presencium
1107 2242 1319 2314 significamus
1335 2243 1454 2315 quibus

186 2348 312 2421 expedit
346 2350 509 2407 universis.
544 2349 635 2421 Quod
671 2348 795 2407 discreti
817 2357 847 2407 et
870 2350 991 2407 honesti
1023 2350 1084 2407 viri
1107 2348 1225 2407 domini
1248 2349 1452 2422 prebendarii

190 2457 318 2513 ecclesie
342 2462 445 2513 nostre
468 2457 676 2528 zagrabiensis
700 2461 837 2514 nostram
862 2456 1041 2514 accedentes
1071 2456 1102 2513 in
1126 2455 1326 2529 presenciam,
1359 2456 1454 2513 uobis

185 2561 300 2620 humili
323 2577 394 2618 cum
418 2563 565 2620 instancia
589 2562 731 2635 detegere
756 2574 910 2633 curarunt,
935 2563 1093 2636 quomodo
1116 2561 1252 2619 universi
1274 2566 1305 2618 et
1328 2562 1447 2635 singuli

185 2670 284 2726 nostri
306 2668 539 2742 predecessores
562 2670 701 2742 episcopi
734 2669 870 2726 decimas
904 2684 1012 2726 eorum
1044 2667 1082 2725 de
1114 2668 1245 2739 singulis
1273 2668 1373 2725 vineis
1405 2669 1452 2741 ip·

185 2789 292 2832 sorum
316 2790 351 2832 ac
374 2776 465 2833 terris
488 2775 624 2847 propriis
648 2775 686 2831 ad
711 2776 853 2848 ipsorum
876 2777 993 2833 scilicet
1017 2772 1193 2847 prebendas
1216 2773 1255 2831 de
1278 2770 1346 2849 jure
1363 2779 1394 2831 et
1411 2775 1453 2831 ab

187 2881 315 2953 antiquo
338 2883 526 2954 pertinentes
546 2891 575 2938 et
598 2888 771 2954 spectantes
794 2883 1063 2954 imposterumque
1086 2880 1124 2938 ad
1150 2880 1277 2938 eosdem
1301 2880 1454 2953 pertineri

187 2986 353 3057 debendas,
377 2988 602 3059 provenientes,
627 3003 755 3060 prorsus
779 2996 808 3045 et
832 3004 888 3060 per
911 2989 1016 3045 omnia
1043 2988 1120 3061 ipsis
1150 2986 1309 3044 duxissent
1342 2988 1454 3045 remit·

186 3092 295 3149 tendas
330 3101 360 3149 et
394 3093 588 3163 relaxandas,
623 3094 664 3150 ob
699 3095 766 3164 hoc,
790 3095 864 3166 quia
886 3093 1032 3150 videlicet
1055 3094 1221 3151 memorati
1241 3091 1360 3150 domini
1384 3108 1455 3166 pre·

187 3197 329 3255 bendarii
353 3197 391 3255 ad
413 3199 539 3256 laudern
563 3199 659 3257 divini
683 3200 827 3269 numinis,
853 3200 1043 3272 virginisque
1066 3198 1291 3272 gloriosissime
1307 3203 1337 3255 et
1354 3199 1455 3257 tocius

187 3303 310 3360 celestis
333 3305 418 3361 curie
440 3304 571 3376 singulis
595 3320 746 3363 annorum
769 3306 931 3363 curriculis
955 3307 1082 3361 missam
1106 3304 1240 3362 sollenni
1268 3319 1340 3361 cum
1358 3303 1455 3361 devo·

187 3410 274 3466 cione
310 3411 451 3481 qualibet
486 3409 562 3467 feria
597 3418 707 3482 quarta
740 3412 770 3468 in
804 3413 977 3485 septimana
1001 3426 1059 3484 pro
1083 3411 1202 3468 honore
1226 3411 1308 3467 beati
1333 3409 1455 3468 Nicolai

186 3517 324 3589 episcopi
347 3522 377 3572 et
400 3516 583 3573 contessoris
607 3525 636 3573 et
659 3517 824 3590 superinde
846 3518 1020 3576 litterarum
1048 3517 1257 3589 graciosarum
1279 3516 1455 3574 munimina

186 3623 329 3696 ipsorum
352 3630 530 3679 nostrorum
554 3623 809 3697 predecessorum
833 3640 893 3681 non
928 3623 1048 3681 modica
1082 3623 1271 3694 obtulerunt,
1306 3630 1454 3695 rogantes

187 3744 242 3786 nos
266 3744 358 3801 prece
381 3729 563 3797 subiectiva,
587 3738 621 3786 ut
645 3729 845 3801 dignaremur
868 3731 983 3787 habere
1001 3738 1066 3786 rata
1082 3738 1174 3802 atque
1190 3736 1279 3802 grata
1294 3744 1351 3802 per
1368 3729 1456 3802 ipsos

188 3833 422 3907 predecessores
446 3840 566 3890 nostros
590 3836 756 3908 episcopos
780 3852 874 3908 super
899 3836 1058 3907 premissis
1082 3849 1233 3892 concessa.
1264 3832 1328 3891 Nos
1359 3834 1457 3907 igitur

187 3949 345 3997 cernentes
368 3946 396 3995 et
421 3940 451 3995 in
476 3940 573 3996 nostri
596 3942 721 3998 archani
746 3943 867 3998 consilii
890 3943 1030 4014 ipsorum
1054 3939 1254 3997 dominorum
1277 3939 1456 4013 prebenda·

186 4047 306 4103 riorum
342 4045 587 4117 postulacionem
622 4055 650 4103 et
687 4046 909 4119 tlagitacionem
941 4048 1053 4105 iustam
1076 4054 1169 4118 atque
1193 4061 1362 4119 congruam
1387 4044 1456 4104 fore

188 4159 386 4223 agnoscentes
410 4157 439 4208 et
463 4166 591 4224 prorsus
616 4153 754 4210 nolentes
779 4153 945 4226 infringere
975 4154 1117 4225 ipsorum
1140 4158 1319 4211 nostrorum
1343 4153 1457 4226 prede·

188 4273 345 4314 cessurum
368 4258 563 4315 sanccionem
587 4257 625 4314 ad
650 4260 832 4331 preconium
868 4260 1015 4317 creatoris
1047 4260 1188 4317 omnium
1222 4258 1344 4331 iactam,
1380 4275 1456 4319 narn

187 4364 270 4420 bona
292 4379 388 4437 opera
410 4364 577 4436 gloriosius
600 4370 738 4421 mutatur
761 4365 867 4436 factus,
892 4365 962 4423 ideo
984 4382 1040 4439 per
1064 4366 1175 4423 harum
1198 4370 1377 4423 nostrarum
1402 4368 1456 4425 lit-

189 4477 326 4528 terarum
355 4470 496 4541 vigorem
527 4476 619 4542 atque
647 4470 760 4527 seriem
793 4471 948 4543 predictas
979 4473 1139 4529 universas
1162 4470 1299 4530 decimas
1322 4472 1458 4545 singulis

188 4576 275 4632 annis
299 4574 337 4631 de
362 4576 460 4632 vineis
495 4591 530 4632 ac
561 4576 651 4633 terris
682 4575 894 4648 sepefatorum
928 4576 1129 4636 dominorum
1163 4577 1457 4653 prebendariorum,

189 4680 283 4737 modo
307 4681 352 4737 uti
377 4681 575 4753 premittitur,
600 4681 765 4754 provenire
788 4681 953 4755 debendas,
978 4685 1137 4757 perpetuis
1169 4683 1364 4757 temporibus
1399 4683 1457 4742 du·

189 4787 292 4843 ximus
316 4786 516 4843 remittendas
541 4794 571 4844 et
594 4786 786 4860 relaxandas,
808 4788 907 4847 immo
931 4790 1043 4847 harum
1066 4791 1145 4847 serie
1167 4790 1307 4863 plenarie
1322 4804 1359 4847 ac
1379 4790 1458 4849 inte·

188 4892 317 4963 graliter
333 4894 521 4951 remittimus
537 4901 567 4952 et
582 4894 768 4967 relaxamus,
786 4895 989 4969 ipsorumque
1004 4906 1182 4955 nostrorum
1198 4894 1457 4970 predecessorum
