3278 5348
598 455 693 565 ,aa
711 463 784 530 ³⁷2·
811 487 845 497 -
874 454 1045 564 &aaa
1332 469 1465 564 „aa

196 673 337 731 interiori
364 670 578 744 capitulariter
601 671 803 741 congregatis,
828 674 950 726 matura
973 668 1210 742 deliberacione,
1234 682 1370 740 sanoque
1394 681 1465 724 con·

197 777 279 847 silio,
303 776 462 833 communi
488 775 629 832 omnium
652 780 726 832 voto
756 780 863 832 contra
890 775 1074 846 magistrum
1096 775 1269 832 Fabianum
1292 772 1330 830 de
1352 772 1466 830 Zenthe

196 882 378 940 canonicum
413 880 541 938 ecclesie
568 881 776 954 zagrabiensis
807 881 929 938 racione
964 896 1147 939 excessuum
1181 887 1211 938 et
1246 877 1465 937 scandalorum

197 1003 337 1058 suorum,
353 987 542 1045 sufficienter
577 988 732 1044 monitum
768 993 797 1044 et
833 984 992 1045 emendari
1026 1001 1088 1043 non
1123 993 1291 1051 curantem,
1316 985 1465 1043 sententia

196 1094 399 1167 pronunciata
422 1100 469 1149 est
494 1092 587 1150 modo
619 1091 834 1164 infrascripto;
859 1093 1075 1165 cuiusquidem
1106 1092 1258 1150 sentencie
1282 1090 1463 1165 pronuncia-

196 1200 272 1257 tioui
295 1207 325 1256 et
348 1198 549 1256 declarationi
562 1197 766 1255 interfuerunt
791 1198 834 1254 hii
857 1197 976 1255 domini
1000 1197 1201 1273 infrascripti,
1225 1196 1385 1254 videlicet:
1409 1194 1464 1253 Mi-

195 1305 284 1363 chael
317 1305 494 1379 prepositus
518 1302 626 1379 major,
658 1304 766 1362 Petrus
801 1304 909 1372 lector,
946 1304 1086 1362 Andreas
1110 1304 1308 1361 decretorum
1347 1301 1463 1372 doctor,

195 1410 429 1468 archidiaconus
459 1409 657 1480 kathedralis
686 1411 818 1468 Mathias
849 1410 1032 1480 dubiceusis,
1068 1410 1225 1489 Johannes
1248 1407 1462 1478 kamarcensis,

194 1516 350 1598 Johannes
381 1519 557 1590 goricensiS,
589 1518 710 1576 Blasius
741 1517 937 1576 decretorum
960 1517 1068 1576 doctor
1091 1518 1131 1574 de
1156 1515 1289 1575 Kernlelr
1309 1514 1463 1573 archidia-

194 1637 297 1693 conus,
328 1624 498 1696 Gregorius
529 1624 632 1695 Bexin,
666 1625 798 1682 vicarius
830 1625 860 1681 in
893 1624 1119 1697 spiritualibus
1144 1624 1298 1704 Johannes
1320 1620 1462 1691 Warasd,

194 1730 275 1786 alter
296 1728 452 1810 Johannes
476 1738 586 1799 custos,
624 1730 790 1802 dignitarii;
829 1731 903 1787 item
927 1731 1065 1787 canonici
1088 1730 1266 1802 simplices:
1289 1727 1403 1785 Paulus
1425 1726 1463 1784 de

194 1834 295 1906 zytec,
332 1836 429 1893 Lucas
463 1836 501 1892 de
537 1837 689 1906 Dombro,
728 1835 838 1893 Gallus
874 1835 912 1893 de
947 1835 1105 1908 Zepnicza,
1130 1834 1243 1892 Paulus
1267 1833 1305 1892 de
1328 1829 1462 1906 Roycha‚

193 1939 368 2015 Stephanus
392 1942 430 1998 de
461 1943 569 2003 Crisio
594 1943 673 1999 alter
696 1942 870 2015 Stephanus
894 1942 931 1999 de
954 1942 1152 2011 Hrazthocza,
1177 1942 1295 1997 Mateus
1317 1940 1462 2010 notarius,

193 2047 335 2106 Andreas
358 2050 523 2122 organista,
548 2049 662 2106 Paulus
684 2048 722 2105 de
746 2050 870 2107 civitate
894 2056 924 2106 et
947 2048 1129 2106 Benedictus
1154 2046 1192 2104 de
1214 2046 1387 2104 Petrovina.

299 2154 395 2212 Cuius
428 2156 581 2213 sentencie
615 2163 703 2213 tenor
725 2155 796 2213 talis
825 2163 879 2213 est:
903 2155 937 2211 In
960 2155 1084 2211 nomine
1108 2152 1234 2211 domini.
1259 2155 1369 2210 Amen.
1393 2150 1457 2208 Nos

192 2260 368 2334 capitulum
398 2261 527 2318 ecclesie
559 2261 767 2333 zagrabiensis
800 2277 857 2334 per
881 2262 959 2318 hanc
982 2268 1119 2317 nostram
1143 2258 1332 2316 sentenciam
1356 2256 1460 2315 decre-

191 2367 297 2425 vimus
320 2374 350 2424 et
373 2366 578 2437 declaramus,
603 2367 677 2440 quia
700 2368 848 2439 magister
871 2367 1025 2423 Fabianus
1042 2365 1079 2423 de
1104 2365 1223 2422 Zeuche
1238 2363 1460 2421 concanonicus

191 2482 304 2544 noster,
328 2473 367 2530 ad
398 2474 576 2547 sepissimas
607 2474 795 2532 municiones
817 2480 938 2531 nostras
961 2489 979 2531 a
1003 2473 1148 2546 pluribus
1171 2469 1348 2529 retrofluxis
1371 2470 1459 2527 annis

190 2586 222 2637 et
245 2580 441 2653 temporibus
464 2595 482 2636 a
506 2580 666 2638 consorcio
683 2579 844 2638 cuiusdam
868 2580 1008 2638 mulieris
1032 2579 1190 2636 Dorothea
1214 2586 1330 2647 vocate,
1354 2576 1460 2633 relicte

192 2686 339 2745 videlicet
369 2684 502 2744 condam
534 2687 650 2743 Mathie
681 2685 831 2757 Zekirich,
863 2696 927 2743 tarn
959 2686 1079 2743 invita
1111 2682 1248 2742 eiusdem
1273 2683 1377 2739 mariti
1401 2683 1459 2754 sui,

191 2808 287 2866 quam
303 2792 402 2851 eciam
425 2801 496 2866 post
519 2799 653 2850 mortem
677 2807 767 2849 suam
790 2792 946 2849 abstinere
969 2800 999 2849 et
1021 2791 1190 2863 retrahere,
1215 2787 1459 2861 scandalumque

191 2898 319 2973 perinde
354 2900 556 2956 commissum
592 2897 756 2957 emendare
787 2913 849 2956 non
879 2899 999 2956 curavit
1030 2913 1129 2970 neque
1161 2900 1249 2954 curat
1283 2894 1382 2952 eciam
1417 2893 1457 2951 de

190 3006 334 3077 presenti,
357 3005 433 3079 quin
471 3006 578 3079 pocius
614 3021 669 3079 per
704 3005 896 3077 posessiones
932 3009 1053 3061 nostras
1076 3009 1107 3060 et
1139 2999 1267 3060 ecclesie
1298 3005 1402 3056 nostre
1426 2999 1457 3056 in

189 3110 373 3169 scandalum
408 3118 438 3168 et
472 3110 679 3183 vilipendium
715 3111 857 3168 omnium
890 3116 1032 3167 nostrum
1068 3123 1098 3167 et
1122 3109 1220 3166 tocius
1255 3106 1331 3163 cleri
1363 3105 1456 3163 huius

190 3217 320 3289 capituli
341 3218 440 3274 nostri
462 3216 591 3274 eandem
608 3217 733 3290 publice
757 3224 827 3290 post
843 3232 875 3274 se
900 3232 1007 3274 curere
1025 3215 1096 3273 fecit
1118 3226 1148 3273 et
1170 3217 1202 3274 in
1224 3213 1333 3270 itinere
1355 3211 1457 3269 eidem

189 3336 293 3381 comes
316 3328 345 3380 et
369 3324 528 3382 consocius
552 3337 694 3380 essenon
718 3324 857 3392 erubuit;
873 3322 945 3380 ideo
967 3337 1025 3380 nos
1048 3323 1117 3395 pari
1140 3324 1300 3384 voluntate
1323 3333 1352 3383 et
1376 3327 1457 3383 votis

189 3431 328 3487 omnium
354 3430 620 3496 concurrentibus,
651 3429 689 3486 ad
721 3444 832 3487 sonum
857 3430 983 3487 maioris
1006 3444 1156 3503 campane
1179 3432 1392 3503 capitulariter
1424 3433 1455 3490 in

189 3537 328 3595 sacristia
359 3536 547 3610 congregati,
572 3552 608 3594 ea
638 3537 770 3606 racione,
801 3542 925 3593 maturo
955 3535 1084 3593 consilio
1109 3537 1274 3609 superinde
1297 3539 1454 3595 internos

188 3642 352 3715 prehabito
383 3642 435 3711 sic,
466 3649 500 3699 ut
531 3643 729 3714 premittitur,
754 3657 810 3714 per
840 3641 918 3698 hanc
941 3648 1080 3698 nostram
1112 3643 1298 3701 sentenciam
1323 3643 1455 3701 eundem

187 3748 373 3820 magistrum
408 3748 582 3805 Fabianum
617 3746 807 3805 sufficienter
838 3757 900 3804 tarn
932 3747 1146 3821 capitulariter
1181 3758 1243 3806 tarn
1277 3750 1374 3808 eciam
1399 3765 1455 3823 per

186 3853 359 3926 singulares
390 3867 538 3927 personas
570 3851 704 3910 fraterne
739 3853 892 3910 monitum
916 3859 945 3909 et
969 3853 1097 3911 minime
1120 3853 1327 3924 emendatum,
1352 3868 1389 3912 eo
1413 3853 1453 3911 ad

186 3958 244 4016 hoc
275 3959 371 4016 nostri
402 3960 433 4016 in
457 3958 596 4017 medium
619 3960 794 4032 specialiter
826 3964 935 4016 vocato
960 3966 989 4016 et
1013 3968 1221 4032 comparente,
1245 3976 1338 4034 seque
1362 3960 1452 4018 nulla

185 4065 308 4122 racione
331 4079 478 4121 excusare
509 4065 632 4122 valente
668 4066 827 4122 consorcio
850 4071 956 4122 nostro
980 4065 1144 4138 capitulari
1167 4065 1363 4123 decernimus
1387 4081 1453 4123 esse

185 4170 374 4244 privandum
409 4178 439 4227 et
470 4172 633 4244 privamus
655 4172 686 4229 in
710 4172 769 4228 hiis
798 4172 931 4243 scriptis,
955 4170 1052 4228 donec
1075 4181 1105 4227 et
1128 4186 1290 4244 quousque
1306 4170 1344 4229 de
1367 4187 1453 4230 scan-

185 4276 265 4334 dalis
288 4277 352 4333 suis
375 4292 407 4333 se
438 4278 594 4334 curaverit
627 4278 792 4335 emendare
820 4285 849 4334 et
874 4276 999 4334 tandem
1023 4277 1205 4335 emendatus
1227 4278 1365 4349 graciam
1390 4294 1452 4335 me·

183 4383 281 4442 ruerit
305 4383 454 4440 obtinere.

289 4488 366 4544 Item
398 4487 480 4546 idern
512 4490 659 4563 magister
695 4491 848 4549 Fabianus
884 4492 924 4548 ab
949 4490 1057 4548 eadem
1089 4490 1244 4547 sentencia
1267 4505 1323 4547 nec
1348 4490 1447 4548 verbo

183 4601 238 4651 nec
261 4595 378 4666 scripto
401 4596 585 4668 appellavit.

295 4889 374 4937 Liber
392 4889 487 4938 rubeus
503 4906 560 4941 ven.
575 4889 660 4956 Capit.
679 4891 779 4956 zagrab.
800 4893 833 4941 Iu
851 4891 947 4942 archiv.
967 4890 1027 4943 incl.
1047 4892 1131 4944 Acad.
1151 4892 1239 4941 Scient
1268 4891 1337 4943 Slav.
1358 4893 1448 4944 merid.
