3278 5348
190 443 249 518 196
505 440 581 499 Doc.
607 452 675 515 140.
701 453 766 515 [41.
790 473 833 482 -
857 441 912 497 An.
938 435 1156 516 1445-1446.

783 646 868 716 140.

292 795 372 841 Anno
396 804 471 857 1445,
494 803 531 855 17.
552 791 702 842 decembris.
722 790 869 854 Zugrabiae.

291 922 473 996 Capitulum
495 922 548 980 dat
571 922 689 980 litteras
713 919 941 990 confirmantes,
965 919 1050 993 quod
1083 920 1270 977 Ambrosius
1300 920 1447 994 presbiter

186 1028 224 1086 de
248 1028 429 1099 Glaunieha,
452 1027 696 1102 praebendarius
719 1025 927 1099 zagrabiensis
949 1025 1105 1093 ecclesiae,
1130 1026 1258 1099 cupiens
1290 1025 1448 1100 praedium

185 1150 277 1192 suum
301 1141 330 1192 et
350 1150 423 1191 suae
447 1133 642 1207 praebendae
665 1133 813 1207 Zepnicza
838 1138 974 1202 vocatae,
996 1131 1205 1205 impopulare,
1220 1131 1370 1189 omnibus
1384 1131 1448 1188 illo

185 1239 290 1298 candis
313 1241 491 1299 libertatem
516 1240 609 1309 dedit,
633 1246 666 1297 ut
690 1239 854 1296 duodecim
878 1238 965 1295 annis
988 1237 1049 1295 sint
1073 1237 1114 1294 ab
1137 1237 1286 1294 omnibus
1309 1237 1449 1307 servitiis,

185 1347 264 1404 taxis
286 1347 381 1405 etiam
404 1345 657 1404 extraordinariis
680 1345 781 1414 liberi,
806 1344 941 1418 demptis
965 1342 1094 1401 decimis
1117 1342 1206 1400 bladi
1221 1349 1253 1400 et
1270 1343 1450 1400 muneribus

184 1453 300 1522 solitis;
324 1460 394 1526 post
417 1452 581 1509 duodecim
602 1464 698 1508 annos
722 1465 797 1507 vero
820 1465 838 1506 a
862 1449 1003 1522 qualibet
1025 1449 1159 1506 sessione
1182 1449 1306 1506 nonnisi
1322 1456 1452 1522 quatuor

185 1573 296 1632 pensas
320 1559 527 1623 denariorum,
550 1558 580 1614 in
605 1556 684 1613 festo
705 1572 729 1613 s.
755 1555 882 1626 Georgii
907 1554 992 1624 duas,
1016 1561 1046 1611 et
1071 1554 1149 1611 duas
1172 1554 1204 1611 in
1227 1552 1308 1612 festo
1332 1571 1354 1612 s.
1372 1555 1450 1611 llar-

185 1665 251 1736 tini,
275 1680 310 1722 ac
333 1664 468 1722 decimas
492 1664 579 1721 bladi
602 1664 705 1720 solum
730 1662 768 1720 de
791 1662 881 1719 terris
904 1663 968 1718 suis
991 1661 1157 1717 tlacalibus
1181 1665 1212 1718 et
1245 1675 1377 1718 munera
1405 1673 1451 1716 so-

185 1770 249 1837 lita,
272 1771 350 1828 alias
373 1776 476 1828 autem
501 1769 636 1826 decimas
659 1774 746 1825 extra
770 1767 897 1825 tlacales
921 1774 1017 1824 terras
1041 1766 1180 1838 capitulo
1199 1765 1326 1835 cedant;
1350 1771 1453 1823 taram

185 1878 280 1935 etiam
303 1879 422 1949 regiam
447 1891 505 1951 pro
530 1884 670 1949 tempore
693 1874 857 1932 casualiter
880 1879 1091 1946 emergentem
1121 1878 1215 1945 atque
1246 1872 1452 1946 capitularem

185 1984 307 2041 solvere
332 1983 496 2039 debebunt.

291 2119 399 2181 Georgii
418 2117 589 2166 Marcelovid:
610 2118 735 2179 Regesta.
755 2121 884 2179 utsupra.

782 2340 852 2411 141.

292 2507 372 2555 Anno
395 2507 469 2569 1446,
492 2519 512 2557 1.
530 2506 648 2570 januarii.
669 2505 817 2567 Zagrabiae.

186 2632 214 2687 Α
243 2631 401 2697 Benedicta,
432 2632 557 2703 episcopo
587 2629 780 2701 zagrobicnsr',
815 2630 958 2687 canonicis
991 2630 1223 2704 zagrabr‘ensibus
1246 2631 1302 2705 jus
1332 2628 1456 2687 testandi

719 2737 915 2810 confirmatur.

290 2880 471 2938 Benedictus
495 2880 545 2937 dei
564 2887 593 2937 et
609 2880 780 2953 apostolice
797 2882 879 2940 sedis
895 2883 1001 2955 gracia
1016 2883 1180 2957 episcopus
1199 2881 1330 2939 ecclesie
1347 2894 1453 2954 zagra·

186 2987 309 3044 biensis.
334 2987 493 3045 Universis
517 2992 546 3042 et
570 2986 701 3058 singulis
734 2986 849 3045 Christi
883 2987 1032 3046 fidelibus
1066 2988 1263 3062 presentibus
1286 2992 1317 3045 et
1340 2966 1471 3045 futuris·

184 3094 295 3151 harum
320 3095 495 3151 litterarum
517 3101 694 3150 nostrarum
718 3095 865 3152 noticiam
886 3095 1042 3152 habituris
1064 3095 1197 3152 salutem
1221 3097 1252 3152 et
1288 3094 1452 3152 celestium

184 3201 360 3271 graciarum
395 3200 574 3258 continuum
609 3199 842 3271 incrementum,
866 3200 905 3258 ad
951 3207 1136 3275 perpetuam
1170 3200 1215 3257 rei
1248 3201 1448 3258 memoriam.

184 3304 351 3363 Pastoralis
374 3323 447 3363 cura
480 3307 528 3362 cui
551 3306 711 3363 innitimur
735 3321 772 3362 ex
796 3306 861 3363 alto
884 3315 913 3363 et
944 3308 1041 3365 nostri
1070 3306 1167 3364 officii
1200 3305 1307 3363 debita
1336 3306 1452 3364 sollici·

184 3410 268 3482 tudo,
292 3427 353 3484 qua
376 3413 559 3483 insignimur
583 3412 727 3482 inmeriti,
751 3410 789 3468 ad
806 3412 862 3469 illa
878 3413 1041 3486 potissime
1063 3413 1167 3471 animo
1182 3410 1356 3469 exercenda
1371 3412 1451 3485 vigi·

187 3518 264 3575 lanti
287 3533 344 3575 nos
375 3518 531 3575 attendere
557 3518 669 3589 satagit
699 3534 754 3590 per
778 3535 839 3591 que
862 3534 1026 3577 commune
1048 3520 1174 3589 bonum,
1198 3533 1247 3576 res
1270 3517 1403 3591 publica
1418 3523 1449 3575 et

184 3625 286 3681 cultus
309 3624 407 3681 divini
430 3622 525 3681 officii
541 3625 647 3695 augeri
663 3625 694 3681 in
717 3625 846 3682 ccclesia
861 3625 911 3684 dei
926 3641 962 3682 ac
986 3624 1115 3682 devocio
1137 3622 1251 3699 jugiter
1274 3622 1334 3681 deo
1351 3622 1449 3682 famu-

183 3730 320 3787 lancium
345 3731 375 3787 in
400 3729 507 3787 eadem
531 3732 749 3787 vehemencius
772 3737 801 3788 et
825 3732 976 3789 indefesse
1007 3731 1174 3806 provocari
1208 3732 1312 3788 valeat
1348 3739 1378 3789 ct
1401 3745 1450 3789 ac·

184 3836 280 3893 cendi.
305 3837 342 3892 Et
365 3837 390 3892 si
413 3836 609 3907 singulorum
632 3838 722 3893 nobis
746 3837 957 3895 subiectorum
982 3836 1149 3895 commodo
1172 3853 1268 3911 quam
1291 3843 1322 3895 et
1346 3838 1450 3911 provi·

184 3941 261 3998 sioni
285 3942 481 4012 intendimus,
505 3957 578 4013 erga
601 3949 703 4000 tamen
728 3942 860 4000 fratrum
891 3950 1069 4002 nostrorum
1104 3946 1251 4018 quietern,
1285 3958 1366 4017 quos
1403 3943 1447 4001 ni·

182 4048 297 4105 mirum
333 4048 480 4119 ampliori
522 4056 550 4105 et
589 4050 746 4106 sinceriori
787 4051 1026 4123 complectimur
1058 4050 1181 4121 affectu,
1216 4064 1325 4108 curam
1349 4051 1446 4108 eciam

183 4153 334 4211 debemus
357 4153 537 4228 impendere
560 4155 788 4227 solliciciorem,
813 4161 847 4213 ut
870 4157 929 4230 ipsi
953 4157 1079 4214 uberius
1102 4155 1328 4215 beneficiorum
1361 4156 1449 4215 donis

183 4268 212 4319 et
235 4262 417 4319 libertatum
442 4260 614 4333 privilegiis
638 4261 762 4318 fulcitus
785 4278 817 4320 se
841 4264 925 4334 ipsos
948 4263 1085 4321 senciant
1100 4263 1276 4321 securitatis
1299 4263 1404 4336 clipeo
1421 4268 1449 4319 et

181 4373 285 4425 nostre
308 4367 443 4439 presidio
467 4367 667 4440 plenitudinis
690 4369 906 4438 circumcirca;
932 4368 1058 4427 tandem
1075 4368 1157 4443 quod
1184 4370 1294 4427 vivant
1311 4369 1449 4443 quiecius

183 4472 219 4530 e?
235 4473 425 4547 placabilem
449 4474 582 4530 hostiam
605 4488 663 4546 pro
686 4480 799 4543 nostra,
824 4476 1033 4548 vivorumque
1064 4481 1094 4533 ct
1128 4480 1326 4533 mortuorum
1349 4475 1449 4534 salute

183 4580 322 4637 omnium
346 4581 443 4637 offere
466 4580 585 4653 possint
613 4581 758 4652 creatori,
790 4595 862 4637 nam
886 4597 957 4638 cum
992 4596 1102 4639 eorum
1139 4596 1233 4639 onera
1264 4583 1448 4655 excutimus,

182 4685 260 4744 dum
281 4686 426 4744 scandala
449 4702 657 4758 removemus,
680 4702 736 4744 nos
757 4688 789 4744 in
812 4703 921 4745 eorum
945 4689 1048 4761 quiete
1073 4689 1266 4761 quiescimus
1289 4696 1319 4747 et
1342 4691 1452 4764 utique

184 4793 330 4852 fovemur
353 4795 385 4850 in
419 4809 504 4867 pace.
528 4795 566 4851 Et
600 4809 670 4850 cum
695 4794 780 4851 ullus
814 4794 867 4850 vix
902 4794 1059 4852 modernis
1094 4795 1134 4852 sit
1168 4795 1373 4869 temporibus
1398 4796 1453 4870 qui

183 4915 242 4975 pro
265 4900 465 4959 libertatibus
496 4900 710 4959 ecclesiasticis
733 4908 763 4958 et
799 4916 1002 4975 personarum
1038 4901 1235 4975 tuicionibus,
1270 4913 1349 4975 quas
1371 4901 1453 4963 ordo
