3256 5346
232 427 294 504 486
640 424 713 482 Doc.
738 418 808 500 365.
833 456 873 467 —
900 423 957 482 An.
981 435 1073 499 1492.

233 647 378 700 annotata
403 639 594 714 possessione
627 639 852 697 Chernomercz
876 639 1069 707 situatarum,
1095 641 1204 698 vicinis
1227 646 1258 698 et
1281 642 1506 700 commetaneis

234 746 414 806 earumdem
437 745 588 804 universis
611 745 687 803 inibi
705 745 857 818 legittime
880 747 1064 816 convocatis,
1088 746 1246 819 signanter
1269 761 1345 804 vero
1369 747 1503 806 discreto

232 851 360 912 domino
375 852 538 910 Dominico
561 852 647 909 chori
670 851 750 908 dicte
773 850 900 908 ecclesie
922 856 1026 909 nostre
1048 851 1263 924 prebendario,
1288 852 1368 910 ville
1403 852 1504 911 Rodes

233 966 341 1018 vocate
350 972 539 1032 possessore;
554 958 630 1015 item
638 956 805 1026 nobilibus,
818 955 1111 1031 circumspectisque
1122 964 1152 1014 et
1168 958 1310 1032 providis
1322 957 1504 1017 Sebastiano

235 1065 325 1137 Nagh
347 1064 385 1122 de
409 1062 536 1122 Chalran
559 1065 591 1121 in
621 1078 752 1136 persona
791 1063 987 1135 egregiorum
1013 1063 1157 1122 Bemaldi
1181 1064 1354 1138 ThWroczy
1377 1066 1499 1123 etBal-

234 1173 365 1233 thasaris
395 1172 500 1244 Alapy
529 1172 763 1245 capitaneorum
794 1170 886 1227 castri
920 1169 1115 1242 Medwewar,
1148 1171 1300 1244 Gregorio
1332 1186 1431 1246 spano
1464 1171 1501 1230 de

237 1281 429 1353 Kralyewcz,
461 1277 605 1335 similiter
628 1274 764 1333 eiusdem
801 1276 901 1347 castri,
924 1276 1039 1334 Mathia
1063 1276 1101 1334 de
1128 1277 1315 1348 Pethrowcz,
1347 1276 1503 1352 Stephano

235 1387 273 1445 de
296 1383 474 1457 Mikwlych,
498 1383 621 1448 villicis,
644 1387 674 1439 et
697 1381 832 1453 Georgio
856 1379 894 1438 de
918 1381 1064 1454 Dedych:
1080 1383 1154 1440 item
1179 1382 1269 1440 Petro
1294 1382 1333 1440 de
1356 1384 1502 1440 Marocha

235 1491 388 1549 familiare
422 1489 538 1562 egregii
571 1487 720 1570 Johannis
755 1488 929 1560 Hennyngh
964 1488 1002 1546 de
1037 1488 1255 1547 Zomzedwara
1298 1490 1330 1547 in
1367 1504 1498 1564 persona

234 1596 381 1671 eiusdem,
411 1595 515 1653 Iwano
539 1593 577 1651 de
608 1593 824 1668 Thopolowcz‚
855 1593 954 1652 altero
979 1595 1083 1652 lwano
1106 1596 1184 1653 alias
1207 1595 1274 1654 cive
1297 1594 1401 1670 jurato
1424 1596 1499 1653 civi·

234 1705 305 1763 tatis
327 1703 440 1760 montis
460 1701 630 1772 Grecensis,
654 1699 806 1774 Gregorio
830 1699 976 1771 Perkone,
1000 1701 1144 1759 similiter
1158 1699 1269 1776 jurato,
1292 1696 1375 1758 Luca
1398 1700 1497 1775 Trop-

234 1810 333 1883 chych
356 1809 447 1880 dicto,
471 1807 509 1865 de
533 1806 684 1864 suburbio
707 1806 845 1865 eiusdem
867 1808 1009 1878 civitatis,
1032 1807 1116 1865 iwan
1140 1806 1178 1865 de
1202 1854 1207 1864 .
1232 1853 1238 1865 .
1264 1850 1272 1866 .
1295 1807 1438 1889 Johanne
1461 1807 1498 1865 de

234 1916 352 1988 eadem,
388 1916 471 1973 Luca
493 1913 532 1971 de
566 1913 790 1972 Chernomercz
827 1919 857 1971 et
888 1912 1064 1985 Gywrkone
1097 1912 1136 1971 de
1156 1914 1273 1987 eadem,
1296 1913 1500 1987 presentibus,

234 2022 421 2093 accedentes,
443 2019 664 2079 introduxisset
694 2018 850 2093 prelatum
881 2019 1042 2077 dominum
1063 2020 1247 2078 Michaelem
1270 2020 1301 2078 in
1325 2018 1498 2077 dominium

233 2128 422 2198 earumdem,
438 2129 592 2185 statuisset
616 2124 740 2183 easdem
763 2125 864 2183 eidem
898 2131 928 2183 et
951 2130 1094 2183 annotate
1117 2125 1245 2184 ecclesie
1267 2141 1323 2184 sue
1344 2124 1414 2201 jure
1437 2125 1496 2184 sibi

234 2235 432 2294 incumbente
467 2238 618 2306 perpetuo
662 2230 862 2304 possidendas
903 2225 945 2310 (et
968 2231 1126 2289 habendas
1158 2246 1265 2289 coram
1317 2224 1437 2309 bana)li
1466 2236 1496 2289 et

231 2349 338 2400 nostro
361 2340 540 2399 hominibus
563 2339 594 2396 in
618 2337 695 2396 facie
718 2338 899 2396 earumdem
922 2340 1092 2396 sessionum
1113 2339 1257 2411 congruis
1282 2343 1312 2395 et
1336 2338 1497 2411 legittimis

232 2447 341 2505 diebus
373 2447 459 2504 iuxta
493 2446 580 2518 regni
611 2444 865 2503 consuetudinem
898 2446 1151 2518 permanentibus
1182 2450 1212 2502 et
1235 2459 1360 2502 moram
1383 2442 1493 2502 facien·

231 2553 323 2624 tibus,
347 2551 436 2610 nullo
467 2552 590 2626 penitus
617 2551 840 2608 contradictore
870 2557 1046 2625 apparente.
1070 2551 1104 2608 ln
1128 2551 1214 2608 cuius
1245 2551 1290 2608 rei
1314 2541 1497 2608 memoriam

143 2687 145 2691 ν
231 2658 474 2732 firmitatemque
496 2663 688 2731 perpetuam,
723 2661 880 2729 presentes
911 2657 1029 2715 litteras
1063 2664 1185 2715 nostras
1208 2656 1371 2731 pendentis
1394 2663 1424 2715 et
1445 2671 1497 2713 au·

231 2765 336 2823 tentici
359 2765 456 2837 sigilli
478 2764 575 2820 nostri
599 2763 806 2820 communitas
837 2762 938 2821 eidem
961 2763 1106 2821 Michaeli
1131 2779 1166 2821 ac
1182 2763 1262 2821 dicte
1286 2763 1417 2821 ecclesie
1439 2778 1492 2820 sue

234 2870 380 2929 duximus
412 2869 629 2929 concedendas.
662 2869 778 2926 Datum
810 2869 1020 2928 sextodecimo
1043 2869 1093 2928 die
1116 2868 1178 2928 diei
1201 2868 1443 2928 introduccionis
1465 2874 1493 2927 et

232 2977 411 3036 statucionis
446 2975 592 3051 predicte.
623 2977 713 3033 Anno
736 2975 855 3034 domini
878 2976 1047 3034 millesimo
1070 2975 1378 3050 quadringentesimo
1399 2991 1494 3034 nona·

230 3084 349 3157 gesimo
372 3082 514 3140 secundo¹

335 3248 359 3294 E
380 3252 540 3309 transumpto
570 3244 698 3294 Vladislai
718 3246 794 3308 regis,
814 3246 846 3293 de
865 3261 932 3295 anno
953 3258 1027 3311 1495.
1048 3248 1080 3294 In
1098 3246 1167 3295 arch.
1187 3247 1233 3298 lib.
1253 3263 1305 3311 reg.
1326 3248 1375 3298 civ.
1393 3246 1494 3311 zagrab.

830 3502 912 3567 365.

338 3645 417 3691 Anno
440 3655 514 3704 1492,
534 3656 558 3704 9.
579 3643 730 3693 decembris.
750 3644 860 3706 Simigii.

235 3771 337 3828 Coruin
361 3777 498 3828 conventu
520 3789 541 3829 s.
565 3770 669 3842 Egidr'i
689 3770 723 3826 dc
746 3769 883 3848 Simagre,
899 3774 1036 3846 fratmm
1059 3774 1119 3831 ord.
1142 3775 1384 3834 Praedt'catorum
1406 3776 1490 3849 depu-

227 3885 304 3935 tatus
327 3878 473 3935 reclamat
499 3875 635 3945 Osvaldo,
659 3877 783 3949 episcopo
805 3878 994 3950 zagrabiensi,
1018 3881 1071 3953 qui
1090 3899 1178 3954 agros
1210 3882 1347 3955 quosdam
1379 3885 1410 3940 in
1429 3891 1493 3957 pcr-

562 3990 684 4054 peluam
709 3983 847 4039 altarrom
870 3986 981 4057 legatos
1004 3987 1154 4046 ademerit.

328 4127 391 4182 Nos
416 4132 584 4182 conventus
619 4127 800 4184 monasterii
832 4129 929 4186 sancti
965 4129 1066 4200 Egidii
1102 4130 1140 4187 de
1170 4129 1309 4203 Simigio.
1344 4132 1491 4191 Memorio

224 4231 487 4300 commendamus,
509 4231 592 4303 quod
610 4232 773 4303 religiosus
792 4233 839 4289 vir
856 4233 951 4291 frater
962 4235 1125 4317 Johannes,
1143 4235 1277 4295 doctoris
1295 4233 1361 4316 (sic)
1375 4238 1489 4296 ordinis

228 4337 461 4394 Predicatorum
486 4338 582 4395 sancti
605 4339 761 4396 Dominici
784 4338 976 4410 confessoris,
1002 4342 1178 4413 predicator
1201 4344 1363 4415 generalis
1387 4345 1418 4402 in
1436 4361 1489 4402 sua

227 4458 263 4500 ac
288 4443 385 4500 tocius
408 4451 576 4500 conventus
599 4445 806 4502 claustrorum
831 4446 913 4503 beati
938 4446 1057 4505 Nicolai
1088 4449 1226 4521 episcopi
1257 4456 1286 4507 et
1309 4449 1490 4509 confessoris

225 4547 263 4606 de
287 4549 446 4621 Zagrabia,
478 4565 595 4608 necnon
626 4551 716 4609 beate
749 4550 919 4611 Katherine
951 4554 1080 4625 virginis
1111 4559 1142 4612 et
1172 4556 1309 4613 martiris
1333 4556 1363 4613 in
1387 4564 1490 4614 monte

224 4653 370 4711 Grecensi
405 4654 621 4727 fundatorum,
656 4672 727 4713 cum
760 4660 982 4730 procuratoriis
1017 4661 1129 4718 litteris
1163 4660 1346 4720 eorumdem
1383 4677 1488 4721 coram

219 4759 310 4817 nobis
333 4761 538 4832 personaliter
562 4763 745 4820 constitutus
769 4780 826 4837 per
859 4764 989 4822 modum
1021 4767 1255 4839 protestacionis
1286 4774 1317 4826 et
1347 4769 1486 4843 prohibi-

219 4864 315 4922 cionis
349 4866 439 4923 nobis
477 4867 651 4938 significare
689 4871 809 4927 curavit
841 4871 873 4927 io
912 4872 994 4929 hunc
1033 4871 1179 4931 modum:
1221 4873 1307 4947 quod
1346 4875 1489 4949 quamvis
