3278 5348
617 442 690 499 Dec.
709 437 782 517 316.
810 475 848 484 -
873 442 930 500 An.
955 438 1046 519 1478.
1394 457 1454 516 397

195 546 408 554 -——

194 657 430 730 collegiatarum
455 657 617 728 canonicis,
653 657 943 731 parochialiumque
976 657 1176 714 ecclesiarum
1209 655 1383 713 rectoribus
1406 670 1459 713 seu

193 763 480 834 locumtenentibus,
507 778 677 836 eorumque
700 763 851 837 plebanis,
882 763 1101 836 viceplebanis,
1123 763 1237 820 curatis
1267 768 1297 819 et
1320 776 1381 821 non
1405 777 1458 819 cu·

192 870 279 941 ratis,
303 869 430 927 notariis
454 875 484 926 et
508 869 753 927 thabellionibus
776 869 911 943 publicis
936 869 1184 941 quibuscumque
1215 884 1271 941 per
1300 868 1459 927 civitatem

161 971 165 975 ’
193 981 223 1033 et
247 975 404 1047 dyocesim
427 975 667 1048 zagrabiensem,
692 975 1056 1048 quinqueecclesiensem,
1080 974 1297 1044 collocensem,
1314 975 1458 1033 bachien-

191 1097 267 1152 sem,
283 1082 470 1151 nitriensem,
487 1081 721 1153 strigoniensem
739 1088 794 1139 etc.
812 1088 841 1138 et
857 1081 935 1138 alias
951 1080 1084 1138 ubilibet
1101 1080 1273 1137 constitutis
1296 1086 1326 1138 et
1350 1095 1457 1138 eorum

190 1189 319 1246 cuilibet
341 1189 372 1246 in
396 1186 532 1245 solidum
565 1202 600 1244 ac
634 1186 683 1245 illi
717 1188 768 1245 vel
791 1188 856 1246 illis
878 1186 918 1245 ad
942 1202 1035 1260 quem
1060 1186 1110 1244 vel
1131 1186 1170 1244 ad
1196 1202 1273 1260 quos
1298 1194 1456 1261 presentes

190 1302 294 1352 nostre
325 1294 523 1369 pervenerint
552 1293 663 1364 littere,
696 1299 725 1351 et
757 1294 921 1367 presertim
954 1293 1060 1350 vobis:
1092 1292 1128 1350 N.
1152 1293 1249 1351 sancti
1270 1294 1403 1352 Emerici
1425 1294 1456 1353 in

190 1417 262 1458 area
286 1401 459 1475 capitulari,
484 1399 519 1456 N.
543 1400 640 1457 sancti
663 1400 760 1457 Marci
783 1400 813 1457 in
836 1403 941 1456 monte
964 1398 1111 1456 Grecensi
1136 1414 1234 1473 prope
1258 1398 1452 1472 Zagrabiam,

189 1507 226 1565 N.
249 1507 345 1565 sancti
370 1506 518 1564 Anthonii
541 1506 571 1563 in
595 1506 664 1563 vico
689 1505 878 1575 Latinorum,
903 1506 1034 1562 salutem
1059 1505 1090 1562 in
1114 1504 1241 1562 domino
1258 1512 1288 1562 et
1303 1504 1457 1564 mandatis

189 1614 313 1683 nostris,
337 1614 435 1672 immo
452 1613 557 1670 verius
579 1612 829 1671 reverendissimi
854 1613 950 1686 patris
973 1620 1003 1669 et
1019 1611 1145 1681 domini,
1162 1611 1282 1669 domini
1299 1610 1456 1669 Gabrielis

189 1721 284 1792 legati
307 1719 439 1778 firmiter
464 1718 598 1777 obedire.
623 1718 788 1788 Noveritis‚
812 1734 868 1776 nos
892 1719 1012 1775 litteras
1043 1717 1181 1775 ciusdem
1205 1717 1456 1776 reverendissimi

189 1826 287 1900 patris
319 1825 445 1893 domini,
482 1825 600 1882 domini
631 1824 797 1894 Gabrielis,
829 1839 918 1882 sanas
945 1831 975 1880 et
1006 1825 1141 1895 integras
1163 1830 1192 1880 et
1216 1824 1303 1881 omni
1326 1838 1456 1896 prorsus

189 1932 271 1990 vicio
294 1937 324 1989 et
348 1932 522 2005 suspicione
545 1937 691 2001 carentes,
716 1945 821 1988 coram
845 1930 966 1987 notario
988 1931 1117 2002 publico
1146 1933 1176 1986 et
1208 1930 1337 1987 testibus
1361 1928 1454 1987 infra·

188 2037 313 2111 scriptis
345 2037 434 2095 nobis
467 2052 522 2109 per
553 2037 770 2095 honorabilem
803 2037 914 2104 virum,
939 2035 1102 2092 dominum
1127 2033 1299 2092 Barnabam
1323 2036 1454 2109 preben-

189 2142 312 2201 darium
342 2144 429 2201 chori
460 2142 588 2200 ecclesie
611 2143 827 2215 zagrabiensis‚
863 2149 1098 2215 procuratorem
1129 2140 1268 2212 religiosi
1298 2142 1359 2199 viri
1391 2142 1454 2200 An·

188 2250 295 2321 thonii,
319 2249 436 2307 ordinis
458 2249 556 2306 sancti
588 2248 753 2319 Dominici,
781 2249 935 2323 capellani
967 2249 1162 2305 serenissime
1193 2246 1319 2305 domine
1347 2249 1453 2320 regine

187 2356 355 2428 Hungarie,
379 2355 526 2413 Bohemie
549 2362 603 2413 etc.
627 2355 790 2426 exhibitas,
813 2371 883 2413 cum
909 2370 953 2425 ea,
978 2369 1040 2427 qua
1063 2353 1174 2426 decuit,
1207 2354 1383 2412 reverencia
1406 2368 1449 2412 re·

187 2462 314 2535 cepisse,
343 2460 521 2519 huiusmodi
551 2462 611 2518 sub
644 2468 764 2520 tenore:
801 2455 893 2540 (Vide
917 2463 990 2519 Doc.
1016 2473 1086 2532 315.
1110 2459 1149 2517 de
1172 2475 1252 2518 anno
1280 2460 1373 2535 1478.
1401 2475 1450 2535 14.

186 2561 275 2644 julii).
298 2568 369 2625 Post
393 2567 656 2640 quarumquidem
680 2567 858 2625 litterarum
883 2568 1146 2640 presentacionem
1178 2573 1209 2624 et
1239 2567 1451 2640 recepcionem

186 2690 243 2749 per
266 2690 322 2731 nos
354 2674 476 2741 factam,
509 2673 625 2732 fuimus
655 2689 710 2747 per
742 2673 899 2748 prefatum
922 2673 1083 2731 dominum
1109 2672 1282 2731 Barnabam
1306 2687 1451 2747 procura·

186 2786 285 2838 torem
310 2780 384 2838 dicti
409 2779 512 2837 fratris
535 2780 683 2837 Anthonii
707 2779 812 2837 debita
836 2795 907 2836 cum
940 2780 1088 2836 instancia
1119 2779 1268 2852 requisiti,
1301 2784 1451 2852 quatenus

185 2886 224 2943 ad
249 2888 465 2944 execucionem
489 2885 642 2943 dictarum
667 2887 842 2944 litterarum
866 2893 895 2944 et
920 2887 952 2943 in
975 2886 1019 2943 eis
1042 2893 1256 2943 contentarum
1279 2883 1366 2959 juxta
1390 2892 1451 2943 tra·

185 2993 282 3051 ditam
315 3000 344 3049 et
374 2992 523 3050 directam
556 2992 646 3050 nobis
677 3007 695 3049 a
728 2992 831 3065 legato
863 2992 998 3050 sormam
1023 2991 1192 3065 procedere
1215 2999 1244 3048 ct
1269 2992 1449 3049 citacionem

184 3115 255 3156 cum
291 3098 514 3157 certificacionc
548 3098 702 3171 legittima
736 3105 766 3155 et
797 3105 1005 3155 memoratum
1039 3098 1211 3179 Johannem
1247 3096 1394 3154 lectorem
1418 3098 1450 3154 in

184 3206 314 3262 ecclesia
344 3204 545 3277 zagrabiensi,
574 3203 739 3277 prefatum,
770 3200 856 3277 juxta
887 3211 917 3260 et
947 3203 1115 3260 secundum
1150 3203 1223 3269 vim,
1255 3201 1388 3259 formam
1419 3210 1449 3260 et

185 3317 325 3368 tenorem
350 3311 525 3368 litterarum
549 3309 741 3383 prefatarum
765 3310 795 3366 in
819 3309 919 3366 forma
943 3309 1033 3366 solita
1057 3316 1086 3364 et
1109 3317 1254 3364 consueta
1277 3307 1449 3378 decernere,

184 3415 321 3489 dareque
352 3424 381 3473 et
412 3415 579 3473 concedere
610 3415 817 3488 dignaremur.
850 3414 913 3472 Nos
942 3416 1045 3487 itaque
1079 3415 1217 3471 volentes
1250 3414 1280 3470 in
1304 3429 1395 3471 causa
1419 3421 1448 3472 et

184 3524 283 3580 causis
306 3520 484 3579 huiusmodi
508 3522 566 3579 rite
590 3527 620 3579 et
636 3522 788 3593 legittime
804 3521 972 3594 procedere
988 3536 1023 3577 ac
1040 3521 1189 3593 partibus,
1206 3519 1297 3577 dante
1313 3519 1447 3590 domino,

181 3627 307 3704 justiam
332 3628 514 3698 ministrare,
531 3632 566 3685 ut
582 3634 730 3693 tenemur,
743 3627 923 3684 citacionem
939 3627 1069 3699 petitam
1093 3625 1228 3682 dandam
1252 3625 1448 3683 decrevimus

182 3741 214 3792 et
237 3734 430 3792 decernimus
455 3749 509 3806 per
533 3739 698 3806 presentes.
714 3732 787 3790 Ideo
803 3733 985 3789 auctoritate
1009 3732 1235 3790 commissionis
1259 3732 1348 3789 nobis
1365 3730 1444 3790 tacte

182 3848 213 3898 et
244 3855 304 3912 qua
336 3838 495 3910 fungimur
527 3840 558 3897 in
580 3840 638 3897 hac
670 3846 766 3913 parte,
799 3839 889 3896 vobis
924 3838 1069 3895 omnibus
1100 3846 1129 3896 et
1160 3838 1290 3910 singulis
1314 3837 1447 3896 dominis

182 3946 379 4020 supradictis,
410 3945 523 4003 nostris
547 3946 578 4003 in
601 3946 659 4003 hac
682 3955 771 4018 parte
794 3945 1019 4014 executoribus,
1051 3952 1080 4002 et
1103 3952 1240 4001 vestrum
1265 3944 1393 4001 cuilibet
1416 3944 1447 4002 in

181 4051 319 4109 solidum
343 4052 374 4109 in
398 4052 511 4110 virtute
535 4052 678 4108 salutaris
697 4051 875 4109 obediencie
891 4058 920 4108 et
935 4051 994 4108 sub
1011 4051 1341 4108 excommunicacionis
1359 4064 1445 4123 pena,

181 4173 277 4230 quam
308 4157 339 4216 in
374 4171 430 4214 vos
465 4165 494 4215 ct
528 4158 662 4216 alterum
698 4163 837 4215 vestrum
871 4157 1050 4214 huiusmodi
1085 4156 1265 4213 mandatum
1300 4165 1442 4213 nostrum

180 4264 291 4336 exequi
315 4269 489 4322 recusantes
512 4281 565 4323 seu
589 4272 791 4335 recusantem,
816 4265 908 4322 trium
940 4264 1061 4321 dierum
1093 4265 1238 4321 canonica
1273 4265 1446 4321 monicione

181 4370 342 4442 premissa,
366 4386 385 4427 a
408 4368 458 4428 die
485 4371 688 4428 exhibicionis
712 4378 741 4428 et
765 4372 976 4444 requisicionis
1000 4371 1193 4444 presencium
1219 4371 1309 4426 vobis
1333 4369 1443 4441 fienda,

181 4475 400 4549 computando,
433 4475 560 4535 ferimus
592 4477 621 4534 in
647 4477 705 4534 biis
736 4477 870 4551 scriptis,
894 4476 1031 4534 districte
1056 4475 1279 4533 committimus
1303 4482 1333 4532 et
1356 4492 1443 4534 man·

181 4581 300 4653 damus,
332 4588 483 4655 quatenus
515 4583 591 4640 dum
622 4588 651 4640 et
683 4582 807 4655 quando
841 4599 912 4640 cum
944 4583 1138 4656 presentibus
1162 4581 1280 4639 fueritis
1304 4583 1444 4655 requisiti

181 4689 232 4746 vel
256 4688 335 4747 alter
359 4695 497 4747 vestrum
532 4688 624 4747 fuerit
648 4689 822 4761 requisitus,
853 4689 892 4746 ad
916 4688 1073 4762 prefatum
1096 4688 1270 4770 Johannem
1293 4688 1443 4746 lectorem

181 4795 385 4868 personaliter
408 4793 568 4866 accedatis,
592 4795 767 4868 ipsumque,
791 4796 816 4852 si
839 4796 905 4853 eius
937 4795 1130 4869 presenciam
1153 4794 1268 4852 habere
1293 4794 1442 4867 poteritis,

179 4899 319 4973 alioquin
342 4902 374 4960 in
396 4901 491 4960 domo
514 4902 719 4961 habitacionis
750 4917 803 4959 sue
826 4908 856 4959 et
879 4902 956 4959 alias
980 4902 1023 4958 sic
1046 4908 1077 4959 et
1099 4902 1203 4959 taliter
1227 4899 1312 4973 quod
1336 4901 1443 4959 huius·
