3278 5348
607 455 680 513 Doc.
704 451 777 532 264.
801 488 841 499 -
868 455 924 514 An.
948 451 1041 533 1469.

782 665 871 732 264.

299 807 380 856 Anno
401 806 477 870 1469,
498 817 521 870 3.
540 805 662 858 octobris.
681 805 831 871 Zagmbiae.

222 936 419 994 Commmriras
441 934 568 994 ciuitatis
590 935 694 991 montis
722 931 874 992 Grcccnsis
896 951 958 991 cum
980 936 1106 1009 capituto
1128 936 1250 1016 zagrab.
1266 937 1436 1011 paciscitur.

295 1100 359 1158 Nos
375 1103 440 1158 tota
455 1098 664 1158 communitas
680 1097 806 1168 civium,
822 1097 998 1155 incolarum
1015 1103 1044 1156 et
1060 1098 1305 1159 inhabitatorum
1321 1099 1456 1159 civitatis

190 1206 306 1265 montis
329 1205 492 1264 Grecensis
517 1205 556 1262 de
579 1202 666 1279 juxta
689 1203 884 1276 Zagrabiam.
907 1203 1061 1263 Omnibus
1084 1204 1201 1265 Christi
1223 1205 1371 1264 fidelibus
1387 1222 1458 1280 pre·

190 1318 309 1371 sentem
342 1313 489 1386 paginam
521 1310 726 1381 cernentibus,
759 1310 886 1382 eiusque
907 1311 1056 1369 noticiam
1079 1311 1241 1380 habituris,
1264 1312 1400 1371 salutem
1424 1312 1457 1371 iu

189 1419 298 1478 salutis
329 1418 487 1491 largitore.
518 1416 599 1474 Cum
629 1415 725 1489 igitur
746 1414 844 1474 nichil
867 1416 907 1474 sit
932 1421 997 1473 tam
1021 1431 1194 1489 congruum
1219 1419 1355 1477 humane
1378 1417 1454 1478 fidei

188 1527 318 1600 quinci
341 1539 436 1598 quam
467 1538 513 1591 ea,
536 1538 597 1596 que
627 1523 707 1580 inter
736 1521 878 1579 homines
901 1529 1036 1594 aguntur
1055 1522 1147 1581 firma
1170 1529 1200 1582 et
1221 1524 1345 1583 illibata
1367 1525 1454 1584 omni

187 1638 330 1705 tempore
361 1635 589 1699 conserventur,
618 1635 648 1687 et
669 1644 708 1687 ne
730 1629 763 1687 in
793 1628 986 1686 oblivionem
1010 1627 1089 1687 forte
1123 1637 1284 1704 posterum
1309 1630 1455 1691 devenire

188 1744 342 1812 poterunt,
372 1738 550 1795 litterarum
583 1735 757 1810 patrocinio
790 1734 968 1793 fulciantur.
992 1735 1125 1794 Proinde
1156 1736 1195 1795 ad
1234 1737 1454 1796 universorum

188 1850 254 1901 tam
279 1844 475 1918 presencium
507 1857 601 1917 quam
625 1841 804 1900 futurorum
826 1841 973 1899 noticiam
996 1842 1108 1900 harum
1132 1842 1211 1901 serie
1234 1843 1381 1902 volumus
1404 1841 1457 1903 de·

188 1950 312 2008 venire:
338 1949 487 2022 quoniam
510 1948 569 2006 hiis
585 1947 696 2006 diebus
721 1946 866 2005 videlicet
887 1952 958 2020 post
978 1946 1093 2005 festum
1114 1948 1197 2007 beati
1221 1949 1381 2008 Michaelis
1404 1964 1453 2009 ar·

188 2056 339 2129 changeii,
355 2055 499 2129 proxime
512 2054 702 2128 preteritum,
719 2053 873 2111 sevissimi
888 2052 992 2125 Turci,
1007 2040 1124 2113 inimici
1140 2054 1297 2127 Crucifixi,
1320 2054 1456 2130 fideique

188 2169 218 2220 et
240 2161 399 2234 religionis
422 2161 587 2219 christiane
618 2167 831 2233 persecutores
861 2165 954 2232 atque
977 2159 1188 2221 devastatores
1217 2177 1315 2235 usque
1336 2161 1456 2222 vadum

187 2284 241 2326 seu
265 2275 393 2341 portum
416 2266 505 2326 fluvii
526 2267 617 2325 Zawe
640 2265 840 2340 aplicuissent
862 2271 893 2323 et
915 2265 1119 2339 advenissent,
1144 2269 1231 2326 cuius
1253 2267 1341 2327 fluvii
1364 2268 1455 2328 Zawe

187 2390 269 2448 aqua
299 2375 435 2432 multum
467 2373 646 2432 decreverat
678 2378 709 2431 et
731 2373 897 2431 immorata
921 2376 1072 2446 extiterat,
1097 2375 1152 2431 uhi
1175 2374 1344 2433 multitudo
1375 2375 1456 2434 chri·

186 2481 360 2538 stianorum
388 2481 550 2554 utriusque
573 2495 665 2538 sexus
687 2479 850 2538 hominum
873 2494 912 2537 ex
935 2480 991 2537 illa
1015 2485 1104 2553 parte
1128 2481 1226 2555 ipsius
1250 2480 1338 2539 fluvii
1360 2481 1452 2553 Zawe

190 2587 381 2659 fugiencium
415 2588 561 2646 omnibus
587 2587 686 2659 bonis,
717 2601 837 2644 necnon
868 2585 1015 2643 domibus
1046 2595 1076 2644 et
1105 2587 1200 2644 rebus
1230 2587 1394 2645 acrematis
1424 2593 1455 2646 et

189 2692 347 2750 derelictis
370 2693 561 2766 affugissent,
584 2693 752 2766 ipsumque
774 2690 890 2750 flumen
913 2691 1003 2750 Zawe
1026 2692 1079 2750 vix
1096 2691 1354 2763 transvadassent,
1377 2693 1454 2751 visis

185 2800 285 2858 eciam
316 2805 426 2857 eotunc
449 2798 651 2857 validissimis
674 2814 710 2857 ac
733 2799 926 2872 impetuosis,
949 2799 1230 2872 multiplicatisque
1252 2805 1282 2857 et
1312 2799 1449 2858 accensis

187 2907 307 2979 ignium
338 2905 482 2977 flammis,
513 2920 648 2978 quorum
671 2903 796 2962 flamme
819 2919 918 2977 usque
940 2903 980 2961 ad
1004 2919 1076 2962 aera
1098 2905 1224 2963 celestia
1248 2920 1281 2963 se
1304 2905 1452 2964 subleva·

186 3013 278 3082 bant;
309 3026 346 3069 ex
379 3026 513 3085 quorum
542 3011 717 3069 Turcorum
747 3012 791 3068 sic
823 3011 1041 3084 multiplicatis
1069 3011 1237 3069 insultibus
1260 3018 1290 3070 et
1313 3012 1448 3071 invasio·

183 3119 285 3189 nibus,
308 3134 426 3176 necnon
452 3118 729 3190 devastacionibus,
746 3117 836 3175 nobis
858 3124 888 3175 et
904 3118 960 3174 toti
984 3117 1200 3175 communitati
1219 3117 1300 3176 dicte
1315 3118 1451 3176 civitatis

185 3231 249 3282 tam
285 3231 414 3299 propter
443 3225 632 3299 paucitatem
665 3224 837 3295 hominum,
872 3238 966 3296 quam
1001 3226 1032 3280 et
1061 3224 1233 3280 carenciam
1266 3218 1449 3283 victualium

185 3336 286 3388 terror
309 3331 464 3389 maximus
481 3330 692 3389 incumbebat.
709 3330 747 3386 Et
762 3329 820 3387 nisi
835 3335 911 3386 nutu
925 3329 1154 3402 omnipotentis,
1177 3329 1450 3404 misericordisque

184 3436 244 3508 dei,
260 3438 416 3511 inopinate
440 3437 499 3494 hiis
521 3437 553 3494 in
578 3437 720 3510 proxime
743 3437 942 3508 sequentibus
964 3439 995 3493 et
1017 3434 1125 3493 eiluxis
1148 3435 1266 3506 diebus,
1290 3436 1358 3510 ipse
1387 3440 1452 3494 tor·

184 3559 256 3623 rens
278 3543 365 3601 fluvii
397 3542 488 3600 Zawe
511 3541 690 3600 inundasset
713 3549 742 3599 et
765 3542 957 3612 accrevisset,
982 3540 1097 3598 nedum
1121 3541 1211 3599 nobis
1234 3547 1265 3600 et
1287 3541 1360 3600 huic
1375 3542 1450 3601 civi·

185 3650 240 3707 tati
271 3648 324 3708 sed
356 3656 386 3707 et
417 3650 516 3707 eciam
547 3649 604 3706 toti
634 3662 730 3720 regno
754 3649 930 3722 periculum
954 3654 984 3704 et
1006 3647 1140 3705 exicium
1164 3647 1258 3705 finale
1283 3647 1447 3720 ingruebat

184 3763 215 3814 et
238 3755 416 3814 inminebat.
449 3755 487 3812 Et
509 3755 582 3827 quia
603 3754 797 3812 venerabiles
821 3753 939 3811 domini
962 3753 1109 3825 canonici,
1133 3753 1289 3826 ceterique
1315 3755 1376 3812 viri
1398 3769 1447 3813 ec-

184 3862 348 3921 clesiastici
376 3861 414 3920 de
445 3861 583 3935 capitulo
615 3861 744 3919 ecclesie
775 3861 983 3933 zagrabiensis
1007 3860 1147 3918 videntes
1171 3866 1201 3917 et
1224 3861 1451 3934 persencientes

182 3969 325 4043 ipsorum
344 3968 517 4026 Turcorum
541 3967 768 4025 inmanissimas
784 3966 1023 4024 christianorum
1047 3967 1220 4024 invasiones
1243 3971 1274 4024 et
1295 3966 1451 4040 periclita-

183 4076 296 4145 cioneS,
319 4074 543 4146 hominumque
558 4073 720 4146 utriusque
739 4089 830 4130 sexus
847 4072 1060 4143 abducciones,
1085 4073 1203 4144 ignium
1227 4078 1258 4130 et
1281 4071 1447 4131 domorum

182 4180 421 4249 combustiones,
445 4180 581 4253 propriis
603 4194 712 4237 eorum
735 4179 766 4236 in
790 4178 929 4251 personis
955 4194 1015 4235 una
1039 4192 1111 4235 cum
1135 4176 1266 4248 familia,
1289 4179 1447 4253 armisque

182 4302 219 4344 ac
244 4287 336 4344 rebus
360 4286 510 4359 ethonis,
541 4300 659 4343 necnon
682 4286 872 4343 victualibus
894 4285 1035 4357 ipsorum
1058 4284 1090 4342 in
1113 4284 1265 4342 auxilium
1290 4289 1322 4342 et
1344 4283 1450 4343 defen·

183 4394 303 4451 sionem
327 4399 466 4450 nostram
490 4399 519 4449 et
536 4392 633 4465 ipsius
647 4391 782 4450 civitatis
797 4391 970 4465 apportatis
986 4396 1016 4448 et
1028 4390 1178 4461 adductis,
1202 4395 1307 4448 contra
1323 4390 1449 4450 eosdem

183 4512 321 4572 paganos
349 4499 525 4572 pugnaturi,
548 4505 577 4555 et
604 4498 706 4571 ipsam
723 4498 868 4557 civitaten
883 4497 1051 4554 auxiliante
1074 4497 1279 4571 omnipotenti
1302 4504 1449 4571 creatore,

183 4612 249 4664 toto
279 4605 421 4679 ipsorum
453 4604 612 4662 conamine
645 4619 705 4661 una
735 4603 897 4661 nobiscum
930 4601 1119 4661 defensaturi
1141 4603 1337 4664 advenerant
1362 4604 1449 4678 Quos

181 4725 238 4770 nos
262 4710 486 4782 favorabiliter,
515 4710 717 4782 hilariterque
740 4715 770 4768 et
789 4709 922 4782 benigne
944 4715 1192 4784 assumpmentes
1222 4714 1253 4768 et
1283 4709 1316 4768 in
1345 4710 1449 4787 ipsam

182 4817 341 4876 civitatem
372 4817 463 4875 acin
486 4815 625 4875 medium
656 4816 753 4874 nostri
776 4816 1023 4888 intromittentes,
1046 4816 1186 4890 hospicia
1208 4820 1240 4875 et
1260 4815 1371 4875 domos
1394 4832 1448 4876 no·

182 4931 263 4982 stras
294 4923 412 4983 eisdem
444 4923 617 5000 prebentes,
642 4923 714 4982 licet
737 4939 808 4982 cum
832 4925 913 4982 inter
934 4938 991 4982 nos
1014 4930 1045 4982 et
1066 4923 1168 5000 ipsam
1191 4923 1447 4985 communitatem
