3256 5346
253 448 314 502 510
668 429 742 489 Doc.
758 424 836 505 387.
861 462 904 471 -
928 427 984 485 An.
1007 441 1099 507 1497.

251 647 305 705 stit
328 651 358 704 et
389 661 486 718 usque
518 646 550 703 in
580 647 636 702 hec
667 650 809 718 tempora
839 658 964 718 semper
986 645 1103 704 tributa
1125 647 1192 704 sive
1213 647 1355 706 thelonia
1376 649 1411 707 in
1433 649 1532 722 perti·

251 753 366 811 nenciis
379 753 576 825 episcopatus
589 750 637 810 sui
652 750 734 823 exigi
750 750 850 821 solita,
874 751 1054 824 persolvere
1077 752 1194 810 astricti
1218 752 1351 824 fueritis,
1372 752 1527 827 idemque

251 857 396 916 dominus
419 859 583 932 episcopus
606 872 730 930 semper
745 857 777 913 in
799 855 929 930 pacifica
953 858 1145 931 possessione
1161 859 1380 932 percepcionis
1405 861 1525 918 eiusce·

251 964 337 1021 modi
361 963 469 1021 tributi
498 961 602 1032 fuerin
635 967 738 1019 tamen
761 978 850 1031 nunc,
873 962 1009 1021 nescitur
1032 964 1146 1036 quibus
1177 965 1382 1038 respectibus,
1407 966 1524 1023 soluci-

198 1100 202 1108 ·
251 1084 342 1127 onem
366 1067 547 1126 huiusmodi
568 1068 756 1126 tributorum
777 1066 878 1125 facere
894 1070 1076 1127 recusaretis
1098 1070 1130 1127 in
1153 1070 1364 1143 preiudicium
1388 1077 1420 1128 et
1435 1070 1526 1129 dam·

251 1190 350 1250 pnum
381 1174 519 1232 eiusdem
556 1173 675 1232 domini
709 1173 857 1248 episcopi,
891 1180 1176 1249 consequenterque
1207 1174 1288 1233 dicte
1312 1177 1445 1235 ecclesie
1469 1192 1524 1234 sue

250 1280 344 1340 valde
368 1295 516 1353 magnum
539 1295 574 1337 ac
595 1278 739 1355 injuriam
757 1278 962 1338 manifestam.
985 1278 1065 1339 Cum
1089 1287 1193 1338 autem
1217 1296 1273 1339 nos
1289 1283 1382 1340 sicuti
1406 1289 1522 1340 ceteras

251 1388 396 1446 ecclesias
420 1387 470 1444 dei
494 1387 524 1444 in
547 1387 606 1444 hoc
629 1401 725 1459 regno
740 1391 846 1445 nostro
863 1385 1016 1457 fundatas,
1040 1388 1083 1445 sic
1106 1388 1205 1446 eciam
1228 1388 1329 1462 ipsam
1354 1388 1520 1446 ecclesiam

250 1493 490 1565 zagrabiensem,
515 1502 798 1566 consequenterque
821 1493 1073 1568 prenominatum
1095 1493 1258 1552 dominum
1281 1493 1469 1568 episcopum
1487 1494 1518 1551 in

250 1600 314 1656 suis
337 1599 471 1671 antiquis
495 1599 693 1657 libertatibus
716 1605 746 1656 et
763 1600 969 1672 prerogativis
991 1607 1084 1673 atque
1107 1600 1291 1673 approbatis
1314 1599 1516 1658 consvetudi·

251 1705 343 1762 nibus
367 1719 406 1761 ex
429 1703 535 1762 debito
559 1705 719 1777 regiminis
742 1704 839 1763 nostri
866 1705 988 1763 illibate
1012 1721 1196 1764 conservare
1220 1712 1390 1777 teneamur,
1415 1705 1516 1764 fideli·

253 1810 310 1868 tati
340 1810 435 1882 igitur
466 1818 567 1867 vestre
594 1811 705 1868 harum
739 1815 818 1869 serie
848 1809 1027 1868 firmissime
1050 1811 1242 1885 precipimus
1265 1820 1296 1869 et
1318 1810 1516 1881 mandamus,

250 1922 400 1990 quatenus
441 1918 575 1990 acceptis
609 1918 804 1991 presentibus
838 1916 951 1974 amodo
983 1917 1127 1991 deinceps
1164 1917 1353 1976 eiuscemodi
1400 1919 1517 1976 tributa

163 2036 167 2043 ·
250 2038 304 2081 seu
328 2023 464 2080 thelonia
487 2022 607 2096 pretate
632 2023 759 2081 ecclesie
782 2030 812 2081 et
845 2039 901 2097 per
925 2037 1113 2096 consequens
1136 2024 1197 2097 ipsi
1221 2024 1348 2081 domino
1370 2025 1517 2097 episcopo

252 2129 342 2187 sicuti
376 2136 473 2198 antea,
509 2128 610 2186 modis
644 2129 790 2187 omnibus
812 2129 936 2187 solvere
960 2128 1098 2188 debeatis
1119 2134 1150 2187 et
1173 2130 1356 2198 teneamini;
1385 2129 1517 2203 quodsi

252 2233 330 2308 quid
354 2234 508 2292 libertatis
543 2251 597 2293 seu
628 2236 838 2308 exempcionis
861 2249 956 2309 super
978 2251 1040 2294 non
1070 2236 1229 2293 solucione
1253 2237 1396 2310 ipsorum
1420 2236 1515 2292 tribu·

250 2346 355 2399 torum
391 2356 446 2398 vos
485 2341 601 2400 habere
624 2342 764 2415 speratiS,
799 2357 836 2399 ex
860 2356 923 2414 quo
946 2343 1107 2416 hucusque
1129 2357 1289 2415 nunquam
1320 2341 1352 2398 in
1385 2339 1513 2414 pacifica

250 2448 442 2522 possessione
464 2462 527 2505 non
551 2447 751 2521 persolvendi
775 2447 870 2506 fuisse
887 2447 1104 2520 perhibemini,
1127 2447 1158 2506 id
1184 2448 1222 2505 de
1244 2446 1312 2523 jure
1336 2452 1366 2504 et
1390 2461 1514 2504 consve-

251 2553 357 2612 tudine
390 2555 477 2626 regni
513 2555 611 2612 nostri
646 2555 676 2610 in
712 2554 830 2611 octavis
861 2555 1100 2627 persequamini,
1122 2551 1253 2629 juraque
1277 2558 1380 2611 vestra
1402 2551 1515 2627 produ·

250 2661 327 2718 catis
350 2666 379 2718 et
402 2675 459 2717 vos
477 2661 576 2733 parati
602 2651 720 2738 (eritis)
748 2660 837 2718 vobis
870 2657 1021 2735 judicium
1037 2659 1254 2718 administrare
1270 2675 1306 2717 ac
1328 2657 1515 2717 eiuscemodi

249 2763 318 2842 jura
341 2771 371 2823 et
395 2767 559 2839 privilegia
583 2772 686 2824 vestra
706 2765 806 2825 iacere
828 2765 970 2824 revidere
991 2772 1083 2841 atque
1109 2768 1141 2825 in
1164 2766 1283 2825 eisdem
1306 2767 1338 2824 in
1361 2771 1512 2838 quantum

249 2872 306 2931 illa
330 2872 467 2946 pociora,
492 2888 586 2945 quam
611 2871 685 2930 dicti
708 2872 826 2930 domini
857 2873 996 2948 episcopi
1017 2871 1086 2948 jura
1109 2873 1231 2942 fuerint,
1255 2873 1354 2931 eciam
1376 2871 1513 2945 graciose

250 2977 351 3036 iacere
375 2993 568 3047 conservare,
592 2979 715 3036 inierim
746 2985 858 3049 tamen,
882 2984 916 3035 ut
937 2979 1148 3050 premisimus,
1172 2978 1262 3036 sicuti
1285 2978 1446 3051 hucusque
1468 2978 1509 3034 ita

250 3085 349 3143 eciam
384 3085 529 3158 deinceps
562 3085 678 3142 tributa
712 3084 781 3158 ipsa
813 3083 896 3143 dicto
927 3083 1055 3143 domino
1077 3084 1305 3159 episcoposine
1329 3083 1513 3141 difficultate

250 3191 356 3264 aliqua
380 3191 519 3265 plenarie
543 3191 723 3265 persolvere
747 3190 886 3248 debeatis
909 3197 939 3249 et
962 3191 1046 3249 aliud
1071 3190 1158 3250 nulla
1181 3190 1304 3248 racione
1329 3189 1430 3248 facere
1446 3205 1513 3264 pre·

249 3298 387 3355 sumatis.
412 3297 608 3355 Presentibus
634 3297 787 3370 perlectis,
807 3298 966 3355 exhibenti
982 3298 1137 3356 restitutis.
1154 3297 1271 3354 Datum
1287 3296 1373 3354 Bude
1390 3296 1421 3354 in
1438 3296 1512 3353 testo

250 3403 339 3460 beate
363 3403 498 3461 Barbare
522 3403 652 3475 virginis
675 3409 705 3460 et
736 3404 882 3462 martiris.
918 3405 1008 3461 Anno
1033 3403 1150 3461 domini
1174 3403 1345 3460 millesimo
1369 3401 1512 3477 quadrin-

249 3510 421 3580 gentesimo
444 3510 644 3582 nonagesimo
669 3514 764 3567 sexto.

646 3634 756 3686 Reiacio
775 3636 929 3687 venerabilis
949 3621 1056 3701 Georgii
1075 3635 1200 3702 prepositi
1220 3636 1302 3684 sancti
1322 3634 1427 3684 Nicolai
1447 3636 1478 3684 de

984 3744 1063 3801 Alba,
1083 3744 1212 3793 secretarii
1231 3743 1301 3806 regie
1326 3743 1477 3793 maiestatis.

355 3868 487 3931 Originale
512 3870 539 3916 in
563 3868 658 3919 charta.
684 3870 716 3915 In
742 3868 856 3931 margine
875 3865 1158 3930 inferioriimpressum
1180 3869 1219 3910 est
1248 3859 1371 3924 sigillum.
1393 3864 1426 3912 In
1444 3863 1504 3911 arch

248 3956 326 4020 episc.
346 3958 446 4020 zagrab.
466 3956 641 4019 Privilegialia
659 3957 720 4007 fasc.
741 3969 764 4006 2.
785 3971 822 4008 nr.
841 3957 883 4018 48.

836 4132 919 4199 387.

354 4247 465 4296 Aunol
551 4247 592 4298 28.
612 4246 733 4298 octobris.

259 4318 432 4391 Vladr'slaas,
462 4258 638 4394 magaria
673 4329 719 4379 etc.
743 4338 805 4388 rex,
840 4318 1037 4376 communitati
1068 4317 1193 4375 civitatis
1227 4319 1330 4374 montis
1361 4315 1512 4375 Greccnsis

240 4427 394 4500 praecipit,
429 4435 462 4484 at
488 4428 604 4484 resistat
626 4426 766 4501 Jolraam'
804 4424 932 4484 Corvino
962 4424 1036 4493 daci,
1065 4424 1094 4480 si
1113 4431 1241 4497 cuprum,
1264 4422 1345 4497 quad
1363 4423 1512 4498 lohannes

317 4531 414 4590 ‘Iurza
437 4531 553 4590 Scaeam
569 4540 627 4605 per
651 4532 828 4605 Zagrabz'am
851 4532 960 4588 mittere
981 4528 1127 4604 cogitavit,
1151 4529 1276 4586 adimere
1299 4530 1431 4591 valuerit.

962 4669 1102 4718 Commisio
1121 4668 1226 4733 propria
1243 4665 1344 4720 domini
1362 4668 1441 4733 regis.

354 4799 544 4857 Wladislaus
576 4799 624 4857 dei
648 4801 752 4872 gracia
775 4816 830 4857 rex
855 4801 1012 4872 Hungarie
1036 4806 1065 4856 et
1088 4798 1235 4857 Bohemie
1258 4805 1313 4856 etc.
1338 4797 1509 4856 Prudentes

247 4911 277 4963 et
300 4907 524 4978 circumspecti,
547 4905 656 4964 fideles
686 4906 776 4964 nobis
799 4905 913 4968 dilecti.
930 4905 1145 4964 Intelleximus
1167 4919 1206 4961 ex
1228 4903 1385 4962 relacione
1407 4902 1510 4961 fidelis
