3278 5348
531 441 605 499 Dec.
623 452 701 518 345·
726 474 766 484 ··
791 440 848 496 An.
871 434 961 515 1487·
1309 458 1385 517 447³

109 544 698 555 -————-—.....-———--—-.-—..
709 545 1352 554 ..........———-·-——-..—.—-—-——....
1363 546 1369 551 .

104 654 233 726 stoforo,
257 664 397 728 pretacta
418 658 611 731 possessione
634 656 792 729 Hrazthya
810 655 925 714 eisdem
942 655 1063 713 civibus
1078 655 1166 711 salva
1189 661 1374 726 remanente,

103 761 194 818 nullo
217 761 445 821 contradicente
477 763 629 835 legittime
661 767 775 821 statuta
804 763 941 820 extitisse
964 760 1179 833 reperiebatur
1201 759 1373 831 manifeste,

104 871 135 923 et
157 866 200 924 ob
224 867 283 924 hoc
307 874 465 940 sepetacta
487 868 642 941 possessio
666 868 849 940 Petrowyna
866 867 961 926 simul
977 849 1048 924 cum
1071 870 1153 925 terra
1176 881 1229 925 seu
1252 880 1372 940 posses·

105 972 192 1030 sione
228 971 439 1046 Sylalrowyna
472 974 619 1048 appelata
654 989 690 1031 ac
721 972 790 1032 aliis
822 973 1010 1031 utilitatibus
1033 977 1063 1030 et
1087 971 1283 1045 pertinenciis
1307 973 1374 1044 qui·

105 1077 244 1135 buslibet
267 1092 304 1135 eo
328 1079 412 1152 quod
444 1078 574 1136 eandem
606 1085 720 1138 terram
753 1095 807 1138 seu
832 1079 1058 1152 possessionem
1081 1076 1290 1150 Sylalrowyna
1313 1078 1373 1150 ipsi

104 1183 189 1242 cives
212 1186 327 1244 montis
350 1185 512 1244 Grecensis
537 1186 627 1244 metis
650 1185 731 1244 dicte
754 1186 957 1259 possessionis
974 1184 1158 1256 Petrowyna
1180 1182 1373 1243 includentes

103 1289 228 1348 easdem
252 1292 311 1348 sub
336 1306 396 1348 una
419 1298 448 1350 et
481 1290 589 1350 eadem
621 1292 791 1349 inclusione
822 1297 978 1349 metarum
1003 1290 1193 1348 remisissent
1216 1296 1246 1348 et
1270 1305 1373 1363 posse·

102 1395 227 1468 dissent,
250 1397 424 1470 prelibatus
446 1411 570 1470 quoque
601 1397 732 1455 condam
765 1397 910 1455 dominus
940 1395 1157 1469 Sigismundus
1190 1411 1244 1453 rex
1268 1395 1371 1468 ipsam

102 1503 328 1576 possessionem
342 1503 524 1576 Petrowyna
539 1504 634 1562 simul
647 1520 719 1560 cum
742 1506 859 1561 cunctis
883 1504 947 1561 suis
963 1502 1159 1577 pertinenciis
1177 1502 1237 1561 sub
1255 1501 1371 1560 eisdem

102 1608 194 1666 metis
217 1615 247 1667 et
270 1609 418 1679 terminis,
451 1609 565 1681 quibus
596 1609 704 1666 eadem
739 1625 795 1682 per
817 1609 972 1682 predictos
996 1609 1079 1666 cives
1104 1613 1189 1667 tenta
1213 1607 1319 1665 fuisset
1341 1614 1372 1666 et

102 1728 243 1786 possessa
277 1714 318 1772 ab
356 1714 471 1773 eisdem
511 1715 632 1773 civibus
671 1717 785 1773 montis
819 1715 981 1774 Grecensis
1005 1714 1160 1785 auferens,
1191 1714 1371 1773 memoratis

102 1820 281 1888 Laurencio,
305 1819 434 1878 Nicolao
457 1826 487 1878 et
510 1820 705 1879 Christotoro
728 1821 808 1879 Toth
832 1821 1013 1879 contullisse
1037 1819 1262 1892 dinoscebatur,
1286 1827 1370 1877 ante·

101 1924 168 1983 lato
189 1925 329 2008 Johanne
352 1925 527 1999 Hennyngh
552 1932 714 1999 tamquam
736 1929 904 1985 successori
933 1933 963 1984 et
996 1925 1102 1984 heredi
1125 1926 1264 1999 ipsorum
1289 1925 1367 1982 Lau·

101 2030 195 2088 rencii
220 2037 250 2090 et
272 2031 393 2090 Nicolai
422 2032 502 2090 Toth
534 2033 565 2091 in
597 2039 783 2107 perpetuum
815 2034 948 2107 relinqui
981 2038 1011 2091 et
1033 2030 1174 2106 judicari,
1197 2038 1370 2091 memorata

12 2134 20 2143 ‘
102 2142 208 2194 autem
232 2139 387 2211 possessio
404 2139 561 2212 Hrazthya
573 2145 684 2197 vocata
706 2141 801 2198 modo
825 2141 921 2198 simili
945 2156 1017 2197 cum
1041 2139 1159 2197 cunctis
1183 2139 1370 2198 utilitatibus

101 2248 132 2300 et
155 2244 352 2316 pertinenciis
383 2246 577 2318 quibuslibet
609 2263 647 2304 ex
674 2247 845 2305 collacione
877 2243 1056 2321 perhennali
1080 2244 1212 2318 sepefati
1235 2244 1384 2305 condam

101 2347 220 2407 domini
252 2348 442 2423 sigismundi
471 2355 554 2425 regis
586 2369 642 2427 per
671 2353 804 2411 eundem
828 2353 918 2411 dictis
957 2352 1078 2411 civibus
1101 2351 1234 2409 civitatis
1257 2351 1370 2409 montis

100 2453 264 2513 Grecensis
279 2471 360 2514 anno
376 2459 528 2531 premisso
544 2458 624 2516 iacta
639 2460 784 2517 similiter
800 2457 970 2534 adjudicari
988 2465 1017 2516 et
1037 2457 1129 2515 statui
1145 2457 1253 2514 deberi
1275 2457 1367 2514 nobis

100 2575 138 2617 ac
160 2562 338 2621 reverendis
361 2564 393 2621 in
417 2563 541 2623 Christo
563 2566 715 2639 patribus,
737 2564 886 2622 dominis:
910 2564 1110 2637 Sigismundo
1135 2564 1369 2637 quinqueeccle·

98 2666 200 2737 siensi,
226 2667 358 2726 Nicolao
383 2671 555 2741 wachiensi,
579 2672 718 2754 Johanne
750 2669 956 2740 chanadiensi,
986 2670 1115 2728 Nicolao
1139 2671 1237 2728 electo
1264 2670 1365 2727 tinini·

98 2773 173 2845 ensi,
205 2774 407 2833 ecclesiarum
431 2778 593 2851 episcopis,
628 2777 855 2851 Dominicoque
878 2777 1006 2836 ecclesie
1031 2777 1167 2835 albensis
1192 2777 1367 2849 preposito;

100 2879 177 2937 item
201 2881 375 2952 magnificis
399 2882 522 2940 Andree
545 2883 584 2941 de
608 2883 722 2941 Bethor
754 2891 783 2941 et
819 2884 948 2942 Nicolao
971 2884 1010 2941 de
1034 2882 1222 2940 llederwara
1247 2897 1388 2965 conses3

101 2987 232 3044 soribus
255 2988 368 3046 nostris
391 3004 427 3046 ac
457 2990 613 3062 magistris
637 2990 881 3064 prothonotario,
905 2990 1073 3061 ceterisque
1097 2989 1184 3061 regni
1206 2988 1384 3066 nobilibus⁴

98 3093 263 3150 nobiscum
289 3094 319 3151 in
344 3096 485 3152 examine
508 3096 605 3170 ipsius
630 3111 720 3154 cause
736 3097 938 3154 existentibus
962 3096 1153 3153 cernebatur.
1176 3094 1236 3151 Pro
1258 3109 1294 3151 eo
1318 3109 1367 3152 eo·

96 3197 242 3256 rumdem
260 3199 458 3258 dominorum
476 3182 684 3274 prelatorum,
696 3202 862 3273 baronum,
885 3203 1114 3274 magistrorum,
1137 3201 1367 3274 prothonotarii

97 3311 335 3378 ceterorumque
358 3306 445 3378 regni
468 3307 622 3364 nobilium
647 3308 767 3380 quesito
803 3307 970 3380 superinde
997 3313 1026 3363 et
1050 3312 1215 3378 assumpto
1239 3307 1367 3363 consilio

99 3417 291 3484 prematuro,
305 3411 492 3485 prelibatam
515 3413 743 3485 possessionem
761 3413 943 3485 Petrowyna
960 3414 1155 3486 appellatam
1180 3413 1211 3469 in
1235 3413 1363 3485 prealle·

97 3522 172 3588 gato
204 3517 321 3574 civium
353 3519 601 3598 zagrabiensium
633 3512 769 3596 (campo)
799 3519 988 3576 adiacentem
1014 3520 1108 3576 simul
1132 3535 1202 3575 curn
1229 3517 1366 3591 predicta

97 3627 181 3680 terra
204 3639 256 3680 seu
283 3625 475 3696 possessione
507 3623 715 3697 Sylalrowyna
739 3631 848 3682 vocata
872 3626 950 3682 inter
975 3631 1071 3681 metas
1094 3631 1123 3682 et
1148 3626 1299 3682 terminos
1323 3626 1365 3682 ei·

96 3729 207 3786 usdem
232 3731 431 3803 possessionis
456 3732 636 3803 Petrowyna
662 3733 844 3789 existentem
868 3749 904 3789 ac
927 3733 996 3789 aliis
1021 3733 1136 3799 cunctis
1160 3733 1223 3790 suis
1247 3732 1365 3789 utilita-

95 3835 180 3893 tibus
203 3843 233 3893 et
257 3837 452 3910 pertinenciis
477 3838 678 3910 quibuslibet,
702 3839 877 3896 racionibus
901 3855 937 3895 ex
960 3839 1126 3912 premissis,
1150 3837 1288 3911 sepefato
1312 3837 1365 3919 Jo-

95 3941 190 3999 hanni
214 3942 388 4015 Hennyngh
412 3959 447 4001 ac
478 3943 616 4001 eiusdem
648 3945 814 4004 heredibus
839 3952 867 4002 et
893 3946 1123 4018 posteritatibus
1159 3945 1310 4002 universis
1334 3944 1365 4001 in

95 4048 319 4120 sempiternum
344 4049 561 4123 possidendam
579 4052 717 4108 seriebus
733 4052 866 4108 aliarum
892 4052 1065 4109 litterarum
1083 4057 1258 4109 nostrarum
1277 4048 1365 4124 alju-

96 4151 317 4211 dicatoriarum
343 4156 452 4213 exinde
477 4155 687 4214 confectarum
720 4166 871 4231 perpetuo
896 4157 1115 4230 possidendam
1139 4154 1365 4230 adjudicamus,

94 4267 126 4315 et
148 4260 356 4332 relinquentes
387 4262 554 4319 antefatam
589 4264 814 4336 possessionem
848 4264 1004 4335 Hrazthya
1028 4264 1057 4320 in
1082 4262 1190 4319 eodem
1215 4263 1363 4319 comitatu

92 4365 286 4436 zagrabiensi
310 4368 401 4424 sitam
425 4369 570 4427 similiter
594 4385 665 4426 cum
689 4371 806 4426 cunctis
821 4370 884 4425 suis
911 4370 1096 4426 utilitatibus
1121 4375 1149 4424 et
1165 4368 1364 4440 pertinenciis

94 4471 288 4543 quibuslibet
320 4473 462 4531 antelatis
493 4475 616 4532 civibus
646 4474 883 4549 et·hospitibus
907 4475 1062 4546 sepedicte
1086 4474 1220 4531 civitatis
1246 4474 1363 4531 montis

94 4575 257 4635 Grecensis
288 4579 534 4651 eorumdemque
565 4582 684 4638 cunctis
708 4580 874 4639 heredibus
898 4587 927 4637 et
953 4580 1187 4654 posteritatibus
1211 4579 1363 4636 universis

94 4681 190 4739 modo
213 4684 357 4742 similiter
381 4687 412 4742 in
437 4692 622 4760 perpetuum
639 4686 850 4762 adjudicantes
873 4701 908 4743 ac
929 4686 1046 4743 eisdem
1065 4685 1158 4743 modo
1182 4685 1361 4758 subscripto

94 4789 187 4845 statui
201 4787 315 4848 debere
329 4789 525 4850 decernentes
541 4799 570 4850 et
583 4793 805 4861 commitentes‚
823 4799 958 4849 vestram
975 4791 1148 4849 amiciciam
1170 4790 1364 4864 presentibus

95 4894 230 4968 petimus
253 4895 425 4970 diligenter,
443 4905 593 4971 quatenus
610 4904 749 4957 vestrum
767 4899 895 4956 mittatis
920 4898 1077 4966 hominem
1103 4912 1161 4972 pro
1186 4896 1363 4954 testimonio
