3278 5348
599 388 672 446 Doc.
696 399 767 462 [ορ.
793 419 830 431 -
856 386 913 445 An.
938 381 1031 465 1438.

780 594 861 664 109.

289 743 371 792 Anno
393 741 467 804 1438,
490 752 529 803 13,
546 740 666 805 januarii.
685 739 834 804 Zagrabiae.

183 871 344 930 Marsaeus
380 868 413 927 Τ
407 869 511 926 olovac
544 868 644 942 banus,
679 876 712 926 ut
744 867 779 926 de
812 863 932 946 inferiis
964 885 984 924 a
1027 865 1171 951 melma,
1202 874 1344 941 capetano
1365 867 1455 926 castri

183 977 318 1048 Medoed,
347 975 551 1034 mercatoribus
580 974 816 1048 ragrabicnsibus
848 974 940 1031 illatas
971 972 1165 1048 quaestionem
1189 973 1297 1048 ferat,
1329 974 1453 1048 capitulo

678 1079 819 1139 laonensi
836 1078 963 1137 mandat.

290 1235 408 1293 Amicis
430 1235 494 1292 suis
516 1232 703 1306 reverendis,
726 1231 864 1306 capitulo
886 1230 1014 1289 ecclesie
1041 1231 1240 1304 chasmensis,
1264 1231 1394 1291 Mathlro
1416 1230 1453 1290 de

181 1343 351 1401 Thalloucz
373 1357 541 1415 regnorum
555 1340 726 1412 Dalmacie,
750 1338 878 1397 Croacie
901 1345 931 1396 et
954 1338 1053 1397 tocius
1068 1335 1233 1423 Sclpuonie
1249 1339 1359 1408 banus,
1375 1338 1453 1397 ami·

186 1450 295 1508 eiciam
326 1454 470 1523 paratam
500 1461 572 1504 cum
607 1446 730 1503 honore.
755 1445 878 1502 Dicitur
896 1444 987 1502 nobis
1010 1445 1041 1502 in
1066 1444 1205 1518 personis
1227 1441 1349 1519 judicis,
1371 1442 1454 1521 jura·

182 1558 287 1613 torum
310 1568 346 1611 ac
369 1553 468 1611 tocius
492 1551 724 1610 communitatis
748 1550 882 1609 civitatis
904 1549 1019 1608 montis
1042 1547 1204 1608 Grecensis
1228 1549 1266 1608 de
1288 1550 1377 1608 iuxta
1400 1549 1453 1608 Za·

183 1660 335 1733 grabiam,
370 1656 529 1732 quomodo
566 1655 695 1731 quidam
726 1655 917 1714 wilhelmus
939 1656 1194 1730 vicecapetaneus
1216 1656 1310 1713 castri
1333 1656 1454 1713 Medwe

183 1783 241 1842 per
262 1766 401 1825 illustres
432 1764 589 1837 principes
623 1760 766 1819 dominos
800 1759 992 1819 Fridericum
1016 1759 1105 1831 Cilic,
1128 1760 1333 1834 Ortenburge,
1356 1760 1453 1835 Zago-

182 1874 290 1946 n‘eque
312 1871 459 1929 comitem
482 1885 517 1927 ac
533 1869 685 1940 Vlricum,
701 1867 840 1926 ciusdem
857 1867 976 1925 domini
991 1866 1143 1925 Friderici
1156 1874 1274 1937 natum,
1290 1867 1323 1926 in
1342 1867 1453 1926 eodem

184 1986 284 2037 castro
307 1976 427 2034 Medwe
450 1975 642 2046 constitutus,
664 1974 695 2031 in
719 1973 798 2031 festo
820 1972 986 2030 beatorum
1010 1971 1122 2030 Cosme
1145 1977 1175 2030 et
1199 1972 1345 2032 Damiani
1368 1988 1454 2033 mar·

183 2091 296 2157 tyrum,
321 2084 463 2157 proxime
487 2081 681 2156 preteritum,
704 2080 789 2138 malo
812 2079 909 2137 fretus
933 2079 1073 2150 consilio,
1097 2078 1266 2152 quemdam
1290 2079 1454 2139 Bartholo-

182 2205 287 2248 meum
310 2188 463 2259 italicum,
489 2188 681 2260 vitriparem,
705 2187 916 2244 habitatorem
941 2184 1022 2244 dicte
1057 2186 1191 2244 civitatis
1226 2186 1342 2244 montis
1376 2185 1454 2246 Gre-

184 2296 282 2354 ccnsis
304 2312 344 2353 ex
370 2295 449 2353 scitu
480 2299 510 2352 et
540 2293 757 2351 commissione
781 2292 936 2350 dictorum
960 2291 1160 2350 dominorum
1183 2305 1323 2365 suorum,
1346 2293 1400 2351 via
1422 2293 1454 2353 in

182 2404 284 2461 libera
308 2402 348 2459 dc
380 2400 528 2458 Pethouia
551 2415 660 2458 versus
683 2400 812 2473 propria
835 2414 909 2456 cum
932 2399 1023 2456 certis
1046 2398 1110 2457 suis
1133 2399 1227 2456 rebus
1250 2413 1286 2456 ac
1309 2399 1402 2457 bonis
1424 2404 1456 2459 et

184 2509 271 2581 equis
309 2507 566 2582 proficiscentem,
599 2521 698 2580 prope
728 2504 907 2563 molendina
930 2504 1012 2563 dicte
1035 2505 1169 2564 civitatis
1192 2509 1222 2565 et
1243 2505 1276 2563 in
1295 2506 1455 2565 territorio

184 2613 323 2673 eiusdem
346 2613 480 2671 civitatis
503 2628 559 2686 per
582 2618 682 2670 certos
705 2626 777 2669 suos
800 2612 950 2683 homines,
975 2616 1005 2669 et
1028 2611 1186 2684 signanter
1208 2626 1266 2686 per
1281 2612 1454 2685 quemdam

182 2721 376 2805 Jeronimum
399 2734 434 2776 ac
457 2717 665 2776 Colornanum
688 2715 946 2790 Tranlrenbergar
974 2717 1129 2792 captivari
1159 2723 1189 2775 et
1212 2725 1350 2792 captum,
1374 2718 1454 2794 liga·

184 2832 314 2899 tumque
349 2841 366 2882 a
401 2831 489 2897 tergo
519 2825 664 2882 manibus
687 2829 717 2881 et
739 2824 798 2880 sub
822 2838 976 2896 equorum
998 2823 1161 2881 ventribus
1184 2823 1318 2898 pedibus
1343 2826 1454 2900 ipsius,

182 2948 277 3007 penes
302 2932 419 2990 dictum
444 2936 579 2988 castrum
604 2930 732 3001 hledwe,
756 2928 836 2987 datis
860 2930 947 3003 prius
970 2929 1088 2988 eisdem
1112 2930 1287 2988 latronibus
1311 2931 1350 2990 de
1383 2933 1454 3008 ipso

182 3045 283 3095 castro
307 3037 427 3095 Medwe
450 3038 528 3094 cibis
550 3042 579 3094 et
603 3037 738 3110 potibus,
764 3035 803 3092 ad
827 3042 1002 3108 pretactum
1025 3041 1163 3094 castrum
1184 3035 1270 3096 idern
1293 3037 1454 3099 Tranken·

182 3144 294 3217 berger
328 3142 438 3200 deduci
473 3148 503 3200 et
537 3140 664 3200 tandem
697 3142 729 3199 in
764 3140 970 3215 quadraginta
1003 3141 1126 3200 florenis
1157 3143 1225 3201 auri
1259 3146 1389 3218 pactari,
1415 3162 1453 3205 ex

184 3250 298 3323 quibus
332 3249 415 3307 idem
451 3246 686 3307 Bartholomeus
721 3248 839 3306 ibidem
864 3249 974 3322 viginti
996 3250 1028 3309 in
1050 3250 1153 3324 specie
1176 3250 1370 3324 exsolvisset,
1394 3268 1454 3327 pro

182 3356 253 3414 aliis
276 3371 351 3413 vero
373 3356 484 3427 viginti
507 3356 574 3429 ipse
605 3354 806 3427 wilhelmus,
843 3356 933 3429 quasi
966 3357 998 3414 in
1033 3358 1193 3431 premissis
1230 3357 1385 3430 innoxius,
1420 3375 1454 3418 se

183 3461 397 3520 fideiussorem
423 3462 583 3534 posuisset,
607 3462 702 3519 etsie
725 3463 783 3519 sub
807 3462 925 3521 talibus
948 3464 1046 3537 pactis
1077 3463 1117 3522 ad
1141 3463 1328 3538 peticionem
1352 3465 1453 3538 pluri·

182 3583 307 3626 morum
330 3568 503 3641 proborum
525 3568 664 3625 virorum
689 3567 727 3626 de
743 3568 819 3642 ipsis
836 3570 969 3628 vinculis
984 3571 1071 3629 abire
1087 3571 1288 3645 permisisset.
1304 3570 1375 3630 Hiis
1389 3587 1454 3631 non

183 3680 342 3733 contentus
366 3674 539 3746 prelibatus
560 3673 763 3748 Wilhelmus,
785 3676 906 3733 malum
930 3678 1014 3735 malo
1037 3677 1235 3735 accumulare
1249 3691 1313 3735 non
1332 3693 1453 3751 verens,

182 3781 214 3840 in
238 3780 315 3838 lcsto
348 3780 431 3837 beati
466 3770 588 3838 Andree
625 3782 767 3854 apostoli,
792 3783 935 3855 proxime
959 3784 1114 3858 preterito,
1138 3783 1283 3841 similiter
1305 3800 1345 3841 ex
1368 3799 1453 3843 com·

183 3887 329 3945 missione
353 3893 383 3943 ct
405 3886 483 3944 scitu
508 3886 661 3944 dictorum
686 3886 884 3946 dominorum
909 3905 1045 3961 suorum,
1072 3891 1173 3948 missis
1204 3896 1274 3948 ante
1303 3904 1453 3950 auroram

181 3999 213 4051 et
236 3991 394 4050 destinatis
416 3993 574 4050 nonnullis
599 4000 662 4049 tam
687 3993 880 4066 prelatorum
898 3994 1097 4054 dominorum
1113 4009 1250 4066 suorum,
1274 4009 1372 4068 quam
1387 3997 1453 4055 suis

181 4099 360 4157 hominibus
394 4103 424 4155 et
458 4096 665 4155 familiaribus
700 4100 738 4157 dc
762 4099 843 4158 dicto
867 4106 969 4158 castro
995 4101 1116 4160 Medwe
1148 4101 1316 4173 nonnullis,
1352 4102 1454 4162 immo

180 4220 276 4279 quam
299 4204 444 4278 pluribus
467 4206 584 4263 colonis
608 4204 681 4263 dicti
703 4208 795 4264 castri
828 4214 858 4264 et
888 4205 1108 4282 jobagionibus
1145 4207 1184 4267 ad
1219 4210 1452 4284 possessionem

181 4312 279 4385 ipsius
298 4311 431 4369 civitatis
455 4312 611 4384 Pobresye
636 4318 787 4385 vocatam,
812 4330 906 4388 penes
927 4314 1059 4374 fluuium
1082 4315 1172 4373 Zawe
1202 4316 1353 4388 habitam,
1384 4331 1454 4376 ma·

180 4418 273 4476 nibus
296 4419 424 4476 armatis
447 4424 477 4476 et
500 4421 695 4492 potenciariis
720 4420 849 4478 candem
874 4423 1099 4497 possessionem
1125 4422 1247 4496 penitus
1270 4438 1306 4481 ac
1328 4423 1360 4482 in
1384 4429 1452 4484 toto

181 4524 312 4597 spoliari
336 4529 366 4582 et
388 4524 562 4598 depredari,
586 4543 698 4601 resque
721 4533 751 4585 et
774 4528 856 4586 bona
872 4530 1036 4587 hominum
1051 4529 1083 4589 in
1100 4529 1211 4588 eadem
1225 4529 1454 4606 habitancium,

180 4629 337 4702 signanter
359 4646 472 4704 pecora
494 4638 524 4691 et
545 4634 680 4707 pecudes
702 4640 733 4693 et
756 4635 940 4694 vestimenta
972 4644 1037 4693 tarn
1071 4637 1214 4696 virorum
1247 4652 1343 4712 quam
1378 4653 1453 4699 mu·

181 4733 304 4809 lierum,
327 4736 447 4809 ligones
468 4744 497 4798 et
519 4756 641 4799 secures
665 4757 700 4798 ac
722 4741 785 4800 alia
809 4759 869 4816 que
892 4743 991 4801 levari
1011 4744 1191 4817 potuissent,
1214 4742 1327 4803 aufferi
1348 4749 1379 4805 et
1409 4744 1453 4805 ad

182 4839 300 4901 dictum
324 4846 459 4904 castrum
484 4848 602 4908 Medwe
625 4848 783 4923 deportari
808 4849 938 4910 fecisset.
973 4850 1115 4909 Preterea
1150 4851 1235 4911 idem
1257 4850 1454 4912 Wilhelmus
