3278 5348
537 93 610 150 Doc.
634 107 682 170 14.
708 125 748 135 -
775 94 829 152 An.
855 92 948 173 1408.
1336 117 1373 176 13
1448 150 1456 164 .

112 305 258 364 civitaem
283 306 459 380 predictam
483 309 608 366 racione
631 307 770 381 predicte
792 311 960 370 solucionis
984 311 1104 384 quietos
1127 311 1321 372 reddidimus
1344 319 1374 372 et

102 412 266 486 expeditos
290 414 404 471 harum
427 420 605 473 nostrarum
635 415 813 475 testimonio
843 418 1026 476 litterarum.
1050 417 1171 492 Scripta
1194 419 1225 477 in
1249 424 1373 478 sisenna

102 517 179 577 seria
200 518 339 578 secunda
362 521 507 594 proxima
529 528 600 578 ante
635 520 749 580 festum
785 524 867 581 beati
903 525 1065 582 Laurencii
1103 526 1248 584 martiris.
1282 526 1373 584 Anno

103 621 224 683 domini
247 625 418 685 millesimo
441 626 746 700 quadringentesimo
769 629 911 702 septimo.

208 761 344 826 Originale
363 764 390 813 in
408 764 503 823 charta,
523 782 538 814 a
556 772 628 831 tergo
647 766 784 828 vestigium
802 766 921 831 impressi
941 765 1029 830 sigilli.
1057 768 1090 816 In
1118 768 1214 818 archiv.
1243 769 1288 821 lib.
1318 787 1370 835 reg.

104 851 171 901 civit.
189 852 293 915 zagrab.

719 976 770 1044 14.

189 1100 272 1149 Anno
292 1100 367 1163 1408,
387 1112 411 1161 9.
428 1102 553 1165 Januarii.
574 1086 737 1167 Caktomjae.

107 1207 245 1267 Barbara
267 1210 444 1283 Hungariac
466 1218 513 1268 etc.
536 1212 647 1285 regina,
670 1230 736 1285 rege
767 1213 887 1281 absente,
910 1215 1122 1272 communitatis
1144 1216 1269 1274 ciuitatis
1297 1216 1370 1275 Gre-

107 1319 191 1375 censis
215 1317 374 1390 legatorum
389 1317 543 1375 adventum
559 1318 664 1391 diffirt,
680 1321 929 1393 communitatique
943 1338 1043 1378 curam
1059 1318 1173 1394 augilcm
1189 1330 1217 1380 ct
1233 1325 1370 1394 solertem,

326 1433 360 1481 ut
379 1425 482 1482 civitas
504 1424 683 1482 custodiatur
704 1433 732 1481 ct
751 1433 942 1495 conservatio,
966 1428 1148 1486 commendat.

207 1566 347 1625 Barbara
371 1567 420 1626 dei
441 1569 544 1641 gracia
569 1568 675 1640 regina
699 1569 865 1642 ilungarie,
890 1570 1060 1643 Dalmacie,
1084 1572 1212 1631 Croacie
1243 1578 1297 1630 etc.
1320 1574 1370 1632 Fi·

104 1668 233 1732 delibus
256 1673 320 1731 suis
353 1671 456 1749 judici,
490 1675 660 1748 iuratisque
697 1681 726 1732 et
761 1676 870 1733 ceteris
893 1676 1013 1733 civibus
1037 1691 1072 1734 ac
1095 1678 1271 1752 hospitibus
1295 1679 1369 1737 civi·

94 1776 169 1839 tatis
196 1780 314 1837 montis
338 1779 501 1838 Grecensis
525 1780 563 1838 de
586 1780 738 1854 Zagrabia
753 1783 887 1839 salutern
904 1789 933 1839 et
948 1785 1093 1855 graciam.
1118 1784 1197 1857 Quia
1214 1786 1369 1843 exrelatu

87 1887 152 1946 tiri
180 1885 312 1960 providi
324 1885 406 1944 Petri
430 1886 504 1944 dicti
526 1884 636 1958 Sessar,
660 1887 796 1945 concivis
819 1889 985 1961 nunciique
1008 1891 1104 1948 vestri
1120 1889 1159 1947 ad
1177 1898 1314 1948 nostram
1330 1907 1369 1948 ex

75 1996 189 2059 Darte
212 1993 311 2049 vestri
334 1994 527 2051 maiestatem
550 1992 694 2051 destinati
729 1996 925 2069 percepimus
957 1996 1115 2069 quomodo
1150 1998 1364 2054 serenissimus

63 2103 248 2172 princeps
271 2097 416 2157 dominus
439 2097 656 2172 sigismundus
678 2116 734 2157 rex
757 2101 917 2173 Hungarie
948 2108 1012 2173 etc,
1043 2102 1232 2160 conthoralis
1264 2110 1369 2160 noster

62 2205 302 2278 predilectus
325 2205 416 2263 vobis
438 2203 471 2262 id
494 2205 557 2263 suis
578 2205 691 2263 litteris
714 2205 923 2264 mediantibus
947 2207 1046 2264 firmis
1071 2207 1205 2265 dedisset
1236 2209 1265 2265 in
1297 2225 1367 2282 pre·

57 2313 207 2390 ceptis,
244 2317 358 2369 utros
381 2316 481 2369 certas
504 2312 636 2369 euobis
661 2327 808 2385 personas
838 2312 963 2370 idoneas
994 2312 1033 2369 ad
1065 2313 1148 2371 diem
1172 2320 1367 2372 strennarum

57 2430 178 2482 hunc
203 2418 350 2492 elapsum
372 2434 431 2493 pro
455 2417 644 2491 quibusdam
661 2419 724 2476 suis
740 2419 831 2477 certis
847 2424 877 2476 et
891 2421 1003 2477 vestris
1019 2419 1148 2492 agendis
1165 2421 1366 2494 expediendis

51 2538 187 2588 suam
211 2526 411 2583 serenitatem
434 2523 475 2582 ad
498 2523 628 2582 eandem
663 2524 816 2582 deberetis
851 2524 1012 2596 destinare,
1046 2526 1222 2597 requirente
1256 2526 1366 2584 eodem

54 2626 189 2693 Petro
214 2638 354 2689 nostram
375 2632 472 2689 vestri
503 2647 561 2706 pro
593 2637 682 2706 parte
705 2632 907 2703 maiestatem,
932 2631 1006 2704 quid
1031 2633 1122 2690 vobis
1145 2631 1256 2689 exinde
1280 2633 1361 2689 salu·

52 2737 184 2800 brius
209 2743 291 2796 esset
313 2736 498 2809 faciendum,
522 2753 624 2812 exquo
647 2739 714 2812 ipse
738 2738 882 2796 dominus
905 2747 1010 2797 noster
1032 2755 1088 2796 rex
1119 2755 1200 2796 nunc
1223 2740 1365 2812 partibus

56 2851 129 2907 ab
158 2846 230 2904 istis
253 2845 364 2902 absens
387 2844 455 2903 fore
472 2844 640 2903 dinoscitur
650 2863 657 2916 ;
681 2844 751 2903 ideo
767 2852 869 2902 vestre
887 2845 1030 2904 fidelitati
1047 2847 1246 2913 consulimus,
1264 2845 1365 2903 eidem

65 2951 322 3013 nichilominus
345 2950 477 3010 firmiter
499 2950 695 3022 mandamus,
720 2958 870 3024 quatenus
893 2952 991 3025 ipsius
1016 2950 1134 3009 domini
1162 2953 1258 3009 nostri
1283 2952 1364 3024 regis

60 3061 269 3119 adventum
292 3057 350 3115 deo
374 3057 451 3116 duce
474 3066 578 3132 partes
601 3057 641 3116 ad
664 3059 747 3128 istas,
770 3058 857 3114 salve
888 3057 998 3129 fiende,
1030 3059 1140 3115 vestris
1172 3059 1203 3114 in
1228 3059 1363 3131 propriis

69 3164 299 3236 demorando,
323 3165 537 3239 prestolantes
561 3165 642 3222 circa
665 3164 838 3223 custodiam
870 3170 900 3220 et
930 3165 1200 3221 conservacionem
1232 3165 1365 3221 civitatis

72 3271 232 3331 antefate
267 3286 375 3328 curam
407 3271 535 3344 vigilem
571 3275 601 3328 et
636 3271 783 3328 solertem
818 3269 923 3328 medio
948 3276 1089 3344 tempore
1112 3269 1247 3328 fideliter
1270 3269 1364 3326 modo

74 3378 221 3437 meliori
246 3391 308 3450 quo
332 3377 473 3450 poteritis
496 3377 645 3435 adhibere
668 3377 832 3446 studeatis;
856 3391 911 3433 nos
938 3376 1021 3433 enim
1039 3375 1163 3432 tandem
1181 3375 1364 3433 adveniente

87 3487 168 3560 ipso
205 3484 333 3542 domino
360 3489 467 3542 nostro
501 3499 581 3557 rege,
616 3484 769 3556 vobisque
799 3484 884 3540 iuxta
909 3483 1094 3556 primarium
1118 3497 1171 3538 sue
1195 3482 1363 3538 maiestatis

97 3592 238 3650 edictum
255 3589 293 3649 ad
311 3606 383 3649 eum
400 3589 624 3661 accedentibus,
641 3597 777 3648 vestram
793 3589 977 3646 fidelitatem
995 3603 1067 3659 erga
1091 3587 1222 3644 eundem
1246 3602 1304 3662 pro
1328 3602 1364 3644 eo

91 3697 360 3768 commendantes,
391 3706 539 3768 vestrum,
570 3697 766 3769 civitatisque
800 3695 939 3768 predicte
970 3701 1086 3751 statum
1115 3692 1364 3750 comodosiorem

93 3812 240 3862 uestrum
263 3803 303 3862 ad
327 3803 504 3879 proiectum
528 3808 557 3861 et
580 3803 747 3861 utilitatem
769 3800 957 3859 intendimus
981 3805 1011 3857 et
1034 3800 1215 3857 curabimus
1238 3814 1365 3871 promo-

104 3926 177 3968 vere
200 3910 372 3969 secundum
396 3924 488 3983 posse
510 3916 613 3967 nostre
636 3909 814 3967 maiestatis.
837 3906 931 3965 Secus
955 3908 1049 3979 igitur
1072 3920 1132 3963 non
1150 3905 1268 3962 facturi.
1292 3905 1363 3962 Pre-

99 4023 200 4075 sentes
223 4021 328 4075 autem
352 4016 532 4074 absentibus
555 4016 668 4074 nostris
691 4015 813 4088 sigillis,
837 4014 942 4087 sigillo
974 4012 1087 4087 prefati
1117 4011 1235 4069 domini
1267 4011 1363 4068 nostri

100 4120 288 4195 sigismundi
313 4123 395 4196 regis
427 4121 557 4180 fecimus
591 4122 777 4195 consignari.
801 4121 916 4178 Datum
940 4121 971 4178 in
994 4117 1194 4189 Chakturnya
1218 4117 1295 4175 seria
1318 4133 1364 4174 se·

103 4229 201 4287 cunda
235 4230 381 4303 proxima
414 4234 486 4304 post
521 4228 635 4287 festum
668 4229 914 4302 Epiphaniarum
945 4227 1071 4285 domini.
1108 4226 1198 4282 Anno
1222 4222 1361 4281 eiusdem

100 4335 267 4394 millesimo
290 4334 594 4409 quadringentesimo
618 4341 736 4392 octavo.

203 4470 338 4536 Originale
354 4472 382 4521 in
400 4471 496 4524 charta.
515 4473 600 4536 Terga
619 4472 771 4537 impressum
785 4469 899 4534 sigillum
921 4470 996 4534 regis.
1022 4470 1054 4517 ln
1076 4466 1171 4516 archiv.
1198 4462 1258 4514 incl.
1277 4461 1353 4510 Acad

103 4557 196 4611 Sciant.
212 4558 311 4612 Siavor.
329 4560 490 4612 meridional.
