3278 5348
728 426 918 498 Argumenta.
1297 430 1450 487 CCXXIII

1367 649 1451 703 Pagina

197 723 232 786 65.
252 725 332 772 Anno
356 736 429 786 1433.
447 723 531 787 Junii.
562 724 709 787 anrabiae,
738 725 892 780 Hermanus,
917 722 1005 771 CiIeae
1031 737 1116 771 comes
1135 730 1160 770 et
1179 722 1269 778 banus,
1289 725 1341 786 qui-

250 812 358 860 busdam
377 813 495 877 personis
514 813 627 867 mandat,
651 820 679 860 ut
704 811 768 860 fines
790 811 981 860 communitatis
1007 811 1076 862 civit.
1102 812 1239 859 Grecensis
1258 819 1283 860 et
1302 827 1342 861 ca·

251 901 328 964 pituli
347 902 374 949 111
392 901 457 949 vicis
478 902 581 957 Rudes‚
601 901 704 950 Vrabde
722 909 748 950 et
768 900 868 965 Grmije
887 901 952 961 sitis,
972 901 1004 947 de
1023 900 1117 962 quibus
1135 901 1177 964 jus
1196 901 1343 964 ambigitur,

251 989 386 1053 explorent
400 1014 1338 1030 ····················································
1417 992 1449 1055 76

196 1077 232 1128 66.
251 1078 331 1126 Anno
348 1090 421 1141 1433.
437 1090 477 1129 20.
489 1077 555 1142 Julii
570 1079 680 1127 Romae.
696 1079 885 1142 sigismundus,
899 1078 1050 1141 Hungariae
1063 1084 1111 1128 etc.
1128 1093 1179 1134 rex,
1196 1078 1341 1142 Rudolpho

251 1166 366 1222 Albeno,
386 1165 469 1216 nobili
488 1167 521 1215 de
541 1166 654 1215 Medved
682 1167 794 1225 mandat,
814 1176 841 1215 ut
860 1183 892 1214 ex
909 1166 1020 1230 Johanis
1039 1165 1143 1223 Albani,
1161 1168 1277 1231 episcopi
1303 1183 1342 1216 za-

250 1255 401 1317 grabiensis,
415 1262 570 1303 testamento
582 1255 718 1304 dimidium
732 1256 808 1320 pretii
821 1255 898 1304 castri
912 1255 1006 1304 Kuvar
1019 1261 1044 1302 et
1057 1255 1169 1303 cisitatis
1184 1255 1340 1319 Kaproncae

249 1344 396 1392 testamenti
415 1343 595 1392 executoribus
614 1344 727 1406 assignet
740 1367 1265 1382 ······························
1279 1373 1281 1376 -
1295 1369 1301 1381 ·
1313 1368 1337 1382 ··

196 1430 231 1491 67.
250 1433 330 1480 Anno
344 1444 418 1494 1433,
430 1432 470 1483 28.
482 1432 602 1482 octobris.
614 1431 739 1483 Basileae.
751 1432 940 1496 sigismundus,
952 1432 1102 1494 Hungariae
1112 1447 1157 1479 rex
1167 1431 1341 1495 Rudolphum

250 1519 393 1577 Albesium,
412 1520 459 1582 qui
477 1535 508 1567 ex
525 1519 655 1583 Johannis
675 1520 770 1569 Albeni
789 1520 907 1585 episcopi
925 1527 1080 1568 testamento
1105 1520 1240 1568 dimidium
1265 1521 1342 1584 pretii

250 1609 326 1656 castri
345 1609 440 1656 Kuvar
458 1615 484 1656 et
503 1608 616 1657 civitatis
634 1608 792 1673 Kaproncae
811 1609 958 1657 testamenti
977 1609 1157 1657 executoribus
1183 1624 1234 1656 non
1260 1609 1340 1670 assig-

249 1697 327 1752 navit,
347 1695 522 1760 reprehendit,
542 1697 618 1759 eique
637 1712 747 1761 poenam
766 1699 899 1746 minitatur
914 1721 1332 1736 ························

196 1784 230 1832 68.
250 1787 330 1834 Anno
353 1799 427 1848 1433,
448 1798 471 1849 7.
491 1786 652 1851 septembris.
672 1788 768 1836 Budae.
790 1787 913 1835 Matheus
932 1787 964 1834 de
984 1785 1080 1835 Paloch
1098 1785 1178 1849 judex
1193 1786 1286 1847 curiae,
1300 1801 1340 1833 ca·

249 1874 332 1938 pitulo
350 1874 476 1922 dasmensi
494 1875 607 1931 mandat,
627 1881 655 1923 ut
674 1873 883 1926 communitatem
903 1874 998 1923 montis
1018 1874 1156 1923 Grecensis
1171 1880 1275 1938 propter
1288 1874 1340 1921 vim

248 1963 360 2028 capitulo
378 1963 480 2025 zagrah.
499 1961 607 2020 illatam,
627 1979 672 2028 per
691 1964 804 2028 legatum
823 1965 850 2013 in
867 1965 909 2028 jus
928 1965 1005 2013 ducat
1021 1987 1333 2003 ··················

194 2049 222 2107 69
248 2053 328 2100 Anno
350 2064 424 2114 1433,
446 2064 486 2101 22,
507 2053 660 2104 decembris.
679 2053 806 2104 Basileae.
826 2052 1008 2116 sigismundus
1034 2053 1184 2115 Hungariae
1210 2058 1258 2102 etc¹
1285 2067 1337 2108 rer,

247 2141 424 2189 communitati
443 2141 537 2189 montis
555 2141 693 2190 Grecensis
711 2142 828 2206 imperat,
848 2157 881 2189 ne
899 2142 1031 2206 impediat,
1045 2141 1183 2203 quomInus
1195 2142 1337 2189 Turcorum

248 2229 388 2276 invasionis
407 2235 485 2286 metu,
504 2228 647 2293 capitulum
672 2230 837 2292 zagrabiense
862 2230 951 2278 turrim
978 2231 1084 2293 ›Popov
1104 2237 1193 2277 turen«
1220 2236 1336 2277 vocatam

248 2317 373 2379 situmque
392 2317 419 2365 in
438 2317 621 2366 communitate
640 2317 737 2366 reficiat
756 2326 834 2381 atque
854 2318 952 2367 muniat
983 2342 1330 2357 ····················

195 2413 230 2463 70.
249 2407 328 2453 Anno
344 2417 418 2467 1434,
435 2405 465 2454 16
487 2406 581 2457 martii.
594 2405 721 2457 Basileae.
735 2406 915 2468 sigismundus
928 2407 1079 2469 Hungariae
1092 2413 1141 2456 etc.
1155 2421 1207 2461 111,
1222 2406 1336 2467 Georgio

247 2493 441 2558 archiepiscopo
460 2495 625 2557 strigoniensi
643 2495 756 2552 mandat,
775 2503 802 2543 ut
821 2496 848 2543 in
864 2495 904 2544 ius
917 2503 991 2544 vocet
1006 2475 1178 2558 Rudolphum
1192 2493 1334 2550 Albenum,

246 2584 289 2645 qui
308 2583 422 2647 legatum
441 2584 475 2632 ah
492 2583 610 2647 Johanne
629 2582 736 2633 Albeno
749 2585 871 2648 episcopo
884 2583 1008 2633 ecclesiae
1021 2582 1163 2632 cathedrali
1176 2582 1335 2645 zagrabiensi

247 2672 363 2721 relictum
381 2672 466 2721 adhuc
484 2687 536 2721 non
554 2672 632 2721 solvit
645 2696 1331 2711 ·······································

196 2769 228 2818 71.
248 2765 326 2809 Anno
348 2773 421 2824 1434,
442 2761 465 2812 6.
483 2761 556 2824 Julii.
577 2761 725 2824 Zagrabiae.
746 2761 880 2810 Mathaeus
899 2761 1020 2817 Talovac,
1040 2762 1207 2824 episcopatus
1232 2761 1333 2822 zagrab.

246 2850 408 2911 gubernator,
427 2850 527 2906 indicit,
546 2865 578 2897 ne
597 2849 652 2898 sola
668 2850 793 2913 quaedam
807 2849 929 2913 litigiosa,
944 2865 1009 2912 quae
1023 2856 1081 2914 post
1093 2848 1221 2912 Johannis
1235 2847 1333 2896 Albeni

245 2939 359 3004 episcopi
379 2946 485 2987 mortem
505 2939 572 2986 inter
591 2938 732 3003 capitulum
752 2946 777 2987 et
796 2939 1005 2987 communitatem
1024 2938 1136 2986 ciuitatIs
1156 2936 1245 2985 reIIcta
1268 2943 1335 3000 sunt,

246 3025 368 3084 colantur,
387 3028 459 3091 prius
478 3042 555 3089 quam
574 3028 719 3091 permiserit
735 3049 1331 3065 ··································

195 3122 225 3170 72.
247 3117 323 3164 Anno
346 3127 420 3177 1434.
440 3115 463 3164 6.
483 3113 554 3178 Julii.
574 3115 721 3177 ZagrabIae.
743 3119 769 3163 A
791 3115 914 3163 Mathaeo
932 3114 1053 3169 Talovac,
1067 3115 1232 3177 episcopatus
1245 3129 1332 3175 zagra-

246 3204 341 3252 biensis
360 3203 540 3267 gubernatore,
554 3204 723 3252 communitas
736 3205 848 3252 civitatis
861 3205 971 3266 zagrah.,
985 3218 1050 3266 quae
1065 3203 1166 3251 hortum
1181 3201 1335 3249 cathedralis

245 3292 367 3341 ecclesiae
387 3308 406 3342 s.
426 3292 538 3340 Emerici
558 3291 709 3347 devastavit,
730 3299 832 3340 centum
852 3293 943 3340 marcis
962 3292 1124 3339 denariorum
1145 3289 1282 3338 mulctatur
1307 3317 1329 3326 ··
1427 3301 1440 3336 2

195 3387 226 3439 73.
247 3383 324 3430 Anno
346 3392 420 3443 1434,
441 3382 463 3430 8.
482 3380 557 3444 Julii.
578 3381 725 3443 Zagrabiae.
744 3381 886 3444 Johannes,
907 3380 1106 3428 Cistercensium
1125 3379 1226 3441 zagrah.
1246 3377 1334 3433 abbas,

246 3469 417 3533 Rndolphum
437 3468 570 3517 Albenum
590 3485 605 3516 a
624 3485 651 3517 se
671 3469 756 3533 injus
776 3485 832 3517 esse
851 3477 978 3532 vocatum,
1001 3470 1062 3531 quia
1086 3467 1214 3532 Johannis
1241 3466 1334 3514 Albani

244 3560 358 3623 episcopi
381 3558 495 3621 legatum
508 3557 633 3608 ecclesiae
646 3558 806 3621 zagrabiensi
820 3573 872 3606 non
885 3557 998 3613 solverit,
1013 3557 1127 3620 Georgio
1140 3556 1335 3618 archiepiscopo

244 3649 342 3696 nuntIat
355 3668 1330 3685 ·······················································

192 3742 225 3795 74.
244 3737 322 3784 Anno
348 3746 421 3796 1434,
448 3745 479 3798 25
512 3733 587 3798 Julii.
613 3720 729 3784 Casurae.
761 3733 853 3783 Coram
880 3733 994 3797 capitulo
1019 3732 1145 3781 casmensi
1174 3731 1333 3795 Rudolphus

244 3823 371 3878 Albenus,
391 3822 488 3872 nobilis
507 3823 539 3870 de
558 3823 677 3880 Medved,
694 3822 824 3887 JohannIs
843 3821 942 3870 Albeni
961 3822 1076 3885 episcopi
1092 3821 1205 3883 legatum
1219 3818 1335 3884 capitulo

244 3912 341 3975 zagrah.
362 3911 474 3975 perfecte
493 3911 616 3975 expendit
623 3933 1326 3949 ········································

191 4007 225 4063 ῖς.
244 4002 321 4049 Anno
345 4012 418 4061 1434,
440 4010 480 4063 25.
506 3998 580 4062 Julii.
606 3984 721 4048 Casmae.
753 3998 844 4047 Coram
871 3998 984 4062 capitulo
1009 3998 1143 4052 casmensi
1171 3995 1331 4059 Rudolphus

242 4090 370 4151 nisenus,
389 4087 486 4136 nobilis
505 4088 537 4135 de
556 4089 676 4144 Medved,
697 4088 904 4152 possessIonibus
924 4086 1073 4150 Kraljevec‚
1095 4085 1176 4149 Cerje,
1194 4084 1332 4147 Kobiljalr,

242 4177 339 4241 Sviblje
358 4185 384 4225 et
402 4176 478 4232 11111,
498 4192 562 4238 quas
581 4176 748 4225 Eberhardns
767 4177 904 4240 episcopus
931 4175 1073 4223 cathedrali
1099 4174 1222 4223 ecclesiae
1247 4189 1332 4235 zagra-

242 4267 323 4315 biensi
343 4267 370 4314 in
391 4271 541 4329 perpetuam
560 4264 677 4313 altariam
697 4264 811 4326 reliquit,
832 4280 858 4311 se
877 4263 979 4312 abdicat
1000 4279 1094 4324 easque
1113 4262 1227 4325 capitulo
1252 4262 1332 4308 admi·

240 4354 386 4402 nistrandas
405 4353 483 4403 tradit
499 4376 1328 4393 ···············································

187 4441 222 4501 76.
243 4445 322 4492 Anno
353 4454 428 4505 1434,
457 4454 480 4505 7.
510 4442 671 4506 septembris,
701 4441 848 4505 Zagrabiae.
881 4442 1054 4496 Hermannus,
1085 4440 1172 4489 Cileae
1198 4454 1282 4487 comes
1307 4446 1333 4486 et

240 4530 358 4580 Croatiae
376 4532 466 4587 banus,
487 4532 590 4580 mandat
610 4530 724 4595 capitulo
744 4530 878 4584 dasmensi.
898 4536 926 4578 ut
945 4529 1086 4593 capitulum
1105 4529 1206 4593 zagrah.
1226 4528 1253 4576 in
1267 4525 1330 4590 Iegi-

241 4622 328 4668 timam
348 4620 537 4684 possessionem
557 4618 698 4683 Kraljevec
719 4625 768 4670 etc.
789 4624 915 4667 statuatur
928 4639 1327 4656 ······················

184 4719 223 4770 77.
244 4709 319 4757 Aeno
342 4720 416 4771 1434,
441 4721 480 4769 14.
493 4708 655 4774 septembris.
669 4708 782 4759 Posonii.
797 4706 977 4771 Sigismundus
990 4722 1034 4753 rex
1048 4705 1145 4756 civitati
1160 4704 1254 4753 montis
1268 4703 1331 4749 Gre-

241 4797 324 4846 censis
342 4797 370 4846 in
387 4809 473 4853 111111,
494 4810 571 4859 quam
590 4797 623 4845 de
641 4797 795 4858 quibusdam
814 4796 889 4844 terris
909 4794 1027 4856 agebant,
1048 4809 1141 4843 novum
1155 4791 1292 4841 terminum
1304 4790 1331 4836 in

238 4885 365 4950 judicium
383 4885 548 4950 comparendi
567 4884 686 4951 praefigit
693 4901 1306 4924 ···································
1389 4885 1437 4922 102
