<?xml version="1.0" encoding="UTF-8"?>
<!DOCTYPE html PUBLIC "-//W3C//DTD XHTML 1.0 Transitional//EN"
    "http://www.w3.org/TR/xhtml1/DTD/xhtml1-transitional.dtd">
<html xmlns="http://www.w3.org/1999/xhtml" xml:lang="en" lang="en">
 <head>
  <title>
</title>
<meta http-equiv="Content-Type" content="text/html;charset=utf-8" />
  <meta name='ocr-system' content='tesseract 3.04.00' />
  <meta name='ocr-capabilities' content='ocr_page ocr_carea ocr_par ocr_line ocrx_word'/>
</head>
<body>
  <div class='ocr_page' id='page_1' title='image "./monumentahistor01laszgoog_0765.png"; bbox 0 0 3278 5348; ppageno 0'>
   <div class='ocr_carea' id='block_1_1' title="bbox 87 437 1360 2844">
    <p class='ocr_par' dir='ltr' id='par_1_1' title="bbox 516 437 947 513">
     <span class='ocr_line' id='line_1_1' title="bbox 516 437 947 513; baseline -0.007 -19"><span class='ocrx_word' id='word_1_1' title='bbox 516 437 590 495; x_wconf 84' lang='lat' dir='ltr'>Dac.</span> <span class='ocrx_word' id='word_1_2' title='bbox 609 449 684 513; x_wconf 64' lang='lat'>374„</span> <span class='ocrx_word' id='word_1_3' title='bbox 710 467 750 478; x_wconf 91' lang='lat'>-</span> <span class='ocrx_word' id='word_1_4' title='bbox 773 437 830 493; x_wconf 88' lang='lat' dir='ltr'>An.</span> <span class='ocrx_word' id='word_1_5' title='bbox 855 448 947 512; x_wconf 76' lang='lat'><em>1494.</em></span> 
     </span>
    </p>

    <p class='ocr_par' dir='ltr' id='par_1_2' title="bbox 87 648 1360 2844">
     <span class='ocr_line' id='line_1_2' title="bbox 87 648 1357 727; baseline -0.002 -17"><span class='ocrx_word' id='word_1_6' title='bbox 87 653 225 710; x_wconf 83' lang='lat' dir='ltr'>liberam</span> <span class='ocrx_word' id='word_1_7' title='bbox 250 650 405 709; x_wconf 89' lang='lat' dir='ltr'>vendendi</span> <span class='ocrx_word' id='word_1_8' title='bbox 429 667 524 724; x_wconf 85' lang='lat' dir='ltr'>panes</span> <span class='ocrx_word' id='word_1_9' title='bbox 547 658 636 708; x_wconf 83' lang='lat' dir='ltr'>extra</span> <span class='ocrx_word' id='word_1_10' title='bbox 652 651 848 727; x_wconf 63' lang='lat' dir='ltr'>¹territorium</span> <span class='ocrx_word' id='word_1_11' title='bbox 874 650 954 709; x_wconf 92' lang='lat' dir='ltr'>dicte</span> <span class='ocrx_word' id='word_1_12' title='bbox 967 651 1100 708; x_wconf 90' lang='lat' dir='ltr'>civitatis</span> <span class='ocrx_word' id='word_1_13' title='bbox 1112 651 1246 708; x_wconf 82' lang='lat' dir='ltr'>habeant</span> <span class='ocrx_word' id='word_1_14' title='bbox 1260 648 1357 708; x_wconf 87' lang='lat' dir='ltr'>facul·</span> 
     </span>
     <span class='ocr_line' id='line_1_3' title="bbox 88 755 1358 829; baseline -0.001 -14"><span class='ocrx_word' id='word_1_15' title='bbox 88 764 191 815; x_wconf 90' lang='lat' dir='ltr'>tatem.</span> <span class='ocrx_word' id='word_1_16' title='bbox 215 757 329 815; x_wconf 90' lang='lat' dir='ltr'>Nullus</span> <span class='ocrx_word' id='word_1_17' title='bbox 353 757 451 814; x_wconf 89' lang='lat' dir='ltr'>eciam</span> <span class='ocrx_word' id='word_1_18' title='bbox 474 758 636 814; x_wconf 91' lang='lat' dir='ltr'>hominum</span> <span class='ocrx_word' id='word_1_19' title='bbox 661 757 766 814; x_wconf 90' lang='lat' dir='ltr'>vineas</span> <span class='ocrx_word' id='word_1_20' title='bbox 784 756 1010 813; x_wconf 87' lang='lat' dir='ltr'>condicionales</span> <span class='ocrx_word' id='word_1_21' title='bbox 1033 755 1262 829; x_wconf 89' lang='lat' dir='ltr'>possidencium</span> <span class='ocrx_word' id='word_1_22' title='bbox 1286 757 1358 814; x_wconf 88' lang='lat' dir='ltr'>abs·</span> 
     </span>
     <span class='ocr_line' id='line_1_4' title="bbox 88 862 1360 938; baseline -0.002 -16"><span class='ocrx_word' id='word_1_23' title='bbox 88 881 149 938; x_wconf 92' lang='lat' dir='ltr'>que</span> <span class='ocrx_word' id='word_1_24' title='bbox 172 866 250 922; x_wconf 85' lang='lat' dir='ltr'>scitu</span> <span class='ocrx_word' id='word_1_25' title='bbox 264 863 401 922; x_wconf 88' lang='lat' dir='ltr'>eiusdem</span> <span class='ocrx_word' id='word_1_26' title='bbox 417 864 538 921; x_wconf 91' lang='lat' dir='ltr'>comitis</span> <span class='ocrx_word' id='word_1_27' title='bbox 549 864 646 921; x_wconf 86' lang='lat' dir='ltr'>nostri</span> <span class='ocrx_word' id='word_1_28' title='bbox 659 862 808 936; x_wconf 81' lang='lat' dir='ltr'>colligere</span> <span class='ocrx_word' id='word_1_29' title='bbox 820 868 872 920; x_wconf 93' lang='lat' dir='ltr'>aut</span> <span class='ocrx_word' id='word_1_30' title='bbox 885 863 993 920; x_wconf 91' lang='lat' dir='ltr'>vinum</span> <span class='ocrx_word' id='word_1_31' title='bbox 1006 862 1186 921; x_wconf 88' lang='lat' dir='ltr'>earumdem</span> <span class='ocrx_word' id='word_1_32' title='bbox 1198 864 1360 921; x_wconf 89' lang='lat' dir='ltr'>vinearum</span> 
     </span>
     <span class='ocr_line' id='line_1_5' title="bbox 87 968 1351 1043; baseline -0.002 -15"><span class='ocrx_word' id='word_1_33' title='bbox 87 971 347 1028; x_wconf 88' lang='lat' dir='ltr'>condicionalium</span> <span class='ocrx_word' id='word_1_34' title='bbox 372 971 404 1028; x_wconf 92' lang='lat' dir='ltr'>in</span> <span class='ocrx_word' id='word_1_35' title='bbox 427 969 521 1027; x_wconf 93' lang='lat' dir='ltr'>domo</span> <span class='ocrx_word' id='word_1_36' title='bbox 543 984 692 1043; x_wconf 89' lang='lat' dir='ltr'>reponere</span> <span class='ocrx_word' id='word_1_37' title='bbox 716 975 818 1041; x_wconf 91' lang='lat' dir='ltr'>potest</span> <span class='ocrx_word' id='word_1_38' title='bbox 840 985 895 1026; x_wconf 91' lang='lat' dir='ltr'>nec</span> <span class='ocrx_word' id='word_1_39' title='bbox 919 968 1012 1026; x_wconf 88' lang='lat' dir='ltr'>audet</span> <span class='ocrx_word' id='word_1_40' title='bbox 1035 968 1129 1026; x_wconf 92' lang='lat' dir='ltr'>modo</span> <span class='ocrx_word' id='word_1_41' title='bbox 1145 969 1276 1041; x_wconf 84' lang='lat' dir='ltr'>aliquali</span> <span class='ocrx_word' id='word_1_42' title='bbox 1292 968 1351 1025; x_wconf 90' lang='lat' dir='ltr'>sub</span> 
     </span>
     <span class='ocr_line' id='line_1_6' title="bbox 87 1072 1351 1134; baseline -0.001 -1"><span class='ocrx_word' id='word_1_43' title='bbox 87 1077 252 1134; x_wconf 89' lang='lat' dir='ltr'>amissione</span> <span class='ocrx_word' id='word_1_44' title='bbox 283 1076 421 1134; x_wconf 91' lang='lat' dir='ltr'>eiusdem</span> <span class='ocrx_word' id='word_1_45' title='bbox 453 1077 524 1133; x_wconf 90' lang='lat' dir='ltr'>vini.</span> <span class='ocrx_word' id='word_1_46' title='bbox 549 1074 599 1133; x_wconf 89' lang='lat' dir='ltr'>Sic</span> <span class='ocrx_word' id='word_1_47' title='bbox 631 1080 661 1133; x_wconf 87' lang='lat' dir='ltr'>et</span> <span class='ocrx_word' id='word_1_48' title='bbox 683 1074 793 1133; x_wconf 91' lang='lat' dir='ltr'>eodem</span> <span class='ocrx_word' id='word_1_49' title='bbox 816 1072 911 1131; x_wconf 93' lang='lat' dir='ltr'>modo</span> <span class='ocrx_word' id='word_1_50' title='bbox 935 1074 1041 1132; x_wconf 90' lang='lat' dir='ltr'>nullus</span> <span class='ocrx_word' id='word_1_51' title='bbox 1065 1074 1229 1132; x_wconf 90' lang='lat' dir='ltr'>hominum</span> <span class='ocrx_word' id='word_1_52' title='bbox 1253 1082 1351 1132; x_wconf 89' lang='lat' dir='ltr'>terras</span> 
     </span>
     <span class='ocr_line' id='line_1_7' title="bbox 90 1180 1357 1255; baseline -0.001 -16"><span class='ocrx_word' id='word_1_53' title='bbox 90 1197 272 1239; x_wconf 88' lang='lat' dir='ltr'>communes</span> <span class='ocrx_word' id='word_1_54' title='bbox 296 1182 414 1255; x_wconf 87' lang='lat' dir='ltr'>absque</span> <span class='ocrx_word' id='word_1_55' title='bbox 438 1182 645 1239; x_wconf 89' lang='lat' dir='ltr'>convencione</span> <span class='ocrx_word' id='word_1_56' title='bbox 669 1188 698 1238; x_wconf 86' lang='lat' dir='ltr'>et</span> <span class='ocrx_word' id='word_1_57' title='bbox 722 1181 799 1238; x_wconf 86' lang='lat' dir='ltr'>scitu</span> <span class='ocrx_word' id='word_1_58' title='bbox 822 1180 897 1238; x_wconf 88' lang='lat' dir='ltr'>dicti</span> <span class='ocrx_word' id='word_1_59' title='bbox 920 1180 1016 1237; x_wconf 88' lang='lat' dir='ltr'>nostri</span> <span class='ocrx_word' id='word_1_60' title='bbox 1040 1180 1161 1237; x_wconf 91' lang='lat' dir='ltr'>comitis</span> <span class='ocrx_word' id='word_1_61' title='bbox 1183 1195 1288 1238; x_wconf 81' lang='lat' dir='ltr'>artare</span> <span class='ocrx_word' id='word_1_62' title='bbox 1304 1187 1357 1239; x_wconf 92' lang='lat' dir='ltr'>aut</span> 
     </span>
     <span class='ocr_line' id='line_1_8' title="bbox 88 1285 1357 1362; baseline 0.001 -19"><span class='ocrx_word' id='word_1_63' title='bbox 88 1287 312 1362; x_wconf 89' lang='lat' dir='ltr'>quoquomodo</span> <span class='ocrx_word' id='word_1_64' title='bbox 344 1289 468 1357; x_wconf 86' lang='lat' dir='ltr'>eollere,</span> <span class='ocrx_word' id='word_1_65' title='bbox 499 1304 556 1346; x_wconf 90' lang='lat' dir='ltr'>nec</span> <span class='ocrx_word' id='word_1_66' title='bbox 579 1293 668 1361; x_wconf 90' lang='lat' dir='ltr'>prata</span> <span class='ocrx_word' id='word_1_67' title='bbox 699 1302 751 1344; x_wconf 91' lang='lat' dir='ltr'>seu</span> <span class='ocrx_word' id='word_1_68' title='bbox 776 1286 882 1344; x_wconf 81' lang='lat' dir='ltr'>senilia</span> <span class='ocrx_word' id='word_1_69' title='bbox 912 1291 1018 1343; x_wconf 89' lang='lat' dir='ltr'>nostra</span> <span class='ocrx_word' id='word_1_70' title='bbox 1042 1286 1219 1343; x_wconf 92' lang='lat' dir='ltr'>communia</span> <span class='ocrx_word' id='word_1_71' title='bbox 1242 1285 1357 1344; x_wconf 84' lang='lat' dir='ltr'>falcare</span> 
     </span>
     <span class='ocr_line' id='line_1_9' title="bbox 93 1392 1355 1468; baseline 0.001 -18"><span class='ocrx_word' id='word_1_72' title='bbox 93 1394 205 1451; x_wconf 87' lang='lat' dir='ltr'>audeat</span> <span class='ocrx_word' id='word_1_73' title='bbox 240 1410 295 1451; x_wconf 91' lang='lat' dir='ltr'>nec</span> <span class='ocrx_word' id='word_1_74' title='bbox 328 1401 543 1468; x_wconf 89' lang='lat' dir='ltr'>presumpmat</span> <span class='ocrx_word' id='word_1_75' title='bbox 583 1393 677 1451; x_wconf 95' lang='lat' dir='ltr'>modo</span> <span class='ocrx_word' id='word_1_76' title='bbox 712 1392 841 1465; x_wconf 90' lang='lat' dir='ltr'>aliquali</span> <span class='ocrx_word' id='word_1_77' title='bbox 876 1392 935 1449; x_wconf 90' lang='lat' dir='ltr'>sub</span> <span class='ocrx_word' id='word_1_78' title='bbox 970 1393 1133 1450; x_wconf 91' lang='lat' dir='ltr'>amissione</span> <span class='ocrx_word' id='word_1_79' title='bbox 1167 1392 1355 1451; x_wconf 89' lang='lat' dir='ltr'>seminature</span> 
     </span>
     <span class='ocr_line' id='line_1_10' title="bbox 89 1498 1353 1572; baseline -0.001 -16"><span class='ocrx_word' id='word_1_80' title='bbox 89 1507 119 1557; x_wconf 88' lang='lat' dir='ltr'>et</span> <span class='ocrx_word' id='word_1_81' title='bbox 157 1499 299 1558; x_wconf 85' lang='lat' dir='ltr'>fenorum</span> <span class='ocrx_word' id='word_1_82' title='bbox 334 1502 364 1558; x_wconf 92' lang='lat' dir='ltr'>in</span> <span class='ocrx_word' id='word_1_83' title='bbox 397 1500 515 1558; x_wconf 92' lang='lat' dir='ltr'>eisdem</span> <span class='ocrx_word' id='word_1_84' title='bbox 546 1501 726 1558; x_wconf 90' lang='lat' dir='ltr'>habitorum</span> <span class='ocrx_word' id='word_1_85' title='bbox 761 1506 791 1556; x_wconf 92' lang='lat' dir='ltr'>et</span> <span class='ocrx_word' id='word_1_86' title='bbox 824 1499 1032 1556; x_wconf 88' lang='lat' dir='ltr'>existencium.</span> <span class='ocrx_word' id='word_1_87' title='bbox 1056 1498 1135 1556; x_wconf 90' lang='lat' dir='ltr'>Item</span> <span class='ocrx_word' id='word_1_88' title='bbox 1169 1499 1276 1568; x_wconf 91' lang='lat' dir='ltr'>eciam,</span> <span class='ocrx_word' id='word_1_89' title='bbox 1299 1499 1353 1572; x_wconf 91' lang='lat' dir='ltr'>qui</span> 
     </span>
     <span class='ocr_line' id='line_1_11' title="bbox 87 1605 1355 1680; baseline -0.002 -16"><span class='ocrx_word' id='word_1_90' title='bbox 87 1607 210 1664; x_wconf 88' lang='lat' dir='ltr'>racione</span> <span class='ocrx_word' id='word_1_91' title='bbox 240 1621 301 1664; x_wconf 89' lang='lat' dir='ltr'>non</span> <span class='ocrx_word' id='word_1_92' title='bbox 337 1607 504 1664; x_wconf 91' lang='lat' dir='ltr'>solucionis</span> <span class='ocrx_word' id='word_1_93' title='bbox 528 1612 738 1680; x_wconf 88' lang='lat' dir='ltr'>proventuum</span> <span class='ocrx_word' id='word_1_94' title='bbox 762 1605 836 1662; x_wconf 87' lang='lat' dir='ltr'>dieti</span> <span class='ocrx_word' id='word_1_95' title='bbox 857 1606 954 1663; x_wconf 92' lang='lat' dir='ltr'>nostri</span> <span class='ocrx_word' id='word_1_96' title='bbox 976 1605 1140 1662; x_wconf 88' lang='lat' dir='ltr'>comitatus</span> <span class='ocrx_word' id='word_1_97' title='bbox 1163 1605 1223 1679; x_wconf 90' lang='lat' dir='ltr'>ipsi</span> <span class='ocrx_word' id='word_1_98' title='bbox 1247 1605 1355 1662; x_wconf 91' lang='lat' dir='ltr'>comiti</span> 
     </span>
     <span class='ocr_line' id='line_1_12' title="bbox 87 1709 1354 1786; baseline -0.002 -17"><span class='ocrx_word' id='word_1_99' title='bbox 87 1719 193 1769; x_wconf 90' lang='lat' dir='ltr'>nostro</span> <span class='ocrx_word' id='word_1_100' title='bbox 209 1713 274 1769; x_wconf 91' lang='lat' dir='ltr'>sive</span> <span class='ocrx_word' id='word_1_101' title='bbox 289 1713 469 1770; x_wconf 91' lang='lat' dir='ltr'>hominibus</span> <span class='ocrx_word' id='word_1_102' title='bbox 481 1712 628 1783; x_wconf 86' lang='lat' dir='ltr'>eiusdem,</span> <span class='ocrx_word' id='word_1_103' title='bbox 653 1728 708 1786; x_wconf 92' lang='lat' dir='ltr'>per</span> <span class='ocrx_word' id='word_1_104' title='bbox 730 1712 834 1784; x_wconf 92' lang='lat' dir='ltr'>ipsum</span> <span class='ocrx_word' id='word_1_105' title='bbox 857 1710 897 1767; x_wconf 92' lang='lat' dir='ltr'>ad</span> <span class='ocrx_word' id='word_1_106' title='bbox 921 1709 952 1767; x_wconf 91' lang='lat' dir='ltr'>id</span> <span class='ocrx_word' id='word_1_107' title='bbox 965 1710 1137 1783; x_wconf 90' lang='lat' dir='ltr'>deputatos,</span> <span class='ocrx_word' id='word_1_108' title='bbox 1153 1709 1283 1767; x_wconf 89' lang='lat' dir='ltr'>vadium</span> <span class='ocrx_word' id='word_1_109' title='bbox 1299 1725 1354 1767; x_wconf 93' lang='lat' dir='ltr'>seu</span> 
     </span>
     <span class='ocr_line' id='line_1_13' title="bbox 87 1815 1346 1891; baseline -0.001 -17"><span class='ocrx_word' id='word_1_110' title='bbox 87 1819 198 1890; x_wconf 85' lang='lat' dir='ltr'>pignus</span> <span class='ocrx_word' id='word_1_111' title='bbox 221 1819 343 1875; x_wconf 88' lang='lat' dir='ltr'>racione</span> <span class='ocrx_word' id='word_1_112' title='bbox 367 1834 509 1875; x_wconf 85' lang='lat' dir='ltr'>excessus</span> <span class='ocrx_word' id='word_1_113' title='bbox 532 1819 563 1876; x_wconf 95' lang='lat' dir='ltr'>in</span> <span class='ocrx_word' id='word_1_114' title='bbox 577 1818 735 1891; x_wconf 87' lang='lat' dir='ltr'>premissis</span> <span class='ocrx_word' id='word_1_115' title='bbox 751 1818 888 1890; x_wconf 91' lang='lat' dir='ltr'>recipere</span> <span class='ocrx_word' id='word_1_116' title='bbox 910 1832 973 1874; x_wconf 93' lang='lat' dir='ltr'>non</span> <span class='ocrx_word' id='word_1_117' title='bbox 997 1817 1218 1890; x_wconf 88' lang='lat' dir='ltr'>permitterent,</span> <span class='ocrx_word' id='word_1_118' title='bbox 1235 1815 1346 1873; x_wconf 89' lang='lat' dir='ltr'>eadem</span> 
     </span>
     <span class='ocr_line' id='line_1_14' title="bbox 88 1920 1351 1997; baseline 0 -18"><span class='ocrx_word' id='word_1_119' title='bbox 88 1939 168 1997; x_wconf 90' lang='lat' dir='ltr'>pena</span> <span class='ocrx_word' id='word_1_120' title='bbox 201 1925 345 1997; x_wconf 90' lang='lat' dir='ltr'>superius</span> <span class='ocrx_word' id='word_1_121' title='bbox 379 1931 557 1997; x_wconf 80' lang='lat' dir='ltr'>expressata</span> <span class='ocrx_word' id='word_1_122' title='bbox 589 1925 756 1997; x_wconf 92' lang='lat' dir='ltr'>puniantur</span> <span class='ocrx_word' id='word_1_123' title='bbox 787 1929 817 1980; x_wconf 89' lang='lat' dir='ltr'>et</span> <span class='ocrx_word' id='word_1_124' title='bbox 843 1924 1064 1980; x_wconf 90' lang='lat' dir='ltr'>convincantur</span> <span class='ocrx_word' id='word_1_125' title='bbox 1088 1923 1156 1995; x_wconf 90' lang='lat' dir='ltr'>ipso</span> <span class='ocrx_word' id='word_1_126' title='bbox 1180 1920 1271 1980; x_wconf 79' lang='lat' dir='ltr'>facta.</span> <span class='ocrx_word' id='word_1_127' title='bbox 1295 1923 1351 1979; x_wconf 88' lang='lat' dir='ltr'>As-</span> 
     </span>
     <span class='ocr_line' id='line_1_15' title="bbox 88 2026 1356 2104; baseline -0.001 -19"><span class='ocrx_word' id='word_1_128' title='bbox 88 2029 280 2101; x_wconf 90' lang='lat' dir='ltr'>sumpsimus</span> <span class='ocrx_word' id='word_1_129' title='bbox 297 2030 424 2104; x_wconf 90' lang='lat' dir='ltr'>insuper</span> <span class='ocrx_word' id='word_1_130' title='bbox 447 2040 477 2087; x_wconf 91' lang='lat' dir='ltr'>et</span> <span class='ocrx_word' id='word_1_131' title='bbox 493 2030 737 2102; x_wconf 90' lang='lat' dir='ltr'>assumpmimus</span> <span class='ocrx_word' id='word_1_132' title='bbox 754 2033 787 2086; x_wconf 90' lang='lat' dir='ltr'>ut</span> <span class='ocrx_word' id='word_1_133' title='bbox 803 2029 830 2086; x_wconf 94' lang='lat' dir='ltr'>si</span> <span class='ocrx_word' id='word_1_134' title='bbox 845 2027 946 2086; x_wconf 90' lang='lat' dir='ltr'>eidem</span> <span class='ocrx_word' id='word_1_135' title='bbox 963 2029 1069 2086; x_wconf 92' lang='lat' dir='ltr'>comiti</span> <span class='ocrx_word' id='word_1_136' title='bbox 1084 2034 1191 2085; x_wconf 91' lang='lat' dir='ltr'>nostro</span> <span class='ocrx_word' id='word_1_137' title='bbox 1204 2026 1356 2085; x_wconf 91' lang='lat' dir='ltr'>moderno</span> 
     </span>
     <span class='ocr_line' id='line_1_16' title="bbox 88 2129 1353 2207; baseline 0 -16"><span class='ocrx_word' id='word_1_138' title='bbox 88 2150 126 2191; x_wconf 83' lang='lat' dir='ltr'>ex</span> <span class='ocrx_word' id='word_1_139' title='bbox 148 2135 271 2191; x_wconf 84' lang='lat' dir='ltr'>racione</span> <span class='ocrx_word' id='word_1_140' title='bbox 302 2140 406 2192; x_wconf 90' lang='lat' dir='ltr'>nostre</span> <span class='ocrx_word' id='word_1_141' title='bbox 439 2135 672 2193; x_wconf 90' lang='lat' dir='ltr'>communitatis</span> <span class='ocrx_word' id='word_1_142' title='bbox 696 2133 824 2207; x_wconf 87' lang='lat' dir='ltr'>aliquod</span> <span class='ocrx_word' id='word_1_143' title='bbox 849 2134 1021 2205; x_wconf 89' lang='lat' dir='ltr'>dampnum</span> <span class='ocrx_word' id='word_1_144' title='bbox 1044 2129 1075 2190; x_wconf 89' lang='lat' dir='ltr'>in</span> <span class='ocrx_word' id='word_1_145' title='bbox 1099 2133 1259 2207; x_wconf 90' lang='lat' dir='ltr'>premissis</span> <span class='ocrx_word' id='word_1_146' title='bbox 1282 2148 1353 2191; x_wconf 88' lang='lat' dir='ltr'>eve·</span> 
     </span>
     <span class='ocr_line' id='line_1_17' title="bbox 88 2239 1356 2315; baseline 0 -19"><span class='ocrx_word' id='word_1_147' title='bbox 88 2241 154 2297; x_wconf 90' lang='lat' dir='ltr'>nire</span> <span class='ocrx_word' id='word_1_148' title='bbox 187 2241 359 2312; x_wconf 86' lang='lat' dir='ltr'>contigerit,</span> <span class='ocrx_word' id='word_1_149' title='bbox 394 2242 531 2315; x_wconf 84' lang='lat' dir='ltr'>propriis</span> <span class='ocrx_word' id='word_1_150' title='bbox 562 2243 675 2299; x_wconf 90' lang='lat' dir='ltr'>nostris</span> <span class='ocrx_word' id='word_1_151' title='bbox 699 2241 877 2313; x_wconf 91' lang='lat' dir='ltr'>sumptibus</span> <span class='ocrx_word' id='word_1_152' title='bbox 900 2245 929 2297; x_wconf 91' lang='lat' dir='ltr'>et</span> <span class='ocrx_word' id='word_1_153' title='bbox 952 2240 1096 2312; x_wconf 86' lang='lat' dir='ltr'>expensis</span> <span class='ocrx_word' id='word_1_154' title='bbox 1118 2239 1298 2297; x_wconf 84' lang='lat' dir='ltr'>reformare.</span> <span class='ocrx_word' id='word_1_155' title='bbox 1321 2239 1356 2297; x_wconf 91' lang='lat' dir='ltr'>In</span> 
     </span>
     <span class='ocr_line' id='line_1_18' title="bbox 88 2345 1354 2419; baseline -0.001 -16"><span class='ocrx_word' id='word_1_156' title='bbox 88 2361 224 2419; x_wconf 88' lang='lat' dir='ltr'>quorum</span> <span class='ocrx_word' id='word_1_157' title='bbox 248 2347 387 2404; x_wconf 92' lang='lat' dir='ltr'>omnium</span> <span class='ocrx_word' id='word_1_158' title='bbox 409 2348 633 2419; x_wconf 90' lang='lat' dir='ltr'>premissorum</span> <span class='ocrx_word' id='word_1_159' title='bbox 650 2348 748 2404; x_wconf 90' lang='lat' dir='ltr'>robur</span> <span class='ocrx_word' id='word_1_160' title='bbox 771 2353 800 2404; x_wconf 93' lang='lat' dir='ltr'>et</span> <span class='ocrx_word' id='word_1_161' title='bbox 824 2345 1005 2403; x_wconf 88' lang='lat' dir='ltr'>firmitatem</span> <span class='ocrx_word' id='word_1_162' title='bbox 1026 2352 1120 2419; x_wconf 91' lang='lat' dir='ltr'>atque</span> <span class='ocrx_word' id='word_1_163' title='bbox 1144 2345 1354 2404; x_wconf 89' lang='lat' dir='ltr'>testimonium</span> 
     </span>
     <span class='ocr_line' id='line_1_19' title="bbox 89 2452 1355 2527; baseline -0.001 -18"><span class='ocrx_word' id='word_1_164' title='bbox 89 2453 284 2526; x_wconf 86' lang='lat' dir='ltr'>presentibus</span> <span class='ocrx_word' id='word_1_165' title='bbox 314 2452 424 2510; x_wconf 90' lang='lat' dir='ltr'>litteris</span> <span class='ocrx_word' id='word_1_166' title='bbox 455 2453 568 2510; x_wconf 89' lang='lat' dir='ltr'>nostris</span> <span class='ocrx_word' id='word_1_167' title='bbox 600 2453 776 2527; x_wconf 87' lang='lat' dir='ltr'>patentibus</span> <span class='ocrx_word' id='word_1_168' title='bbox 810 2452 951 2525; x_wconf 84' lang='lat' dir='ltr'>sigillum</span> <span class='ocrx_word' id='word_1_169' title='bbox 982 2458 1123 2509; x_wconf 91' lang='lat' dir='ltr'>nostrum</span> <span class='ocrx_word' id='word_1_170' title='bbox 1148 2465 1355 2509; x_wconf 88' lang='lat' dir='ltr'>communea</span> 
     </span>
     <span class='ocr_line' id='line_1_20' title="bbox 88 2557 1354 2631; baseline 0 -17"><span class='ocrx_word' id='word_1_171' title='bbox 88 2562 175 2629; x_wconf 83' lang='lat' dir='ltr'>tergo</span> <span class='ocrx_word' id='word_1_172' title='bbox 199 2557 236 2614; x_wconf 93' lang='lat' dir='ltr'>de</span> <span class='ocrx_word' id='word_1_173' title='bbox 261 2573 347 2615; x_wconf 89' lang='lat' dir='ltr'>more</span> <span class='ocrx_word' id='word_1_174' title='bbox 371 2559 447 2616; x_wconf 89' lang='lat' dir='ltr'>alias</span> <span class='ocrx_word' id='word_1_175' title='bbox 471 2567 618 2616; x_wconf 90' lang='lat' dir='ltr'>consveto</span> <span class='ocrx_word' id='word_1_176' title='bbox 642 2558 787 2616; x_wconf 83' lang='lat' dir='ltr'>duximus</span> <span class='ocrx_word' id='word_1_177' title='bbox 810 2557 1064 2631; x_wconf 91' lang='lat' dir='ltr'>imprimendum.</span> <span class='ocrx_word' id='word_1_178' title='bbox 1089 2558 1205 2615; x_wconf 91' lang='lat' dir='ltr'>Datum</span> <span class='ocrx_word' id='word_1_179' title='bbox 1229 2559 1260 2614; x_wconf 93' lang='lat' dir='ltr'>in</span> <span class='ocrx_word' id='word_1_180' title='bbox 1285 2572 1354 2631; x_wconf 88' lang='lat' dir='ltr'>pre·</span> 
     </span>
     <span class='ocr_line' id='line_1_21' title="bbox 89 2662 1354 2736; baseline 0.001 -17"><span class='ocrx_word' id='word_1_181' title='bbox 89 2662 171 2720; x_wconf 90' lang='lat' dir='ltr'>dicto</span> <span class='ocrx_word' id='word_1_182' title='bbox 195 2663 245 2721; x_wconf 89' lang='lat' dir='ltr'>die</span> <span class='ocrx_word' id='word_1_183' title='bbox 269 2663 337 2721; x_wconf 85' lang='lat' dir='ltr'>festi</span> <span class='ocrx_word' id='word_1_184' title='bbox 363 2665 444 2721; x_wconf 89' lang='lat' dir='ltr'>beati</span> <span class='ocrx_word' id='word_1_185' title='bbox 475 2664 633 2722; x_wconf 87' lang='lat' dir='ltr'>Valentini</span> <span class='ocrx_word' id='word_1_186' title='bbox 656 2665 802 2722; x_wconf 90' lang='lat' dir='ltr'>martiris.</span> <span class='ocrx_word' id='word_1_187' title='bbox 828 2667 918 2722; x_wconf 82' lang='lat' dir='ltr'>Anno</span> <span class='ocrx_word' id='word_1_188' title='bbox 942 2663 1060 2722; x_wconf 91' lang='lat' dir='ltr'>domini</span> <span class='ocrx_word' id='word_1_189' title='bbox 1084 2664 1254 2721; x_wconf 90' lang='lat' dir='ltr'>millesimo</span> <span class='ocrx_word' id='word_1_190' title='bbox 1278 2678 1354 2736; x_wconf 91' lang='lat' dir='ltr'>qua·</span> 
     </span>
     <span class='ocr_line' id='line_1_22' title="bbox 88 2769 696 2844; baseline 0 -18"><span class='ocrx_word' id='word_1_191' title='bbox 88 2769 329 2841; x_wconf 87' lang='lat' dir='ltr'>dringentesimo</span> <span class='ocrx_word' id='word_1_192' title='bbox 352 2772 553 2843; x_wconf 86' lang='lat' dir='ltr'>nonagesimo</span> <span class='ocrx_word' id='word_1_193' title='bbox 577 2777 696 2844; x_wconf 89' lang='lat' dir='ltr'>quarto.</span> 
     </span>
    </p>
   </div>
   <div class='ocr_carea' id='block_1_2' title="bbox 88 2904 1359 3056">
    <p class='ocr_par' dir='ltr' id='par_1_3' title="bbox 88 2904 1359 3056">
     <span class='ocr_line' id='line_1_23' title="bbox 195 2904 1359 2970; baseline 0.003 -16"><span class='ocrx_word' id='word_1_194' title='bbox 195 2906 329 2969; x_wconf 77' lang='lat' dir='ltr'>originale</span> <span class='ocrx_word' id='word_1_195' title='bbox 347 2907 374 2954; x_wconf 91' lang='lat' dir='ltr'>in</span> <span class='ocrx_word' id='word_1_196' title='bbox 394 2906 490 2955; x_wconf 85' lang='lat' dir='ltr'>charta.</span> <span class='ocrx_word' id='word_1_197' title='bbox 504 2908 589 2969; x_wconf 85' lang='lat' dir='ltr'>Terga</span> <span class='ocrx_word' id='word_1_198' title='bbox 609 2907 762 2970; x_wconf 87' lang='lat' dir='ltr'>impressum</span> <span class='ocrx_word' id='word_1_199' title='bbox 780 2912 819 2953; x_wconf 89' lang='lat' dir='ltr'>est</span> <span class='ocrx_word' id='word_1_200' title='bbox 838 2904 952 2968; x_wconf 84' lang='lat' dir='ltr'>sigillum</span> <span class='ocrx_word' id='word_1_201' title='bbox 986 2907 1018 2953; x_wconf 91' lang='lat' dir='ltr'>In</span> <span class='ocrx_word' id='word_1_202' title='bbox 1037 2905 1132 2957; x_wconf 80' lang='lat' dir='ltr'>archiv.</span> <span class='ocrx_word' id='word_1_203' title='bbox 1152 2906 1197 2957; x_wconf 85' lang='lat' dir='ltr'>tib.</span> <span class='ocrx_word' id='word_1_204' title='bbox 1217 2922 1269 2970; x_wconf 87' lang='lat' dir='ltr'>reg.</span> <span class='ocrx_word' id='word_1_205' title='bbox 1289 2907 1359 2959; x_wconf 85' lang='lat' dir='ltr'>civit.</span> 
     </span>
     <span class='ocr_line' id='line_1_24' title="bbox 88 2994 189 3056; baseline 0.03 -15"><span class='ocrx_word' id='word_1_206' title='bbox 88 2994 189 3056; x_wconf 83' lang='lat' dir='ltr'>zagrab.</span> 
     </span>
    </p>
   </div>
   <div class='ocr_carea' id='block_1_3' title="bbox 198 3206 770 3391">
    <p class='ocr_par' dir='ltr' id='par_1_4' title="bbox 198 3206 770 3391">
     <span class='ocr_line' id='line_1_25' title="bbox 682 3206 770 3275; baseline -0.011 -4"><span class='ocrx_word' id='word_1_207' title='bbox 682 3206 770 3275; x_wconf 82' lang='lat'>374.</span> 
     </span>
     <span class='ocr_line' id='line_1_26' title="bbox 198 3328 755 3391; baseline 0.002 -14"><span class='ocrx_word' id='word_1_208' title='bbox 198 3329 279 3377; x_wconf 87' lang='lat' dir='ltr'>Anno</span> <span class='ocrx_word' id='word_1_209' title='bbox 302 3341 377 3391; x_wconf 80' lang='lat'>1494,</span> <span class='ocrx_word' id='word_1_210' title='bbox 400 3340 431 3389; x_wconf 91' lang='lat'>14</span> <span class='ocrx_word' id='word_1_211' title='bbox 460 3328 585 3390; x_wconf 85' lang='lat' dir='ltr'>Augusti.</span> <span class='ocrx_word' id='word_1_212' title='bbox 606 3329 755 3391; x_wconf 80' lang='lat' dir='ltr'>Zagrabiae.</span> 
     </span>
    </p>
   </div>
   <div class='ocr_carea' id='block_1_4' title="bbox 95 3463 1355 3645">
    <p class='ocr_par' dir='ltr' id='par_1_5' title="bbox 95 3463 1355 3645">
     <span class='ocr_line' id='line_1_27' title="bbox 95 3463 1355 3539; baseline 0.002 -17"><span class='ocrx_word' id='word_1_213' title='bbox 95 3463 199 3522; x_wconf 82' lang='lat' dir='ltr'>Caram</span> <span class='ocrx_word' id='word_1_214' title='bbox 223 3467 349 3538; x_wconf 76' lang='lat' dir='ltr'>capitula</span> <span class='ocrx_word' id='word_1_215' title='bbox 371 3466 488 3538; x_wconf 81' lang='lat' dir='ltr'>aagrab.</span> <span class='ocrx_word' id='word_1_216' title='bbox 511 3465 568 3522; x_wconf 81' lang='lat' dir='ltr'>dua</span> <span class='ocrx_word' id='word_1_217' title='bbox 584 3466 795 3538; x_wconf 82' lang='lat' dir='ltr'>praebendarii</span> <span class='ocrx_word' id='word_1_218' title='bbox 814 3484 873 3523; x_wconf 81' lang='lat' dir='ltr'>sese</span> <span class='ocrx_word' id='word_1_219' title='bbox 888 3466 1012 3539; x_wconf 74' lang='lat' dir='ltr'>posthac</span> <span class='ocrx_word' id='word_1_220' title='bbox 1027 3466 1057 3522; x_wconf 86' lang='lat' dir='ltr'>in</span> <span class='ocrx_word' id='word_1_221' title='bbox 1078 3466 1207 3524; x_wconf 84' lang='lat' dir='ltr'>domibus</span> <span class='ocrx_word' id='word_1_222' title='bbox 1228 3468 1291 3525; x_wconf 78' lang='lat' dir='ltr'>suis</span> <span class='ocrx_word' id='word_1_223' title='bbox 1306 3485 1355 3525; x_wconf 84' lang='lat' dir='ltr'>su-</span> 
     </span>
     <span class='ocr_line' id='line_1_28' title="bbox 248 3571 1124 3645; baseline 0.001 -17"><span class='ocrx_word' id='word_1_224' title='bbox 248 3580 356 3644; x_wconf 82' lang='lat' dir='ltr'>spectas</span> <span class='ocrx_word' id='word_1_225' title='bbox 377 3571 517 3644; x_wconf 84' lang='lat' dir='ltr'>quasdam</span> <span class='ocrx_word' id='word_1_226' title='bbox 532 3579 678 3644; x_wconf 79' lang='lat' dir='ltr'>personas</span> <span class='ocrx_word' id='word_1_227' title='bbox 700 3590 756 3628; x_wconf 85' lang='lat' dir='ltr'>nan</span> <span class='ocrx_word' id='word_1_228' title='bbox 779 3572 927 3629; x_wconf 74' lang='lat' dir='ltr'>habituras</span> <span class='ocrx_word' id='word_1_229' title='bbox 941 3572 1124 3645; x_wconf 78' lang='lat' dir='ltr'>promittunt.</span> 
     </span>
    </p>
   </div>
   <div class='ocr_carea' id='block_1_5' title="bbox 91 3714 1357 4427">
    <p class='ocr_par' dir='ltr' id='par_1_6' title="bbox 91 3714 1357 4427">
     <span class='ocr_line' id='line_1_29' title="bbox 196 3714 1357 3788; baseline 0.003 -17"><span class='ocrx_word' id='word_1_230' title='bbox 196 3714 260 3771; x_wconf 92' lang='lat' dir='ltr'>Nos</span> <span class='ocrx_word' id='word_1_231' title='bbox 283 3714 462 3771; x_wconf 91' lang='lat' dir='ltr'>Franciscus</span> <span class='ocrx_word' id='word_1_232' title='bbox 486 3714 524 3771; x_wconf 92' lang='lat' dir='ltr'>de</span> <span class='ocrx_word' id='word_1_233' title='bbox 547 3714 697 3773; x_wconf 86' lang='lat' dir='ltr'>Zekchew</span> <span class='ocrx_word' id='word_1_234' title='bbox 720 3723 749 3772; x_wconf 89' lang='lat' dir='ltr'>et</span> <span class='ocrx_word' id='word_1_235' title='bbox 770 3717 919 3774; x_wconf 90' lang='lat' dir='ltr'>Martinus</span> <span class='ocrx_word' id='word_1_236' title='bbox 942 3715 981 3773; x_wconf 93' lang='lat' dir='ltr'>de</span> <span class='ocrx_word' id='word_1_237' title='bbox 1004 3715 1092 3774; x_wconf 90' lang='lat' dir='ltr'>Obed</span> <span class='ocrx_word' id='word_1_238' title='bbox 1117 3716 1357 3788; x_wconf 76' lang='lat' dir='ltr'>zenthltereztb,</span> 
     </span>
     <span class='ocr_line' id='line_1_30' title="bbox 91 3819 1356 3895; baseline 0.002 -17"><span class='ocrx_word' id='word_1_239' title='bbox 91 3819 298 3894; x_wconf 72' lang='lat' dir='ltr'>prebendam,</span> <span class='ocrx_word' id='word_1_240' title='bbox 333 3821 510 3892; x_wconf 84' lang='lat' dir='ltr'>obligamus</span> <span class='ocrx_word' id='word_1_241' title='bbox 541 3837 605 3891; x_wconf 92' lang='lat' dir='ltr'>nos,</span> <span class='ocrx_word' id='word_1_242' title='bbox 641 3821 724 3894; x_wconf 90' lang='lat' dir='ltr'>quod</span> <span class='ocrx_word' id='word_1_243' title='bbox 754 3822 867 3879; x_wconf 90' lang='lat' dir='ltr'>amodo</span> <span class='ocrx_word' id='word_1_244' title='bbox 891 3827 921 3879; x_wconf 92' lang='lat' dir='ltr'>et</span> <span class='ocrx_word' id='word_1_245' title='bbox 950 3823 981 3879; x_wconf 92' lang='lat' dir='ltr'>in</span> <span class='ocrx_word' id='word_1_246' title='bbox 1006 3827 1095 3880; x_wconf 88' lang='lat' dir='ltr'>antea</span> <span class='ocrx_word' id='word_1_247' title='bbox 1114 3822 1266 3895; x_wconf 91' lang='lat' dir='ltr'>quasdam</span> <span class='ocrx_word' id='word_1_248' title='bbox 1290 3838 1356 3880; x_wconf 92' lang='lat' dir='ltr'>sus·</span> 
     </span>
     <span class='ocr_line' id='line_1_31' title="bbox 91 3926 1356 4001; baseline 0.002 -18"><span class='ocrx_word' id='word_1_249' title='bbox 91 3933 197 3999; x_wconf 90' lang='lat' dir='ltr'>pectas</span> <span class='ocrx_word' id='word_1_250' title='bbox 221 3941 366 3998; x_wconf 87' lang='lat' dir='ltr'>personas</span> <span class='ocrx_word' id='word_1_251' title='bbox 390 3927 421 3983; x_wconf 92' lang='lat' dir='ltr'>in</span> <span class='ocrx_word' id='word_1_252' title='bbox 445 3926 590 3984; x_wconf 89' lang='lat' dir='ltr'>domibus</span> <span class='ocrx_word' id='word_1_253' title='bbox 614 3929 727 3984; x_wconf 87' lang='lat' dir='ltr'>nostris</span> <span class='ocrx_word' id='word_1_254' title='bbox 751 3943 811 3984; x_wconf 93' lang='lat' dir='ltr'>non</span> <span class='ocrx_word' id='word_1_255' title='bbox 836 3928 1009 3984; x_wconf 90' lang='lat' dir='ltr'>tenebimus</span> <span class='ocrx_word' id='word_1_256' title='bbox 1032 3944 1132 4001; x_wconf 94' lang='lat' dir='ltr'>neque</span> <span class='ocrx_word' id='word_1_257' title='bbox 1164 3929 1278 3986; x_wconf 91' lang='lat' dir='ltr'>intrare</span> <span class='ocrx_word' id='word_1_258' title='bbox 1302 3928 1356 3985; x_wconf 90' lang='lat' dir='ltr'>ad·</span> 
     </span>
     <span class='ocr_line' id='line_1_32' title="bbox 91 4031 1355 4104; baseline 0.002 -14"><span class='ocrx_word' id='word_1_259' title='bbox 91 4034 259 4101; x_wconf 90' lang='lat' dir='ltr'>mittemus,</span> <span class='ocrx_word' id='word_1_260' title='bbox 282 4039 311 4088; x_wconf 90' lang='lat' dir='ltr'>et</span> <span class='ocrx_word' id='word_1_261' title='bbox 335 4031 418 4103; x_wconf 93' lang='lat' dir='ltr'>quod</span> <span class='ocrx_word' id='word_1_262' title='bbox 442 4040 547 4104; x_wconf 89' lang='lat' dir='ltr'>portas</span> <span class='ocrx_word' id='word_1_263' title='bbox 570 4040 653 4090; x_wconf 89' lang='lat' dir='ltr'>retro</span> <span class='ocrx_word' id='word_1_264' title='bbox 678 4033 921 4091; x_wconf 88' lang='lat' dir='ltr'>domusnostras</span> <span class='ocrx_word' id='word_1_265' title='bbox 938 4039 967 4090; x_wconf 96' lang='lat' dir='ltr'>et</span> <span class='ocrx_word' id='word_1_266' title='bbox 990 4033 1070 4091; x_wconf 89' lang='lat' dir='ltr'>infra</span> <span class='ocrx_word' id='word_1_267' title='bbox 1093 4035 1199 4092; x_wconf 88' lang='lat' dir='ltr'>hortos</span> <span class='ocrx_word' id='word_1_268' title='bbox 1223 4035 1355 4104; x_wconf 85' lang='lat' dir='ltr'>habitas,</span> 
     </span>
     <span class='ocr_line' id='line_1_33' title="bbox 92 4131 1357 4216; baseline 0.002 -22"><span class='ocrx_word' id='word_1_269' title='bbox 92 4131 184 4216; x_wconf 85' lang='lat' dir='ltr'>(sera)</span> <span class='ocrx_word' id='word_1_270' title='bbox 209 4138 264 4195; x_wconf 90' lang='lat' dir='ltr'>sed</span> <span class='ocrx_word' id='word_1_271' title='bbox 287 4153 343 4195; x_wconf 92' lang='lat' dir='ltr'>nec</span> <span class='ocrx_word' id='word_1_272' title='bbox 375 4137 494 4194; x_wconf 84' lang='lat' dir='ltr'>hakcko</span> <span class='ocrx_word' id='word_1_273' title='bbox 525 4140 706 4208; x_wconf 90' lang='lat' dir='ltr'>tenebimus,</span> <span class='ocrx_word' id='word_1_274' title='bbox 731 4141 789 4196; x_wconf 92' lang='lat' dir='ltr'>sub</span> <span class='ocrx_word' id='word_1_275' title='bbox 823 4155 900 4213; x_wconf 89' lang='lat' dir='ltr'>pena</span> <span class='ocrx_word' id='word_1_276' title='bbox 924 4140 1111 4212; x_wconf 87' lang='lat' dir='ltr'>privacionis</span> <span class='ocrx_word' id='word_1_277' title='bbox 1134 4139 1357 4198; x_wconf 88' lang='lat' dir='ltr'>beneficiorum</span> 
     </span>
     <span class='ocr_line' id='line_1_34' title="bbox 91 4238 1352 4324; baseline 0.002 -23"><span class='ocrx_word' id='word_1_278' title='bbox 91 4252 268 4302; x_wconf 88' lang='lat' dir='ltr'>nostrorum</span> <span class='ocrx_word' id='word_1_279' title='bbox 286 4244 354 4316; x_wconf 90' lang='lat' dir='ltr'>ipso</span> <span class='ocrx_word' id='word_1_280' title='bbox 373 4242 463 4301; x_wconf 85' lang='lat' dir='ltr'>facto.</span> <span class='ocrx_word' id='word_1_281' title='bbox 481 4244 514 4301; x_wconf 92' lang='lat' dir='ltr'>In</span> <span class='ocrx_word' id='word_1_282' title='bbox 539 4246 648 4318; x_wconf 87' lang='lat' dir='ltr'>vigilia</span> <span class='ocrx_word' id='word_1_283' title='bbox 671 4247 897 4319; x_wconf 90' lang='lat' dir='ltr'>assumpcionis</span> <span class='ocrx_word' id='word_1_284' title='bbox 920 4247 1023 4304; x_wconf 85' lang='lat' dir='ltr'>Marie.</span> <span class='ocrx_word' id='word_1_285' title='bbox 1047 4238 1252 4324; x_wconf 84' lang='lat' dir='ltr'>(Franciscus)</span> <span class='ocrx_word' id='word_1_286' title='bbox 1269 4245 1352 4303; x_wconf 91' lang='lat' dir='ltr'>idem</span> 
     </span>
     <span class='ocr_line' id='line_1_35' title="bbox 93 4351 996 4427; baseline 0.003 -20"><span class='ocrx_word' id='word_1_287' title='bbox 93 4351 146 4422; x_wconf 93' lang='lat' dir='ltr'>qui</span> <span class='ocrx_word' id='word_1_288' title='bbox 171 4365 274 4422; x_wconf 89' lang='lat' dir='ltr'>supra,</span> <span class='ocrx_word' id='word_1_289' title='bbox 291 4352 440 4419; x_wconf 88' lang='lat' dir='ltr'>consensi,</span> <span class='ocrx_word' id='word_1_290' title='bbox 465 4367 505 4408; x_wconf 91' lang='lat' dir='ltr'>m.</span> <span class='ocrx_word' id='word_1_291' title='bbox 530 4369 558 4424; x_wconf 93' lang='lat' dir='ltr'>p.</span> <span class='ocrx_word' id='word_1_292' title='bbox 584 4357 613 4409; x_wconf 92' lang='lat' dir='ltr'>et</span> <span class='ocrx_word' id='word_1_293' title='bbox 637 4367 695 4425; x_wconf 85' lang='lat' dir='ltr'>ego</span> <span class='ocrx_word' id='word_1_294' title='bbox 719 4353 878 4423; x_wconf 87' lang='lat' dir='ltr'>Martinus,</span> <span class='ocrx_word' id='word_1_295' title='bbox 902 4368 942 4410; x_wconf 92' lang='lat' dir='ltr'>m.</span> <span class='ocrx_word' id='word_1_296' title='bbox 967 4369 996 4427; x_wconf 89' lang='lat' dir='ltr'>p.</span> 
     </span>
    </p>
   </div>
   <div class='ocr_carea' id='block_1_6' title="bbox 199 4486 1357 4553">
    <p class='ocr_par' dir='ltr' id='par_1_7' title="bbox 199 4486 1357 4553">
     <span class='ocr_line' id='line_1_36' title="bbox 199 4486 1357 4553; baseline 0.003 -19"><span class='ocrx_word' id='word_1_297' title='bbox 199 4486 277 4534; x_wconf 85' lang='lat' dir='ltr'>Liber</span> <span class='ocrx_word' id='word_1_298' title='bbox 296 4488 390 4535; x_wconf 88' lang='lat' dir='ltr'>rubeus</span> <span class='ocrx_word' id='word_1_299' title='bbox 408 4504 466 4537; x_wconf 80' lang='lat' dir='ltr'>ven.</span> <span class='ocrx_word' id='word_1_300' title='bbox 485 4489 562 4552; x_wconf 82' lang='lat' dir='ltr'>capit.</span> <span class='ocrx_word' id='word_1_301' title='bbox 582 4490 681 4553; x_wconf 80' lang='lat' dir='ltr'>zagrab.</span> <span class='ocrx_word' id='word_1_302' title='bbox 702 4491 735 4538; x_wconf 88' lang='lat' dir='ltr'>In</span> <span class='ocrx_word' id='word_1_303' title='bbox 753 4489 821 4541; x_wconf 86' lang='lat' dir='ltr'>arch.</span> <span class='ocrx_word' id='word_1_304' title='bbox 842 4489 901 4541; x_wconf 90' lang='lat' dir='ltr'>incl.</span> <span class='ocrx_word' id='word_1_305' title='bbox 921 4490 1007 4540; x_wconf 84' lang='lat' dir='ltr'>Acnd.</span> <span class='ocrx_word' id='word_1_306' title='bbox 1027 4489 1124 4540; x_wconf 87' lang='lat' dir='ltr'>Scient.</span> <span class='ocrx_word' id='word_1_307' title='bbox 1149 4487 1247 4540; x_wconf 85' lang='lat' dir='ltr'>Slavor.</span> <span class='ocrx_word' id='word_1_308' title='bbox 1267 4487 1357 4538; x_wconf 88' lang='lat' dir='ltr'>merid.</span> 
     </span>
    </p>
   </div>
   <div class='ocr_carea' id='block_1_7' title="bbox 0 0 1644 5348">
    <p class='ocr_par' dir='ltr' id='par_1_8' title="bbox 0 0 1644 5348">
     <span class='ocr_line' id='line_1_37' title="bbox 0 0 1644 5348; baseline 0 0"><span class='ocrx_word' id='word_1_309' title='bbox 0 0 1644 5348; x_wconf 95' lang='lat' dir='ltr'> </span> 
     </span>
    </p>
   </div>
  </div>
 </body>
</html>
