<?xml version="1.0" encoding="UTF-8"?>
<!DOCTYPE html PUBLIC "-//W3C//DTD XHTML 1.0 Transitional//EN"
    "http://www.w3.org/TR/xhtml1/DTD/xhtml1-transitional.dtd">
<html xmlns="http://www.w3.org/1999/xhtml" xml:lang="en" lang="en">
 <head>
  <title>
</title>
<meta http-equiv="Content-Type" content="text/html;charset=utf-8" />
  <meta name='ocr-system' content='tesseract 3.04.00' />
  <meta name='ocr-capabilities' content='ocr_page ocr_carea ocr_par ocr_line ocrx_word'/>
</head>
<body>
  <div class='ocr_page' id='page_1' title='image "./monumentahistor01laszgoog_0490.png"; bbox 0 0 3278 5348; ppageno 0'>
   <div class='ocr_carea' id='block_1_1' title="bbox 181 401 1448 4939">
    <p class='ocr_par' dir='ltr' id='par_1_1' title="bbox 181 401 1448 4939">
     <span class='ocr_line' id='line_1_1' title="bbox 187 401 1028 482; baseline -0.005 -17"><span class='ocrx_word' id='word_1_1' title='bbox 187 424 245 465; x_wconf 84' lang='lat' dir='ltr'><strong>aaa</strong></span> <span class='ocrx_word' id='word_1_2' title='bbox 599 406 671 463; x_wconf 78' lang='lat' dir='ltr'><strong>Doc.</strong></span> <span class='ocrx_word' id='word_1_3' title='bbox 697 401 765 462; x_wconf 76' lang='lat'><em>162.</em></span> <span class='ocrx_word' id='word_1_4' title='bbox 792 438 831 447; x_wconf 91' lang='lat'>-</span> <span class='ocrx_word' id='word_1_5' title='bbox 855 404 913 464; x_wconf 86' lang='lat' dir='ltr'><strong>An.</strong></span> <span class='ocrx_word' id='word_1_6' title='bbox 938 415 1028 482; x_wconf 70' lang='lat'><em>1452.</em></span> 
     </span>
     <span class='ocr_line' id='line_1_2' title="bbox 183 620 1438 695; baseline -0.003 -15"><span class='ocrx_word' id='word_1_7' title='bbox 183 624 274 681; x_wconf 91' lang='lat' dir='ltr'><strong>nibus</strong></span> <span class='ocrx_word' id='word_1_8' title='bbox 297 622 509 680; x_wconf 89' lang='lat' dir='ltr'><strong>solucionibus</strong></span> <span class='ocrx_word' id='word_1_9' title='bbox 533 625 712 695; x_wconf 84' lang='lat' dir='ltr'><strong>exemptum</strong></span> <span class='ocrx_word' id='word_1_10' title='bbox 737 627 816 678; x_wconf 88' lang='lat' dir='ltr'><strong>esset</strong></span> <span class='ocrx_word' id='word_1_11' title='bbox 832 626 862 679; x_wconf 90' lang='lat' dir='ltr'><strong>et</strong></span> <span class='ocrx_word' id='word_1_12' title='bbox 885 621 1076 689; x_wconf 89' lang='lat' dir='ltr'><strong>libertatum,</strong></span> <span class='ocrx_word' id='word_1_13' title='bbox 1093 627 1122 677; x_wconf 92' lang='lat' dir='ltr'><strong>et</strong></span> <span class='ocrx_word' id='word_1_14' title='bbox 1147 620 1177 678; x_wconf 91' lang='lat' dir='ltr'><strong>in</strong></span> <span class='ocrx_word' id='word_1_15' title='bbox 1202 621 1269 678; x_wconf 77' lang='lat' dir='ltr'><strong>vim</strong></span> <span class='ocrx_word' id='word_1_16' title='bbox 1295 637 1349 679; x_wconf 89' lang='lat' dir='ltr'><strong>sue</strong></span> <span class='ocrx_word' id='word_1_17' title='bbox 1372 620 1438 678; x_wconf 91' lang='lat' dir='ltr'><strong>acci·</strong></span> 
     </span>
     <span class='ocr_line' id='line_1_3' title="bbox 184 726 1439 802; baseline -0.003 -16"><span class='ocrx_word' id='word_1_18' title='bbox 184 730 250 787; x_wconf 88' lang='lat' dir='ltr'><strong>cnis</strong></span> <span class='ocrx_word' id='word_1_19' title='bbox 273 729 413 786; x_wconf 83' lang='lat' dir='ltr'>exhibuit</span> <span class='ocrx_word' id='word_1_20' title='bbox 437 729 592 802; x_wconf 89' lang='lat' dir='ltr'><strong>quandam</strong></span> <span class='ocrx_word' id='word_1_21' title='bbox 617 727 740 800; x_wconf 88' lang='lat' dir='ltr'><strong>copiam</strong></span> <span class='ocrx_word' id='word_1_22' title='bbox 769 728 931 800; x_wconf 89' lang='lat' dir='ltr'><strong>papiream</strong></span> <span class='ocrx_word' id='word_1_23' title='bbox 966 726 1127 785; x_wconf 89' lang='lat' dir='ltr'><strong>cuiusdam</strong></span> <span class='ocrx_word' id='word_1_24' title='bbox 1143 727 1240 797; x_wconf 91' lang='lat' dir='ltr'><strong>bulle,</strong></span> <span class='ocrx_word' id='word_1_25' title='bbox 1272 741 1439 801; x_wconf 88' lang='lat' dir='ltr'><strong>perquam</strong></span> 
     </span>
     <span class='ocr_line' id='line_1_4' title="bbox 183 832 1439 910; baseline -0.004 -17"><span class='ocrx_word' id='word_1_26' title='bbox 183 837 305 910; x_wconf 88' lang='lat' dir='ltr'><strong>copiam</strong></span> <span class='ocrx_word' id='word_1_27' title='bbox 329 836 426 893; x_wconf 85' lang='lat' dir='ltr'>nichil</span> <span class='ocrx_word' id='word_1_28' title='bbox 449 835 559 893; x_wconf 89' lang='lat' dir='ltr'><strong>docere</strong></span> <span class='ocrx_word' id='word_1_29' title='bbox 582 834 681 891; x_wconf 85' lang='lat' dir='ltr'><strong>valuit</strong></span> <span class='ocrx_word' id='word_1_30' title='bbox 715 832 753 890; x_wconf 90' lang='lat' dir='ltr'><strong>de</strong></span> <span class='ocrx_word' id='word_1_31' title='bbox 791 833 991 891; x_wconf 89' lang='lat' dir='ltr'><strong>libertacione</strong></span> <span class='ocrx_word' id='word_1_32' title='bbox 1028 848 1081 890; x_wconf 91' lang='lat' dir='ltr'><strong>seu</strong></span> <span class='ocrx_word' id='word_1_33' title='bbox 1115 833 1319 907; x_wconf 83' lang='lat' dir='ltr'><strong>exempcione</strong></span> <span class='ocrx_word' id='word_1_34' title='bbox 1342 833 1439 890; x_wconf 91' lang='lat' dir='ltr'><strong>huius·</strong></span> 
     </span>
     <span class='ocr_line' id='line_1_5' title="bbox 184 938 1442 1016; baseline -0.003 -18"><span class='ocrx_word' id='word_1_35' title='bbox 184 941 270 999; x_wconf 91' lang='lat' dir='ltr'><strong>modi</strong></span> <span class='ocrx_word' id='word_1_36' title='bbox 303 942 457 1016; x_wconf 89' lang='lat' dir='ltr'><strong>porcionis</strong></span> <span class='ocrx_word' id='word_1_37' title='bbox 493 941 635 999; x_wconf 88' lang='lat' dir='ltr'><strong>canonice</strong></span> <span class='ocrx_word' id='word_1_38' title='bbox 672 955 725 997; x_wconf 90' lang='lat' dir='ltr'><strong>seu</strong></span> <span class='ocrx_word' id='word_1_39' title='bbox 760 946 869 1013; x_wconf 85' lang='lat' dir='ltr'><strong>quarte</strong></span> <span class='ocrx_word' id='word_1_40' title='bbox 903 938 1024 1014; x_wconf 85' lang='lat' dir='ltr'><strong>prelato</strong></span> <span class='ocrx_word' id='word_1_41' title='bbox 1059 938 1186 996; x_wconf 90' lang='lat' dir='ltr'><strong>domino</strong></span> <span class='ocrx_word' id='word_1_42' title='bbox 1217 939 1350 997; x_wconf 90' lang='lat' dir='ltr'><strong>Nicolao</strong></span> <span class='ocrx_word' id='word_1_43' title='bbox 1384 938 1442 1013; x_wconf 81' lang='lat' dir='ltr'><strong>ple</strong></span> 
     </span>
     <span class='ocr_line' id='line_1_6' title="bbox 183 1045 1443 1120; baseline -0.003 -16"><span class='ocrx_word' id='word_1_44' title='bbox 183 1049 264 1105; x_wconf 91' lang='lat' dir='ltr'><strong>bano</strong></span> <span class='ocrx_word' id='word_1_45' title='bbox 288 1048 435 1105; x_wconf 83' lang='lat' dir='ltr'><strong>debendo.</strong></span> <span class='ocrx_word' id='word_1_46' title='bbox 460 1048 522 1104; x_wconf 90' lang='lat' dir='ltr'><strong>Nos</strong></span> <span class='ocrx_word' id='word_1_47' title='bbox 555 1049 649 1120; x_wconf 85' lang='lat' dir='ltr'><strong>igitur</strong></span> <span class='ocrx_word' id='word_1_48' title='bbox 672 1046 810 1104; x_wconf 84' lang='lat' dir='ltr'><strong>volentes</strong></span> <span class='ocrx_word' id='word_1_49' title='bbox 833 1047 960 1104; x_wconf 83' lang='lat' dir='ltr'><strong>uberius</strong></span> <span class='ocrx_word' id='word_1_50' title='bbox 983 1051 1012 1103; x_wconf 92' lang='lat' dir='ltr'><strong>et</strong></span> <span class='ocrx_word' id='word_1_51' title='bbox 1051 1046 1167 1104; x_wconf 84' lang='lat' dir='ltr'><strong>cercius</strong></span> <span class='ocrx_word' id='word_1_52' title='bbox 1203 1045 1327 1104; x_wconf 87' lang='lat' dir='ltr'>edoceri</span> <span class='ocrx_word' id='word_1_53' title='bbox 1360 1058 1443 1102; x_wconf 86' lang='lat' dir='ltr'><strong>causa</strong></span> 
     </span>
     <span class='ocr_line' id='line_1_7' title="bbox 184 1151 1443 1226; baseline -0.003 -16"><span class='ocrx_word' id='word_1_54' title='bbox 184 1154 212 1210; x_wconf 93' lang='lat' dir='ltr'><strong>in</strong></span> <span class='ocrx_word' id='word_1_55' title='bbox 238 1154 355 1224; x_wconf 83' lang='lat' dir='ltr'><strong>eadem,</strong></span> <span class='ocrx_word' id='word_1_56' title='bbox 379 1169 511 1211; x_wconf 92' lang='lat' dir='ltr'><strong>unacum</strong></span> <span class='ocrx_word' id='word_1_57' title='bbox 536 1152 684 1226; x_wconf 76' lang='lat' dir='ltr'><strong>predictis</strong></span> <span class='ocrx_word' id='word_1_58' title='bbox 708 1154 915 1211; x_wconf 86' lang='lat' dir='ltr'><strong>assessoribus</strong></span> <span class='ocrx_word' id='word_1_59' title='bbox 950 1153 1071 1224; x_wconf 78' lang='lat' dir='ltr'><strong>nostris,</strong></span> <span class='ocrx_word' id='word_1_60' title='bbox 1107 1166 1226 1210; x_wconf 90' lang='lat' dir='ltr'><strong>necnon</strong></span> <span class='ocrx_word' id='word_1_61' title='bbox 1264 1151 1443 1225; x_wconf 89' lang='lat' dir='ltr'><strong>iurisperitis</strong></span> 
     </span>
     <span class='ocr_line' id='line_1_8' title="bbox 183 1258 1445 1332; baseline -0.001 -16"><span class='ocrx_word' id='word_1_62' title='bbox 183 1260 346 1317; x_wconf 75' lang='lat' dir='ltr'><strong>nobiscum</strong></span> <span class='ocrx_word' id='word_1_63' title='bbox 370 1261 402 1318; x_wconf 96' lang='lat' dir='ltr'><strong>in</strong></span> <span class='ocrx_word' id='word_1_64' title='bbox 424 1260 538 1318; x_wconf 89' lang='lat' dir='ltr'><strong>iudicio</strong></span> <span class='ocrx_word' id='word_1_65' title='bbox 568 1259 814 1331; x_wconf 84' lang='lat' dir='ltr'><strong>consedentibus,</strong></span> <span class='ocrx_word' id='word_1_66' title='bbox 838 1259 1065 1316; x_wconf 88' lang='lat' dir='ltr'><strong>Clementinam</strong></span> <span class='ocrx_word' id='word_1_67' title='bbox 1090 1275 1147 1332; x_wconf 88' lang='lat' dir='ltr'><strong>per</strong></span> <span class='ocrx_word' id='word_1_68' title='bbox 1169 1258 1298 1316; x_wconf 89' lang='lat' dir='ltr'><strong>eosdem</strong></span> <span class='ocrx_word' id='word_1_69' title='bbox 1322 1259 1445 1330; x_wconf 88' lang='lat' dir='ltr'><strong>iurispe-</strong></span> 
     </span>
     <span class='ocr_line' id='line_1_9' title="bbox 184 1363 1446 1440; baseline -0.002 -19"><span class='ocrx_word' id='word_1_70' title='bbox 184 1367 260 1423; x_wconf 84' lang='lat' dir='ltr'><strong>ritos</strong></span> <span class='ocrx_word' id='word_1_71' title='bbox 285 1366 414 1423; x_wconf 84' lang='lat' dir='ltr'><strong>fecimus</strong></span> <span class='ocrx_word' id='word_1_72' title='bbox 446 1366 615 1440; x_wconf 91' lang='lat' dir='ltr'><strong>apportari,</strong></span> <span class='ocrx_word' id='word_1_73' title='bbox 640 1366 694 1423; x_wconf 94' lang='lat' dir='ltr'><strong>ubi</strong></span> <span class='ocrx_word' id='word_1_74' title='bbox 717 1367 748 1423; x_wconf 91' lang='lat' dir='ltr'><strong>in</strong></span> <span class='ocrx_word' id='word_1_75' title='bbox 771 1365 909 1439; x_wconf 89' lang='lat' dir='ltr'><strong>capitulo</strong></span> <span class='ocrx_word' id='word_1_76' title='bbox 933 1365 971 1421; x_wconf 89' lang='lat' dir='ltr'><strong>de</strong></span> <span class='ocrx_word' id='word_1_77' title='bbox 993 1365 1171 1438; x_wconf 82' lang='lat' dir='ltr'><strong>sepulturis,</strong></span> <span class='ocrx_word' id='word_1_78' title='bbox 1195 1365 1281 1423; x_wconf 90' lang='lat' dir='ltr'><strong>etin</strong></span> <span class='ocrx_word' id='word_1_79' title='bbox 1312 1363 1446 1438; x_wconf 91' lang='lat' dir='ltr'><strong>capitulo</strong></span> 
     </span>
     <span class='ocr_line' id='line_1_10' title="bbox 184 1470 1447 1545; baseline -0.004 -16"><span class='ocrx_word' id='word_1_80' title='bbox 184 1473 237 1529; x_wconf 92' lang='lat' dir='ltr'><strong>ubi</strong></span> <span class='ocrx_word' id='word_1_81' title='bbox 255 1472 381 1530; x_wconf 90' lang='lat' dir='ltr'><strong>dicitur:</strong></span> <span class='ocrx_word' id='word_1_82' title='bbox 399 1472 443 1528; x_wconf 81' lang='lat' dir='ltr'><strong>lt&#39;e</strong></span> <span class='ocrx_word' id='word_1_83' title='bbox 459 1472 653 1545; x_wconf 84' lang='lat' dir='ltr'><strong>parochiales</strong></span> <span class='ocrx_word' id='word_1_84' title='bbox 673 1472 801 1529; x_wconf 82' lang='lat' dir='ltr'><strong>ecclesie</strong></span> <span class='ocrx_word' id='word_1_85' title='bbox 824 1479 890 1541; x_wconf 78' lang='lat' dir='ltr'><strong>etc,</strong></span> <span class='ocrx_word' id='word_1_86' title='bbox 907 1486 962 1529; x_wconf 90' lang='lat' dir='ltr'><strong>nos</strong></span> <span class='ocrx_word' id='word_1_87' title='bbox 985 1485 1119 1528; x_wconf 90' lang='lat' dir='ltr'><strong>unacum</strong></span> <span class='ocrx_word' id='word_1_88' title='bbox 1136 1470 1227 1528; x_wconf 93' lang='lat' dir='ltr'><strong>dictis</strong></span> <span class='ocrx_word' id='word_1_89' title='bbox 1242 1470 1447 1528; x_wconf 84' lang='lat' dir='ltr'><strong>assessoribus</strong></span> 
     </span>
     <span class='ocr_line' id='line_1_11' title="bbox 184 1575 1447 1651; baseline -0.003 -15"><span class='ocrx_word' id='word_1_90' title='bbox 184 1580 296 1637; x_wconf 85' lang='lat' dir='ltr'><strong>nostris</strong></span> <span class='ocrx_word' id='word_1_91' title='bbox 319 1587 349 1636; x_wconf 93' lang='lat' dir='ltr'><strong>et</strong></span> <span class='ocrx_word' id='word_1_92' title='bbox 371 1578 555 1651; x_wconf 90' lang='lat' dir='ltr'><strong>iurisperitis</strong></span> <span class='ocrx_word' id='word_1_93' title='bbox 578 1577 680 1635; x_wconf 91' lang='lat' dir='ltr'><strong>lucide</strong></span> <span class='ocrx_word' id='word_1_94' title='bbox 704 1584 733 1635; x_wconf 91' lang='lat' dir='ltr'><strong>et</strong></span> <span class='ocrx_word' id='word_1_95' title='bbox 756 1577 888 1651; x_wconf 89' lang='lat' dir='ltr'><strong>limpide</strong></span> <span class='ocrx_word' id='word_1_96' title='bbox 912 1578 1108 1651; x_wconf 88' lang='lat' dir='ltr'><strong>repperimus</strong></span> <span class='ocrx_word' id='word_1_97' title='bbox 1131 1577 1164 1635; x_wconf 92' lang='lat' dir='ltr'><strong>in</strong></span> <span class='ocrx_word' id='word_1_98' title='bbox 1179 1575 1289 1634; x_wconf 86' lang='lat' dir='ltr'><strong>eadem</strong></span> <span class='ocrx_word' id='word_1_99' title='bbox 1306 1576 1447 1633; x_wconf 90' lang='lat' dir='ltr'><strong>Clemen-</strong></span> 
     </span>
     <span class='ocr_line' id='line_1_12' title="bbox 183 1681 1446 1755; baseline -0.003 -14"><span class='ocrx_word' id='word_1_100' title='bbox 183 1686 255 1755; x_wconf 91' lang='lat' dir='ltr'><strong>tina,</strong></span> <span class='ocrx_word' id='word_1_101' title='bbox 279 1692 312 1741; x_wconf 86' lang='lat' dir='ltr'><strong>ut</strong></span> <span class='ocrx_word' id='word_1_102' title='bbox 336 1684 481 1741; x_wconf 89' lang='lat' dir='ltr'><strong>ordinum</strong></span> <span class='ocrx_word' id='word_1_103' title='bbox 507 1683 616 1741; x_wconf 82' lang='lat' dir='ltr'><strong>tratres</strong></span> <span class='ocrx_word' id='word_1_104' title='bbox 640 1684 678 1742; x_wconf 91' lang='lat' dir='ltr'><strong>de</strong></span> <span class='ocrx_word' id='word_1_105' title='bbox 701 1684 945 1741; x_wconf 84' lang='lat' dir='ltr'><strong>obvencionibus</strong></span> <span class='ocrx_word' id='word_1_106' title='bbox 970 1684 1125 1755; x_wconf 89' lang='lat' dir='ltr'><strong>omnibus,</strong></span> <span class='ocrx_word' id='word_1_107' title='bbox 1160 1692 1224 1740; x_wconf 89' lang='lat' dir='ltr'><strong>tam</strong></span> <span class='ocrx_word' id='word_1_108' title='bbox 1261 1682 1300 1740; x_wconf 91' lang='lat' dir='ltr'><strong>de</strong></span> <span class='ocrx_word' id='word_1_109' title='bbox 1324 1681 1446 1740; x_wconf 85' lang='lat' dir='ltr'><strong>funera·</strong></span> 
     </span>
     <span class='ocr_line' id='line_1_13' title="bbox 182 1787 1447 1864; baseline -0.005 -15"><span class='ocrx_word' id='word_1_110' title='bbox 182 1793 275 1859; x_wconf 85' lang='lat' dir='ltr'><strong>libus,</strong></span> <span class='ocrx_word' id='word_1_111' title='bbox 291 1806 385 1864; x_wconf 86' lang='lat' dir='ltr'><strong>quam</strong></span> <span class='ocrx_word' id='word_1_112' title='bbox 402 1789 440 1846; x_wconf 87' lang='lat' dir='ltr'><strong>de</strong></span> <span class='ocrx_word' id='word_1_113' title='bbox 463 1790 710 1863; x_wconf 90' lang='lat' dir='ltr'><strong>quibuscumque</strong></span> <span class='ocrx_word' id='word_1_114' title='bbox 733 1796 762 1846; x_wconf 91' lang='lat' dir='ltr'><strong>et</strong></span> <span class='ocrx_word' id='word_1_115' title='bbox 786 1789 1078 1862; x_wconf 87' lang='lat' dir='ltr'><strong>quomodocumque</strong></span> <span class='ocrx_word' id='word_1_116' title='bbox 1101 1789 1217 1847; x_wconf 91' lang='lat' dir='ltr'><strong>relictis</strong></span> <span class='ocrx_word' id='word_1_117' title='bbox 1238 1788 1382 1846; x_wconf 87' lang='lat' dir='ltr'><strong>distincte</strong></span> <span class='ocrx_word' id='word_1_118' title='bbox 1398 1787 1447 1844; x_wconf 81' lang='lat' dir='ltr'><strong>rel</strong></span> 
     </span>
     <span class='ocr_line' id='line_1_14' title="bbox 184 1893 1447 1967; baseline -0.006 -12"><span class='ocrx_word' id='word_1_119' title='bbox 184 1898 358 1955; x_wconf 84' lang='lat' dir='ltr'><strong>indistincte</strong></span> <span class='ocrx_word' id='word_1_120' title='bbox 382 1895 420 1951; x_wconf 92' lang='lat' dir='ltr'><strong>ad</strong></span> <span class='ocrx_word' id='word_1_121' title='bbox 450 1911 663 1967; x_wconf 89' lang='lat' dir='ltr'><strong>quoscumque</strong></span> <span class='ocrx_word' id='word_1_122' title='bbox 687 1902 785 1952; x_wconf 90' lang='lat' dir='ltr'><strong>certos</strong></span> <span class='ocrx_word' id='word_1_123' title='bbox 820 1895 872 1952; x_wconf 81' lang='lat' dir='ltr'><strong>vel</strong></span> <span class='ocrx_word' id='word_1_124' title='bbox 908 1895 1127 1952; x_wconf 88' lang='lat' dir='ltr'><strong>determinatos</strong></span> <span class='ocrx_word' id='word_1_125' title='bbox 1150 1910 1233 1964; x_wconf 93' lang='lat' dir='ltr'><strong>usus,</strong></span> <span class='ocrx_word' id='word_1_126' title='bbox 1272 1893 1447 1966; x_wconf 90' lang='lat' dir='ltr'><strong>dequibus</strong></span> 
     </span>
     <span class='ocr_line' id='line_1_15' title="bbox 185 2001 1448 2074; baseline -0.006 -13"><span class='ocrx_word' id='word_1_127' title='bbox 185 2005 281 2061; x_wconf 90' lang='lat' dir='ltr'><strong>eciam</strong></span> <span class='ocrx_word' id='word_1_128' title='bbox 306 2011 415 2074; x_wconf 88' lang='lat' dir='ltr'><strong>quarta</strong></span> <span class='ocrx_word' id='word_1_129' title='bbox 439 2002 505 2058; x_wconf 81' lang='lat' dir='ltr'><strong>sive</strong></span> <span class='ocrx_word' id='word_1_130' title='bbox 529 2002 673 2057; x_wconf 88' lang='lat' dir='ltr'><strong>canonica</strong></span> <span class='ocrx_word' id='word_1_131' title='bbox 698 2002 805 2074; x_wconf 90' lang='lat' dir='ltr'><strong>porcio</strong></span> <span class='ocrx_word' id='word_1_132' title='bbox 830 2001 897 2059; x_wconf 90' lang='lat' dir='ltr'><strong>dari</strong></span> <span class='ocrx_word' id='word_1_133' title='bbox 914 2016 967 2058; x_wconf 90' lang='lat' dir='ltr'><strong>seu</strong></span> <span class='ocrx_word' id='word_1_134' title='bbox 983 2001 1065 2073; x_wconf 83' lang='lat' dir='ltr'><strong>exigi</strong></span> <span class='ocrx_word' id='word_1_135' title='bbox 1089 2015 1150 2058; x_wconf 90' lang='lat' dir='ltr'><strong>non</strong></span> <span class='ocrx_word' id='word_1_136' title='bbox 1167 2001 1315 2070; x_wconf 85' lang='lat' dir='ltr'><strong>cosvcvit,</strong></span> <span class='ocrx_word' id='word_1_137' title='bbox 1331 2013 1448 2057; x_wconf 87' lang='lat' dir='ltr'><strong>necnon</strong></span> 
     </span>
     <span class='ocr_line' id='line_1_16' title="bbox 185 2105 1445 2179; baseline -0.004 -13"><span class='ocrx_word' id='word_1_138' title='bbox 185 2109 325 2166; x_wconf 86' lang='lat' dir='ltr'><strong>dedatis</strong></span> <span class='ocrx_word' id='word_1_139' title='bbox 349 2108 399 2164; x_wconf 85' lang='lat' dir='ltr'><strong>vel</strong></span> <span class='ocrx_word' id='word_1_140' title='bbox 424 2108 692 2179; x_wconf 84' lang='lat' dir='ltr'><strong>qualitercumque</strong></span> <span class='ocrx_word' id='word_1_141' title='bbox 716 2107 836 2165; x_wconf 87' lang='lat' dir='ltr'><strong>donatis</strong></span> <span class='ocrx_word' id='word_1_142' title='bbox 860 2109 890 2165; x_wconf 92' lang='lat' dir='ltr'><strong>in</strong></span> <span class='ocrx_word' id='word_1_143' title='bbox 914 2120 1014 2164; x_wconf 82' lang='lat' dir='ltr'><strong>morte</strong></span> <span class='ocrx_word' id='word_1_144' title='bbox 1037 2123 1090 2164; x_wconf 87' lang='lat' dir='ltr'><strong>seu</strong></span> <span class='ocrx_word' id='word_1_145' title='bbox 1115 2107 1225 2164; x_wconf 86' lang='lat' dir='ltr'><strong>mortis</strong></span> <span class='ocrx_word' id='word_1_146' title='bbox 1261 2106 1395 2163; x_wconf 91' lang='lat' dir='ltr'><strong>articulo</strong></span> <span class='ocrx_word' id='word_1_147' title='bbox 1417 2105 1445 2161; x_wconf 94' lang='lat' dir='ltr'><strong>in</strong></span> 
     </span>
     <span class='ocr_line' id='line_1_17' title="bbox 184 2211 1448 2286; baseline -0.004 -14"><span class='ocrx_word' id='word_1_148' title='bbox 184 2215 363 2273; x_wconf 86' lang='lat' dir='ltr'><strong>infirmitate</strong></span> <span class='ocrx_word' id='word_1_149' title='bbox 387 2213 528 2270; x_wconf 90' lang='lat' dir='ltr'><strong>donantis</strong></span> <span class='ocrx_word' id='word_1_150' title='bbox 552 2213 602 2269; x_wconf 85' lang='lat' dir='ltr'><strong>vel</strong></span> <span class='ocrx_word' id='word_1_151' title='bbox 625 2213 733 2283; x_wconf 88' lang='lat' dir='ltr'><strong>dantis,</strong></span> <span class='ocrx_word' id='word_1_152' title='bbox 757 2213 795 2269; x_wconf 91' lang='lat' dir='ltr'><strong>de</strong></span> <span class='ocrx_word' id='word_1_153' title='bbox 819 2229 880 2286; x_wconf 90' lang='lat' dir='ltr'><strong>qua</strong></span> <span class='ocrx_word' id='word_1_154' title='bbox 913 2213 1085 2285; x_wconf 88' lang='lat' dir='ltr'><strong>decesserit,</strong></span> <span class='ocrx_word' id='word_1_155' title='bbox 1117 2214 1308 2286; x_wconf 90' lang='lat' dir='ltr'><strong>quicumque</strong></span> <span class='ocrx_word' id='word_1_156' title='bbox 1331 2211 1448 2269; x_wconf 87' lang='lat' dir='ltr'><strong>directe</strong></span> 
     </span>
     <span class='ocr_line' id='line_1_18' title="bbox 186 2318 1446 2392; baseline -0.002 -16"><span class='ocrx_word' id='word_1_157' title='bbox 186 2322 236 2378; x_wconf 86' lang='lat' dir='ltr'><strong>vel</strong></span> <span class='ocrx_word' id='word_1_158' title='bbox 260 2320 407 2378; x_wconf 87' lang='lat' dir='ltr'><strong>indirecte</strong></span> <span class='ocrx_word' id='word_1_159' title='bbox 431 2319 580 2376; x_wconf 85' lang='lat' dir='ltr'><strong>fratribus</strong></span> <span class='ocrx_word' id='word_1_160' title='bbox 602 2320 679 2392; x_wconf 91' lang='lat' dir='ltr'><strong>ipsis</strong></span> <span class='ocrx_word' id='word_1_161' title='bbox 702 2319 753 2375; x_wconf 90' lang='lat' dir='ltr'><strong>vel</strong></span> <span class='ocrx_word' id='word_1_162' title='bbox 777 2320 846 2376; x_wconf 90' lang='lat' dir='ltr'><strong>aliis</strong></span> <span class='ocrx_word' id='word_1_163' title='bbox 870 2320 1065 2377; x_wconf 87' lang='lat' dir='ltr'><strong>monasteriis</strong></span> <span class='ocrx_word' id='word_1_164' title='bbox 1077 2336 1131 2378; x_wconf 90' lang='lat' dir='ltr'><strong>seu</strong></span> <span class='ocrx_word' id='word_1_165' title='bbox 1147 2319 1291 2376; x_wconf 91' lang='lat' dir='ltr'><strong>claustris</strong></span> <span class='ocrx_word' id='word_1_166' title='bbox 1308 2318 1446 2392; x_wconf 90' lang='lat' dir='ltr'><strong>ipsorum</strong></span> 
     </span>
     <span class='ocr_line' id='line_1_19' title="bbox 184 2422 1447 2501; baseline -0.003 -18"><span class='ocrx_word' id='word_1_167' title='bbox 184 2442 242 2501; x_wconf 92' lang='lat' dir='ltr'><strong>pro</strong></span> <span class='ocrx_word' id='word_1_168' title='bbox 266 2425 391 2495; x_wconf 88' lang='lat' dir='ltr'><strong>eisdem,</strong></span> <span class='ocrx_word' id='word_1_169' title='bbox 415 2432 559 2497; x_wconf 81' lang='lat' dir='ltr'><strong>quartam</strong></span> <span class='ocrx_word' id='word_1_170' title='bbox 583 2431 705 2498; x_wconf 89' lang='lat' dir='ltr'><strong>partem</strong></span> <span class='ocrx_word' id='word_1_171' title='bbox 729 2425 964 2497; x_wconf 87' lang='lat' dir='ltr'><strong>parochialibus</strong></span> <span class='ocrx_word' id='word_1_172' title='bbox 988 2425 1201 2482; x_wconf 90' lang='lat' dir='ltr'><strong>sacerdotibus</strong></span> <span class='ocrx_word' id='word_1_173' title='bbox 1235 2441 1290 2482; x_wconf 89' lang='lat' dir='ltr'><strong>seu</strong></span> <span class='ocrx_word' id='word_1_174' title='bbox 1326 2422 1447 2482; x_wconf 87' lang='lat' dir='ltr'><strong>ecclesi·</strong></span> 
     </span>
     <span class='ocr_line' id='line_1_20' title="bbox 184 2531 1446 2605; baseline -0.002 -16"><span class='ocrx_word' id='word_1_175' title='bbox 184 2548 273 2589; x_wconf 90' lang='lat' dir='ltr'><strong>arum</strong></span> <span class='ocrx_word' id='word_1_176' title='bbox 293 2531 538 2605; x_wconf 84' lang='lat' dir='ltr'><strong>parrochialium</strong></span> <span class='ocrx_word' id='word_1_177' title='bbox 560 2533 741 2600; x_wconf 85' lang='lat' dir='ltr'><strong>rectoribus,</strong></span> <span class='ocrx_word' id='word_1_178' title='bbox 758 2545 875 2588; x_wconf 91' lang='lat' dir='ltr'><strong>necnon</strong></span> <span class='ocrx_word' id='word_1_179' title='bbox 891 2531 1014 2602; x_wconf 90' lang='lat' dir='ltr'><strong>curatis,</strong></span> <span class='ocrx_word' id='word_1_180' title='bbox 1030 2531 1141 2604; x_wconf 86' lang='lat' dir='ltr'><strong>largiri</strong></span> <span class='ocrx_word' id='word_1_181' title='bbox 1162 2531 1281 2604; x_wconf 85' lang='lat' dir='ltr'><strong>integre</strong></span> <span class='ocrx_word' id='word_1_182' title='bbox 1298 2536 1446 2588; x_wconf 88' lang='lat' dir='ltr'><strong>tenentur.</strong></span> 
     </span>
     <span class='ocr_line' id='line_1_21' title="bbox 185 2636 1446 2711; baseline -0.002 -16"><span class='ocrx_word' id='word_1_183' title='bbox 185 2639 306 2710; x_wconf 72' lang='lat' dir='ltr'><strong>Quibus</strong></span> <span class='ocrx_word' id='word_1_184' title='bbox 321 2637 474 2710; x_wconf 89' lang='lat' dir='ltr'><strong>siquidem</strong></span> <span class='ocrx_word' id='word_1_185' title='bbox 486 2638 754 2711; x_wconf 89' lang='lat' dir='ltr'><strong>proposicionibus</strong></span> <span class='ocrx_word' id='word_1_186' title='bbox 771 2644 799 2694; x_wconf 88' lang='lat' dir='ltr'><strong>et</strong></span> <span class='ocrx_word' id='word_1_187' title='bbox 816 2637 1060 2710; x_wconf 81' lang='lat' dir='ltr'><strong>allegacionibus</strong></span> <span class='ocrx_word' id='word_1_188' title='bbox 1073 2638 1214 2711; x_wconf 89' lang='lat' dir='ltr'><strong>parcium</strong></span> <span class='ocrx_word' id='word_1_189' title='bbox 1228 2636 1446 2710; x_wconf 85' lang='lat' dir='ltr'><strong>predictarum,</strong></span> 
     </span>
     <span class='ocr_line' id='line_1_22' title="bbox 185 2742 1447 2815; baseline -0.002 -14"><span class='ocrx_word' id='word_1_190' title='bbox 185 2760 290 2802; x_wconf 80' lang='lat' dir='ltr'><strong>curam</strong></span> <span class='ocrx_word' id='word_1_191' title='bbox 314 2744 404 2801; x_wconf 92' lang='lat' dir='ltr'><strong>nobis</strong></span> <span class='ocrx_word' id='word_1_192' title='bbox 429 2744 632 2815; x_wconf 90' lang='lat' dir='ltr'><strong>personaliter</strong></span> <span class='ocrx_word' id='word_1_193' title='bbox 655 2743 834 2813; x_wconf 89' lang='lat' dir='ltr'><strong>astancium,</strong></span> <span class='ocrx_word' id='word_1_194' title='bbox 858 2743 971 2802; x_wconf 90' lang='lat' dir='ltr'><strong>auditis</strong></span> <span class='ocrx_word' id='word_1_195' title='bbox 994 2750 1024 2801; x_wconf 93' lang='lat' dir='ltr'><strong>et</strong></span> <span class='ocrx_word' id='word_1_196' title='bbox 1047 2743 1220 2814; x_wconf 88' lang='lat' dir='ltr'><strong>intellectis,</strong></span> <span class='ocrx_word' id='word_1_197' title='bbox 1243 2758 1316 2800; x_wconf 90' lang='lat' dir='ltr'><strong>cum</strong></span> <span class='ocrx_word' id='word_1_198' title='bbox 1330 2742 1447 2800; x_wconf 88' lang='lat' dir='ltr'><strong>eisdem</strong></span> 
     </span>
     <span class='ocr_line' id='line_1_23' title="bbox 184 2849 1446 2923; baseline -0.002 -16"><span class='ocrx_word' id='word_1_199' title='bbox 184 2851 296 2908; x_wconf 90' lang='lat' dir='ltr'><strong>nostris</strong></span> <span class='ocrx_word' id='word_1_200' title='bbox 320 2850 525 2907; x_wconf 91' lang='lat' dir='ltr'><strong>assessoribus</strong></span> <span class='ocrx_word' id='word_1_201' title='bbox 549 2858 579 2906; x_wconf 89' lang='lat' dir='ltr'><strong>et</strong></span> <span class='ocrx_word' id='word_1_202' title='bbox 595 2850 778 2923; x_wconf 89' lang='lat' dir='ltr'><strong>iurisperitis</strong></span> <span class='ocrx_word' id='word_1_203' title='bbox 801 2851 963 2908; x_wconf 89' lang='lat' dir='ltr'><strong>nobiscum</strong></span> <span class='ocrx_word' id='word_1_204' title='bbox 989 2851 1019 2906; x_wconf 91' lang='lat' dir='ltr'><strong>in</strong></span> <span class='ocrx_word' id='word_1_205' title='bbox 1053 2849 1167 2907; x_wconf 89' lang='lat' dir='ltr'><strong>iudicio</strong></span> <span class='ocrx_word' id='word_1_206' title='bbox 1201 2849 1446 2918; x_wconf 86' lang='lat' dir='ltr'><strong>consedentibus,</strong></span> 
     </span>
     <span class='ocr_line' id='line_1_24' title="bbox 184 2955 1446 3028; baseline -0.002 -15"><span class='ocrx_word' id='word_1_207' title='bbox 184 2955 276 3013; x_wconf 91' lang='lat' dir='ltr'><strong>deum</strong></span> <span class='ocrx_word' id='word_1_208' title='bbox 300 2962 329 3012; x_wconf 91' lang='lat' dir='ltr'><strong>et</strong></span> <span class='ocrx_word' id='word_1_209' title='bbox 352 2956 418 3012; x_wconf 91' lang='lat' dir='ltr'><strong>eius</strong></span> <span class='ocrx_word' id='word_1_210' title='bbox 440 2956 594 3013; x_wconf 84' lang='lat' dir='ltr'><strong>iusticiam</strong></span> <span class='ocrx_word' id='word_1_211' title='bbox 617 2972 673 3028; x_wconf 88' lang='lat' dir='ltr'><strong>pre</strong></span> <span class='ocrx_word' id='word_1_212' title='bbox 697 2956 795 3013; x_wconf 90' lang='lat' dir='ltr'><strong>oculis</strong></span> <span class='ocrx_word' id='word_1_213' title='bbox 826 2956 974 3013; x_wconf 90' lang='lat' dir='ltr'><strong>habentes</strong></span> <span class='ocrx_word' id='word_1_214' title='bbox 1009 2955 1048 3013; x_wconf 92' lang='lat' dir='ltr'><strong>de</strong></span> <span class='ocrx_word' id='word_1_215' title='bbox 1084 2970 1233 3012; x_wconf 88' lang='lat' dir='ltr'><strong>consensu</strong></span> <span class='ocrx_word' id='word_1_216' title='bbox 1268 2960 1299 3013; x_wconf 89' lang='lat' dir='ltr'><strong>et</strong></span> <span class='ocrx_word' id='word_1_217' title='bbox 1322 2969 1446 3013; x_wconf 90' lang='lat' dir='ltr'><strong>assensu</strong></span> 
     </span>
     <span class='ocr_line' id='line_1_25' title="bbox 184 3059 1446 3135; baseline -0.002 -15"><span class='ocrx_word' id='word_1_218' title='bbox 184 3061 364 3120; x_wconf 90' lang='lat' dir='ltr'><strong>eorumdem</strong></span> <span class='ocrx_word' id='word_1_219' title='bbox 401 3067 579 3119; x_wconf 91' lang='lat' dir='ltr'><strong>nostrorum</strong></span> <span class='ocrx_word' id='word_1_220' title='bbox 603 3076 793 3119; x_wconf 89' lang='lat' dir='ltr'><strong>assessorum</strong></span> <span class='ocrx_word' id='word_1_221' title='bbox 817 3067 847 3119; x_wconf 89' lang='lat' dir='ltr'><strong>et</strong></span> <span class='ocrx_word' id='word_1_222' title='bbox 881 3062 1132 3135; x_wconf 87' lang='lat' dir='ltr'><strong>iurisperitorum</strong></span> <span class='ocrx_word' id='word_1_223' title='bbox 1167 3061 1308 3132; x_wconf 91' lang='lat' dir='ltr'><strong>consilio,</strong></span> <span class='ocrx_word' id='word_1_224' title='bbox 1332 3059 1446 3119; x_wconf 89' lang='lat' dir='ltr'><strong>Christi</strong></span> 
     </span>
     <span class='ocr_line' id='line_1_26' title="bbox 182 3166 1447 3242; baseline -0.001 -17"><span class='ocrx_word' id='word_1_225' title='bbox 182 3169 307 3225; x_wconf 90' lang='lat' dir='ltr'><strong>nomine</strong></span> <span class='ocrx_word' id='word_1_226' title='bbox 331 3168 481 3236; x_wconf 85' lang='lat' dir='ltr'><strong>invocate,</strong></span> <span class='ocrx_word' id='word_1_227' title='bbox 506 3166 734 3225; x_wconf 88' lang='lat' dir='ltr'><strong>considerantes</strong></span> <span class='ocrx_word' id='word_1_228' title='bbox 756 3169 977 3226; x_wconf 89' lang='lat' dir='ltr'><strong>nichilominus</strong></span> <span class='ocrx_word' id='word_1_229' title='bbox 995 3168 1207 3242; x_wconf 89' lang='lat' dir='ltr'><strong>predictarum</strong></span> <span class='ocrx_word' id='word_1_230' title='bbox 1220 3169 1447 3225; x_wconf 83' lang='lat' dir='ltr'><strong>sentenciamm</strong></span> 
     </span>
     <span class='ocr_line' id='line_1_27' title="bbox 182 3273 1446 3348; baseline 0 -17"><span class='ocrx_word' id='word_1_231' title='bbox 182 3275 323 3346; x_wconf 85' lang='lat' dir='ltr'><strong>vigorem</strong></span> <span class='ocrx_word' id='word_1_232' title='bbox 359 3279 389 3332; x_wconf 93' lang='lat' dir='ltr'><strong>et</strong></span> <span class='ocrx_word' id='word_1_233' title='bbox 411 3275 547 3330; x_wconf 88' lang='lat' dir='ltr'><strong>annotati</strong></span> <span class='ocrx_word' id='word_1_234' title='bbox 582 3273 715 3331; x_wconf 90' lang='lat' dir='ltr'><strong>condam</strong></span> <span class='ocrx_word' id='word_1_235' title='bbox 750 3273 867 3332; x_wconf 91' lang='lat' dir='ltr'><strong>domini</strong></span> <span class='ocrx_word' id='word_1_236' title='bbox 901 3274 1075 3332; x_wconf 88' lang='lat' dir='ltr'><strong>Eberhardi</strong></span> <span class='ocrx_word' id='word_1_237' title='bbox 1109 3275 1248 3348; x_wconf 90' lang='lat' dir='ltr'><strong>episcopi</strong></span> <span class='ocrx_word' id='word_1_238' title='bbox 1282 3273 1446 3332; x_wconf 87' lang='lat' dir='ltr'><strong>confirma·</strong></span> 
     </span>
     <span class='ocr_line' id='line_1_28' title="bbox 183 3380 1443 3453; baseline 0.001 -16"><span class='ocrx_word' id='word_1_239' title='bbox 183 3382 311 3447; x_wconf 84' lang='lat' dir='ltr'><strong>cionem,</strong></span> <span class='ocrx_word' id='word_1_240' title='bbox 344 3381 515 3452; x_wconf 89' lang='lat' dir='ltr'><strong>premetitis</strong></span> <span class='ocrx_word' id='word_1_241' title='bbox 549 3380 771 3437; x_wconf 91' lang='lat' dir='ltr'><strong>nichilominus</strong></span> <span class='ocrx_word' id='word_1_242' title='bbox 806 3380 952 3438; x_wconf 90' lang='lat' dir='ltr'><strong>divorum</strong></span> <span class='ocrx_word' id='word_1_243' title='bbox 987 3396 1096 3453; x_wconf 85' lang='lat' dir='ltr'><strong>regum</strong></span> <span class='ocrx_word' id='word_1_244' title='bbox 1127 3381 1218 3438; x_wconf 93' lang='lat' dir='ltr'><strong>huius</strong></span> <span class='ocrx_word' id='word_1_245' title='bbox 1253 3380 1332 3438; x_wconf 89' lang='lat' dir='ltr'><strong>almi</strong></span> <span class='ocrx_word' id='word_1_246' title='bbox 1355 3380 1443 3453; x_wconf 84' lang='lat' dir='ltr'><strong>regni</strong></span> 
     </span>
     <span class='ocr_line' id='line_1_29' title="bbox 182 3485 1444 3559; baseline -0.001 -15"><span class='ocrx_word' id='word_1_247' title='bbox 182 3485 341 3557; x_wconf 86' lang='lat' dir='ltr'><strong>ilungarie</strong></span> <span class='ocrx_word' id='word_1_248' title='bbox 375 3486 581 3556; x_wconf 84' lang='lat' dir='ltr'><strong>libertatibus,</strong></span> <span class='ocrx_word' id='word_1_249' title='bbox 617 3502 736 3543; x_wconf 90' lang='lat' dir='ltr'><strong>necnon</strong></span> <span class='ocrx_word' id='word_1_250' title='bbox 775 3486 987 3544; x_wconf 90' lang='lat' dir='ltr'><strong>laudabilibus</strong></span> <span class='ocrx_word' id='word_1_251' title='bbox 1022 3485 1305 3557; x_wconf 83' lang='lat' dir='ltr'><strong>consuetudinibus,</strong></span> <span class='ocrx_word' id='word_1_252' title='bbox 1331 3487 1444 3559; x_wconf 90' lang='lat' dir='ltr'><strong>quibus</strong></span> 
     </span>
     <span class='ocr_line' id='line_1_30' title="bbox 182 3592 1447 3666; baseline 0 -17"><span class='ocrx_word' id='word_1_253' title='bbox 182 3594 286 3665; x_wconf 89' lang='lat' dir='ltr'><strong>ipsum</strong></span> <span class='ocrx_word' id='word_1_254' title='bbox 311 3606 440 3662; x_wconf 81' lang='lat' dir='ltr'><strong>regnum</strong></span> <span class='ocrx_word' id='word_1_255' title='bbox 465 3606 482 3646; x_wconf 87' lang='lat' dir='ltr'><strong>a</strong></span> <span class='ocrx_word' id='word_1_256' title='bbox 507 3592 693 3650; x_wconf 88' lang='lat' dir='ltr'><strong>beatissimis</strong></span> <span class='ocrx_word' id='word_1_257' title='bbox 717 3592 797 3650; x_wconf 90' lang='lat' dir='ltr'><strong>sedis</strong></span> <span class='ocrx_word' id='word_1_258' title='bbox 821 3593 992 3666; x_wconf 91' lang='lat' dir='ltr'><strong>apostolice</strong></span> <span class='ocrx_word' id='word_1_259' title='bbox 1016 3592 1216 3666; x_wconf 88' lang='lat' dir='ltr'><strong>pontificibus</strong></span> <span class='ocrx_word' id='word_1_260' title='bbox 1233 3592 1338 3650; x_wconf 85' lang='lat' dir='ltr'><strong>existit</strong></span> <span class='ocrx_word' id='word_1_261' title='bbox 1353 3592 1447 3651; x_wconf 91' lang='lat' dir='ltr'><strong>liber·</strong></span> 
     </span>
     <span class='ocr_line' id='line_1_31' title="bbox 183 3694 1446 3773; baseline 0.002 -19"><span class='ocrx_word' id='word_1_262' title='bbox 183 3704 281 3754; x_wconf 86' lang='lat' dir='ltr'><strong>tatum</strong></span> <span class='ocrx_word' id='word_1_263' title='bbox 305 3703 335 3752; x_wconf 91' lang='lat' dir='ltr'><strong>et</strong></span> <span class='ocrx_word' id='word_1_264' title='bbox 358 3711 375 3751; x_wconf 92' lang='lat' dir='ltr'><strong>a</strong></span> <span class='ocrx_word' id='word_1_265' title='bbox 399 3694 612 3754; x_wconf 89' lang='lat' dir='ltr'><strong>iurisdiccione</strong></span> <span class='ocrx_word' id='word_1_266' title='bbox 638 3699 799 3755; x_wconf 91' lang='lat' dir='ltr'><strong>bullarum</strong></span> <span class='ocrx_word' id='word_1_267' title='bbox 835 3704 1032 3772; x_wconf 82' lang='lat' dir='ltr'><strong>exemptum;</strong></span> <span class='ocrx_word' id='word_1_268' title='bbox 1067 3705 1184 3756; x_wconf 90' lang='lat' dir='ltr'><strong>attento</strong></span> <span class='ocrx_word' id='word_1_269' title='bbox 1218 3699 1328 3770; x_wconf 89' lang='lat' dir='ltr'><strong>eciam,</strong></span> <span class='ocrx_word' id='word_1_270' title='bbox 1363 3697 1446 3773; x_wconf 91' lang='lat' dir='ltr'><strong>quod</strong></span> 
     </span>
     <span class='ocr_line' id='line_1_32' title="bbox 182 3800 1444 3876; baseline 0.003 -18"><span class='ocrx_word' id='word_1_271' title='bbox 182 3800 320 3875; x_wconf 87' lang='lat' dir='ltr'><strong>prelatus</strong></span> <span class='ocrx_word' id='word_1_272' title='bbox 343 3800 486 3857; x_wconf 91' lang='lat' dir='ltr'><strong>dominus</strong></span> <span class='ocrx_word' id='word_1_273' title='bbox 509 3801 640 3859; x_wconf 80' lang='lat' dir='ltr'><strong>Mathias</strong></span> <span class='ocrx_word' id='word_1_274' title='bbox 664 3806 761 3862; x_wconf 89' lang='lat' dir='ltr'><strong>abbas</strong></span> <span class='ocrx_word' id='word_1_275' title='bbox 785 3820 802 3861; x_wconf 90' lang='lat' dir='ltr'><strong>a</strong></span> <span class='ocrx_word' id='word_1_276' title='bbox 826 3805 987 3863; x_wconf 86' lang='lat' dir='ltr'><strong>sentenciis</strong></span> <span class='ocrx_word' id='word_1_277' title='bbox 1010 3811 1040 3861; x_wconf 91' lang='lat' dir='ltr'><strong>et</strong></span> <span class='ocrx_word' id='word_1_278' title='bbox 1063 3820 1172 3862; x_wconf 91' lang='lat' dir='ltr'><strong>earum</strong></span> <span class='ocrx_word' id='word_1_279' title='bbox 1206 3805 1444 3876; x_wconf 84' lang='lat' dir='ltr'><strong>gravaminibus</strong></span> 
     </span>
     <span class='ocr_line' id='line_1_33' title="bbox 182 3905 1447 3984; baseline 0.005 -21"><span class='ocrx_word' id='word_1_280' title='bbox 182 3924 237 3980; x_wconf 91' lang='lat' dir='ltr'><strong>per</strong></span> <span class='ocrx_word' id='word_1_281' title='bbox 259 3905 416 3980; x_wconf 87' lang='lat' dir='ltr'><strong>prefatum</strong></span> <span class='ocrx_word' id='word_1_282' title='bbox 439 3906 599 3965; x_wconf 89' lang='lat' dir='ltr'><strong>dominum</strong></span> <span class='ocrx_word' id='word_1_283' title='bbox 616 3909 807 3983; x_wconf 88' lang='lat' dir='ltr'><strong>Stephanum</strong></span> <span class='ocrx_word' id='word_1_284' title='bbox 823 3912 1073 3969; x_wconf 89' lang='lat' dir='ltr'><strong>archidiaconum</strong></span> <span class='ocrx_word' id='word_1_285' title='bbox 1090 3910 1311 3984; x_wconf 90' lang='lat' dir='ltr'><strong>cathedralem,</strong></span> <span class='ocrx_word' id='word_1_286' title='bbox 1328 3911 1447 3969; x_wconf 91' lang='lat' dir='ltr'><strong>locum-</strong></span> 
     </span>
     <span class='ocr_line' id='line_1_34' title="bbox 183 4013 1443 4092; baseline 0.005 -21"><span class='ocrx_word' id='word_1_287' title='bbox 183 4020 336 4071; x_wconf 87' lang='lat' dir='ltr'><strong>tenentem</strong></span> <span class='ocrx_word' id='word_1_288' title='bbox 360 4015 496 4070; x_wconf 89' lang='lat' dir='ltr'><strong>annotati</strong></span> <span class='ocrx_word' id='word_1_289' title='bbox 520 4013 638 4073; x_wconf 90' lang='lat' dir='ltr'><strong>domini</strong></span> <span class='ocrx_word' id='word_1_290' title='bbox 655 4017 806 4074; x_wconf 90' lang='lat' dir='ltr'><strong>Leonardi</strong></span> <span class='ocrx_word' id='word_1_291' title='bbox 832 4018 937 4074; x_wconf 89' lang='lat' dir='ltr'><strong>vicarii</strong></span> <span class='ocrx_word' id='word_1_292' title='bbox 953 4019 1051 4076; x_wconf 89' lang='lat' dir='ltr'><strong>nostri</strong></span> <span class='ocrx_word' id='word_1_293' title='bbox 1070 4019 1100 4075; x_wconf 92' lang='lat' dir='ltr'><strong>in</strong></span> <span class='ocrx_word' id='word_1_294' title='bbox 1117 4017 1337 4090; x_wconf 89' lang='lat' dir='ltr'><strong>spiritualibus</strong></span> <span class='ocrx_word' id='word_1_295' title='bbox 1354 4034 1443 4092; x_wconf 87' lang='lat' dir='ltr'><strong>gene-</strong></span> 
     </span>
     <span class='ocr_line' id='line_1_35' title="bbox 182 4119 1443 4196; baseline 0.002 -19"><span class='ocrx_word' id='word_1_296' title='bbox 182 4120 266 4189; x_wconf 86' lang='lat' dir='ltr'><strong>ralis,</strong></span> <span class='ocrx_word' id='word_1_297' title='bbox 283 4119 403 4176; x_wconf 93' lang='lat' dir='ltr'><strong>nullam</strong></span> <span class='ocrx_word' id='word_1_298' title='bbox 435 4119 505 4177; x_wconf 84' lang='lat' dir='ltr'><strong>fecit</strong></span> <span class='ocrx_word' id='word_1_299' title='bbox 529 4122 787 4194; x_wconf 88' lang='lat' dir='ltr'><strong>appellacionem,</strong></span> <span class='ocrx_word' id='word_1_300' title='bbox 823 4125 952 4196; x_wconf 89' lang='lat' dir='ltr'><strong>ipsaque</strong></span> <span class='ocrx_word' id='word_1_301' title='bbox 987 4139 1078 4181; x_wconf 91' lang='lat' dir='ltr'><strong>causa</strong></span> <span class='ocrx_word' id='word_1_302' title='bbox 1108 4139 1179 4180; x_wconf 92' lang='lat' dir='ltr'><strong>eum</strong></span> <span class='ocrx_word' id='word_1_303' title='bbox 1205 4125 1357 4182; x_wconf 84' lang='lat' dir='ltr'><strong>universis</strong></span> <span class='ocrx_word' id='word_1_304' title='bbox 1381 4125 1443 4181; x_wconf 90' lang='lat' dir='ltr'><strong>suis</strong></span> 
     </span>
     <span class='ocr_line' id='line_1_36' title="bbox 182 4224 1441 4300; baseline 0.004 -19"><span class='ocrx_word' id='word_1_305' title='bbox 182 4224 397 4299; x_wconf 87' lang='lat' dir='ltr'><strong>dependenciis</strong></span> <span class='ocrx_word' id='word_1_306' title='bbox 421 4234 451 4283; x_wconf 89' lang='lat' dir='ltr'><strong>et</strong></span> <span class='ocrx_word' id='word_1_307' title='bbox 474 4228 674 4300; x_wconf 84' lang='lat' dir='ltr'><strong>emergenciis</strong></span> <span class='ocrx_word' id='word_1_308' title='bbox 694 4229 724 4285; x_wconf 93' lang='lat' dir='ltr'><strong>in</strong></span> <span class='ocrx_word' id='word_1_309' title='bbox 749 4245 814 4285; x_wconf 90' lang='lat' dir='ltr'><strong>rem</strong></span> <span class='ocrx_word' id='word_1_310' title='bbox 840 4231 959 4287; x_wconf 88' lang='lat' dir='ltr'><strong>transiit</strong></span> <span class='ocrx_word' id='word_1_311' title='bbox 982 4229 1151 4287; x_wconf 89' lang='lat' dir='ltr'><strong>iudicatam</strong></span> <span class='ocrx_word' id='word_1_312' title='bbox 1172 4236 1201 4287; x_wconf 90' lang='lat' dir='ltr'><strong>et</strong></span> <span class='ocrx_word' id='word_1_313' title='bbox 1224 4229 1290 4287; x_wconf 89' lang='lat' dir='ltr'><strong>vim</strong></span> <span class='ocrx_word' id='word_1_314' title='bbox 1323 4231 1441 4288; x_wconf 91' lang='lat' dir='ltr'><strong>obtinet</strong></span> 
     </span>
     <span class='ocr_line' id='line_1_37' title="bbox 181 4332 1439 4406; baseline 0.005 -18"><span class='ocrx_word' id='word_1_315' title='bbox 181 4332 353 4401; x_wconf 85' lang='lat' dir='ltr'><strong>firmitatis;</strong></span> <span class='ocrx_word' id='word_1_316' title='bbox 378 4334 565 4406; x_wconf 74' lang='lat' dir='ltr'><strong>prescriptae</strong></span> <span class='ocrx_word' id='word_1_317' title='bbox 589 4350 695 4391; x_wconf 88' lang='lat' dir='ltr'><strong>omnes</strong></span> <span class='ocrx_word' id='word_1_318' title='bbox 719 4337 887 4393; x_wconf 87' lang='lat' dir='ltr'><strong>sentencias</strong></span> <span class='ocrx_word' id='word_1_319' title='bbox 926 4337 1107 4394; x_wconf 89' lang='lat' dir='ltr'><strong>auctoritate</strong></span> <span class='ocrx_word' id='word_1_320' title='bbox 1142 4342 1247 4393; x_wconf 86' lang='lat' dir='ltr'><strong>nostra</strong></span> <span class='ocrx_word' id='word_1_321' title='bbox 1283 4336 1439 4394; x_wconf 89' lang='lat' dir='ltr'><strong>ordinaria</strong></span> 
     </span>
     <span class='ocr_line' id='line_1_38' title="bbox 181 4440 1446 4517; baseline 0.002 -21"><span class='ocrx_word' id='word_1_322' title='bbox 181 4440 409 4511; x_wconf 84' lang='lat' dir='ltr'><strong>confirmamus,</strong></span> <span class='ocrx_word' id='word_1_323' title='bbox 432 4442 619 4498; x_wconf 84' lang='lat' dir='ltr'><strong>roboramus</strong></span> <span class='ocrx_word' id='word_1_324' title='bbox 642 4448 671 4498; x_wconf 93' lang='lat' dir='ltr'><strong>et</strong></span> <span class='ocrx_word' id='word_1_325' title='bbox 694 4441 882 4499; x_wconf 83' lang='lat' dir='ltr'><strong>ratificamus</strong></span> <span class='ocrx_word' id='word_1_326' title='bbox 906 4458 941 4500; x_wconf 89' lang='lat' dir='ltr'><strong>ac</strong></span> <span class='ocrx_word' id='word_1_327' title='bbox 965 4444 1150 4516; x_wconf 89' lang='lat' dir='ltr'><strong>premissam</strong></span> <span class='ocrx_word' id='word_1_328' title='bbox 1174 4443 1355 4500; x_wconf 88' lang='lat' dir='ltr'><strong>canonicam</strong></span> <span class='ocrx_word' id='word_1_329' title='bbox 1372 4457 1446 4517; x_wconf 92' lang='lat' dir='ltr'><strong>por·</strong></span> 
     </span>
     <span class='ocr_line' id='line_1_39' title="bbox 181 4546 1443 4620; baseline 0.002 -18"><span class='ocrx_word' id='word_1_330' title='bbox 181 4546 299 4603; x_wconf 91' lang='lat' dir='ltr'><strong>cionem</strong></span> <span class='ocrx_word' id='word_1_331' title='bbox 323 4563 376 4604; x_wconf 91' lang='lat' dir='ltr'><strong>seu</strong></span> <span class='ocrx_word' id='word_1_332' title='bbox 408 4556 550 4620; x_wconf 89' lang='lat' dir='ltr'><strong>quartam</strong></span> <span class='ocrx_word' id='word_1_333' title='bbox 576 4548 613 4604; x_wconf 92' lang='lat' dir='ltr'><strong>de</strong></span> <span class='ocrx_word' id='word_1_334' title='bbox 637 4549 789 4606; x_wconf 86' lang='lat' dir='ltr'><strong>universis</strong></span> <span class='ocrx_word' id='word_1_335' title='bbox 812 4549 905 4606; x_wconf 89' lang='lat' dir='ltr'><strong>rebus</strong></span> <span class='ocrx_word' id='word_1_336' title='bbox 929 4556 959 4606; x_wconf 90' lang='lat' dir='ltr'><strong>et</strong></span> <span class='ocrx_word' id='word_1_337' title='bbox 982 4549 1072 4607; x_wconf 92' lang='lat' dir='ltr'><strong>bonis</strong></span> <span class='ocrx_word' id='word_1_338' title='bbox 1095 4550 1218 4607; x_wconf 85' lang='lat' dir='ltr'><strong>racione</strong></span> <span class='ocrx_word' id='word_1_339' title='bbox 1254 4548 1443 4607; x_wconf 83' lang='lat' dir='ltr'><strong>funeralium</strong></span> 
     </span>
     <span class='ocr_line' id='line_1_40' title="bbox 181 4653 1440 4728; baseline 0.004 -20"><span class='ocrx_word' id='word_1_340' title='bbox 181 4658 210 4708; x_wconf 91' lang='lat' dir='ltr'><strong>et</strong></span> <span class='ocrx_word' id='word_1_341' title='bbox 245 4658 508 4723; x_wconf 76' lang='lat' dir='ltr'><strong>testamentorum,</strong></span> <span class='ocrx_word' id='word_1_342' title='bbox 544 4660 577 4711; x_wconf 93' lang='lat' dir='ltr'><strong>ut</strong></span> <span class='ocrx_word' id='word_1_343' title='bbox 612 4653 777 4728; x_wconf 85' lang='lat' dir='ltr'><strong>prefertur,</strong></span> <span class='ocrx_word' id='word_1_344' title='bbox 814 4660 1049 4728; x_wconf 89' lang='lat' dir='ltr'><strong>ceterarumque</strong></span> <span class='ocrx_word' id='word_1_345' title='bbox 1083 4670 1189 4713; x_wconf 85' lang='lat' dir='ltr'><strong>rerum</strong></span> <span class='ocrx_word' id='word_1_346' title='bbox 1224 4660 1255 4713; x_wconf 90' lang='lat' dir='ltr'><strong>et</strong></span> <span class='ocrx_word' id='word_1_347' title='bbox 1287 4656 1440 4713; x_wconf 88' lang='lat' dir='ltr'><strong>bonorum</strong></span> 
     </span>
     <span class='ocr_line' id='line_1_41' title="bbox 181 4759 1441 4831; baseline 0.002 -16"><span class='ocrx_word' id='word_1_348' title='bbox 181 4759 341 4831; x_wconf 87' lang='lat' dir='ltr'><strong>utriusque</strong></span> <span class='ocrx_word' id='word_1_349' title='bbox 364 4775 454 4816; x_wconf 85' lang='lat' dir='ltr'><strong>sexus</strong></span> <span class='ocrx_word' id='word_1_350' title='bbox 478 4760 640 4816; x_wconf 86' lang='lat' dir='ltr'><strong>huminum</strong></span> <span class='ocrx_word' id='word_1_351' title='bbox 663 4761 702 4817; x_wconf 92' lang='lat' dir='ltr'><strong>ab</strong></span> <span class='ocrx_word' id='word_1_352' title='bbox 718 4762 776 4818; x_wconf 89' lang='lat' dir='ltr'><strong>hac</strong></span> <span class='ocrx_word' id='word_1_353' title='bbox 802 4762 870 4818; x_wconf 89' lang='lat' dir='ltr'><strong>luce</strong></span> <span class='ocrx_word' id='word_1_354' title='bbox 885 4762 915 4818; x_wconf 91' lang='lat' dir='ltr'><strong>in</strong></span> <span class='ocrx_word' id='word_1_355' title='bbox 932 4763 990 4819; x_wconf 91' lang='lat' dir='ltr'><strong>hac</strong></span> <span class='ocrx_word' id='word_1_356' title='bbox 1004 4762 1128 4819; x_wconf 88' lang='lat' dir='ltr'><strong>civitate</strong></span> <span class='ocrx_word' id='word_1_357' title='bbox 1145 4762 1259 4820; x_wconf 88' lang='lat' dir='ltr'><strong>montis</strong></span> <span class='ocrx_word' id='word_1_358' title='bbox 1278 4761 1441 4820; x_wconf 91' lang='lat' dir='ltr'><strong>Grecensis</strong></span> 
     </span>
     <span class='ocr_line' id='line_1_42' title="bbox 181 4863 1443 4939; baseline 0.003 -19"><span class='ocrx_word' id='word_1_359' title='bbox 181 4863 408 4938; x_wconf 86' lang='lat' dir='ltr'><strong>decedencium,</strong></span> <span class='ocrx_word' id='word_1_360' title='bbox 431 4864 552 4939; x_wconf 86' lang='lat' dir='ltr'><strong>prelato</strong></span> <span class='ocrx_word' id='word_1_361' title='bbox 575 4865 701 4923; x_wconf 87' lang='lat' dir='ltr'><strong>domino</strong></span> <span class='ocrx_word' id='word_1_362' title='bbox 718 4867 851 4924; x_wconf 82' lang='lat' dir='ltr'><strong>llathiae</strong></span> <span class='ocrx_word' id='word_1_363' title='bbox 867 4869 974 4925; x_wconf 90' lang='lat' dir='ltr'><strong>abbati</strong></span> <span class='ocrx_word' id='word_1_364' title='bbox 997 4868 1147 4927; x_wconf 86' lang='lat' dir='ltr'><strong>moderno</strong></span> <span class='ocrx_word' id='word_1_365' title='bbox 1170 4873 1200 4926; x_wconf 92' lang='lat' dir='ltr'><strong>et</strong></span> <span class='ocrx_word' id='word_1_366' title='bbox 1223 4866 1443 4926; x_wconf 82' lang='lat' dir='ltr'><strong>futurisabba·</strong></span> 
     </span>
    </p>
   </div>
   <div class='ocr_carea' id='block_1_2' title="bbox 0 0 1644 5348">
    <p class='ocr_par' dir='ltr' id='par_1_2' title="bbox 0 0 1644 5348">
     <span class='ocr_line' id='line_1_43' title="bbox 0 0 1644 5348; baseline 0 0"><span class='ocrx_word' id='word_1_367' title='bbox 0 0 1644 5348; x_wconf 95' lang='lat' dir='ltr'><strong> </strong></span> 
     </span>
    </p>
   </div>
  </div>
 </body>
</html>
