<?xml version="1.0" encoding="UTF-8"?>
<!DOCTYPE html PUBLIC "-//W3C//DTD XHTML 1.0 Transitional//EN"
    "http://www.w3.org/TR/xhtml1/DTD/xhtml1-transitional.dtd">
<html xmlns="http://www.w3.org/1999/xhtml" xml:lang="en" lang="en">
 <head>
  <title>
</title>
<meta http-equiv="Content-Type" content="text/html;charset=utf-8" />
  <meta name='ocr-system' content='tesseract 3.04.00' />
  <meta name='ocr-capabilities' content='ocr_page ocr_carea ocr_par ocr_line ocrx_word'/>
</head>
<body>
  <div class='ocr_page' id='page_1' title='image "./monumentahistor01laszgoog_0321.png"; bbox 0 0 3278 5348; ppageno 0'>
   <div class='ocr_carea' id='block_1_1' title="bbox 129 422 1397 1354">
    <p class='ocr_par' dir='ltr' id='par_1_1' title="bbox 129 422 1397 1354">
     <span class='ocr_line' id='line_1_1' title="bbox 549 422 1393 505; baseline -0.002 -19"><span class='ocrx_word' id='word_1_1' title='bbox 549 430 624 486; x_wconf 82' lang='lat' dir='ltr'><strong>Duc.</strong></span> <span class='ocrx_word' id='word_1_2' title='bbox 646 422 698 503; x_wconf 60' lang='lat'><strong>516.</strong></span> <span class='ocrx_word' id='word_1_3' title='bbox 722 459 765 468; x_wconf 93' lang='lat'>-</span> <span class='ocrx_word' id='word_1_4' title='bbox 789 428 843 485; x_wconf 80' lang='lat' dir='ltr'><strong>An.</strong></span> <span class='ocrx_word' id='word_1_5' title='bbox 869 425 960 505; x_wconf 68' lang='lat'><em>1426.</em></span> <span class='ocrx_word' id='word_1_6' title='bbox 1355 446 1393 500; x_wconf 80' lang='lat'><strong>55</strong></span> 
     </span>
     <span class='ocr_line' id='line_1_2' title="bbox 129 641 1396 717; baseline 0.001 -16"><span class='ocrx_word' id='word_1_7' title='bbox 129 645 237 716; x_wconf 88' lang='lat' dir='ltr'><strong>siones,</strong></span> <span class='ocrx_word' id='word_1_8' title='bbox 258 649 293 702; x_wconf 94' lang='lat' dir='ltr'><strong>ut</strong></span> <span class='ocrx_word' id='word_1_9' title='bbox 319 643 438 716; x_wconf 83' lang='lat' dir='ltr'><strong>possint</strong></span> <span class='ocrx_word' id='word_1_10' title='bbox 460 643 506 701; x_wconf 91' lang='lat' dir='ltr'><strong>uti</strong></span> <span class='ocrx_word' id='word_1_11' title='bbox 526 647 555 700; x_wconf 93' lang='lat' dir='ltr'><strong>et</strong></span> <span class='ocrx_word' id='word_1_12' title='bbox 578 647 777 701; x_wconf 89' lang='lat' dir='ltr'><strong>manutenere</strong></span> <span class='ocrx_word' id='word_1_13' title='bbox 800 641 955 715; x_wconf 91' lang='lat' dir='ltr'><strong>predictas</strong></span> <span class='ocrx_word' id='word_1_14' title='bbox 980 645 1188 717; x_wconf 88' lang='lat' dir='ltr'><strong>possessiones</strong></span> <span class='ocrx_word' id='word_1_15' title='bbox 1204 651 1233 702; x_wconf 93' lang='lat' dir='ltr'><strong>et</strong></span> <span class='ocrx_word' id='word_1_16' title='bbox 1248 650 1283 702; x_wconf 89' lang='lat' dir='ltr'><strong>ut</strong></span> <span class='ocrx_word' id='word_1_17' title='bbox 1305 659 1396 702; x_wconf 90' lang='lat' dir='ltr'><strong>nemo</strong></span> 
     </span>
     <span class='ocr_line' id='line_1_3' title="bbox 131 748 1397 824; baseline -0.001 -15"><span class='ocrx_word' id='word_1_18' title='bbox 131 751 227 824; x_wconf 88' lang='lat' dir='ltr'><strong>possit</strong></span> <span class='ocrx_word' id='word_1_19' title='bbox 250 765 303 807; x_wconf 91' lang='lat' dir='ltr'><strong>eos</strong></span> <span class='ocrx_word' id='word_1_20' title='bbox 328 750 359 808; x_wconf 92' lang='lat' dir='ltr'><strong>in</strong></span> <span class='ocrx_word' id='word_1_21' title='bbox 384 749 531 822; x_wconf 82' lang='lat' dir='ltr'><strong>predictis</strong></span> <span class='ocrx_word' id='word_1_22' title='bbox 555 749 717 823; x_wconf 89' lang='lat' dir='ltr'><strong>impedire,</strong></span> <span class='ocrx_word' id='word_1_23' title='bbox 741 748 795 806; x_wconf 90' lang='lat' dir='ltr'><strong>sed</strong></span> <span class='ocrx_word' id='word_1_24' title='bbox 818 748 996 807; x_wconf 86' lang='lat' dir='ltr'><strong>deffendere</strong></span> <span class='ocrx_word' id='word_1_25' title='bbox 1031 757 1061 807; x_wconf 92' lang='lat' dir='ltr'><strong>et</strong></span> <span class='ocrx_word' id='word_1_26' title='bbox 1095 757 1294 808; x_wconf 89' lang='lat' dir='ltr'><strong>manutenere</strong></span> <span class='ocrx_word' id='word_1_27' title='bbox 1318 757 1348 809; x_wconf 92' lang='lat' dir='ltr'><strong>et</strong></span> <span class='ocrx_word' id='word_1_28' title='bbox 1370 751 1397 808; x_wconf 90' lang='lat' dir='ltr'><strong>si</strong></span> 
     </span>
     <span class='ocr_line' id='line_1_4' title="bbox 130 839 1396 930; baseline 0 -16"><span class='ocrx_word' id='word_1_29' title='bbox 130 857 289 929; x_wconf 89' lang='lat' dir='ltr'><strong>quispiam</strong></span> <span class='ocrx_word' id='word_1_30' title='bbox 309 856 341 913; x_wconf 89' lang='lat' dir='ltr'><strong>in</strong></span> <span class='ocrx_word' id='word_1_31' title='bbox 365 870 510 930; x_wconf 90' lang='lat' dir='ltr'><strong>processu</strong></span> <span class='ocrx_word' id='word_1_32' title='bbox 535 839 714 928; x_wconf 80' lang='lat' dir='ltr'><strong>temporum</strong></span> <span class='ocrx_word' id='word_1_33' title='bbox 738 854 777 912; x_wconf 94' lang='lat' dir='ltr'><strong>ad</strong></span> <span class='ocrx_word' id='word_1_34' title='bbox 801 855 1041 927; x_wconf 89' lang='lat' dir='ltr'><strong>oecupacionem</strong></span> <span class='ocrx_word' id='word_1_35' title='bbox 1064 856 1205 929; x_wconf 90' lang='lat' dir='ltr'><strong>ipsarum</strong></span> <span class='ocrx_word' id='word_1_36' title='bbox 1228 856 1396 929; x_wconf 86' lang='lat' dir='ltr'><strong>possessio·</strong></span> 
     </span>
     <span class='ocr_line' id='line_1_5' title="bbox 130 961 1394 1036; baseline 0.001 -17"><span class='ocrx_word' id='word_1_37' title='bbox 130 978 204 1019; x_wconf 92' lang='lat' dir='ltr'><strong>num</strong></span> <span class='ocrx_word' id='word_1_38' title='bbox 228 978 261 1019; x_wconf 92' lang='lat' dir='ltr'><strong>se</strong></span> <span class='ocrx_word' id='word_1_39' title='bbox 284 961 511 1036; x_wconf 91' lang='lat' dir='ltr'><strong>impediturum</strong></span> <span class='ocrx_word' id='word_1_40' title='bbox 534 961 631 1018; x_wconf 92' lang='lat' dir='ltr'><strong>vellet</strong></span> <span class='ocrx_word' id='word_1_41' title='bbox 654 968 684 1019; x_wconf 89' lang='lat' dir='ltr'><strong>et</strong></span> <span class='ocrx_word' id='word_1_42' title='bbox 708 962 856 1019; x_wconf 85' lang='lat' dir='ltr'><strong>niteretur</strong></span> <span class='ocrx_word' id='word_1_43' title='bbox 879 975 939 1018; x_wconf 92' lang='lat' dir='ltr'><strong>non</strong></span> <span class='ocrx_word' id='word_1_44' title='bbox 963 963 1062 1035; x_wconf 89' lang='lat' dir='ltr'><strong>possit</strong></span> <span class='ocrx_word' id='word_1_45' title='bbox 1084 963 1208 1020; x_wconf 83' lang='lat' dir='ltr'><strong>interim</strong></span> <span class='ocrx_word' id='word_1_46' title='bbox 1233 977 1394 1035; x_wconf 88' lang='lat' dir='ltr'><strong>occupare,</strong></span> 
     </span>
     <span class='ocr_line' id='line_1_6' title="bbox 132 1065 1395 1149; baseline 0 -25"><span class='ocrx_word' id='word_1_47' title='bbox 132 1067 231 1125; x_wconf 91' lang='lat' dir='ltr'><strong>donec</strong></span> <span class='ocrx_word' id='word_1_48' title='bbox 254 1072 406 1125; x_wconf 89' lang='lat' dir='ltr'><strong>trecentos</strong></span> <span class='ocrx_word' id='word_1_49' title='bbox 429 1065 561 1124; x_wconf 85' lang='lat' dir='ltr'><strong>florenos</strong></span> <span class='ocrx_word' id='word_1_50' title='bbox 585 1081 645 1123; x_wconf 94' lang='lat' dir='ltr'><strong>non</strong></span> <span class='ocrx_word' id='word_1_51' title='bbox 668 1067 797 1124; x_wconf 92' lang='lat' dir='ltr'><strong>solverit</strong></span> <span class='ocrx_word' id='word_1_52' title='bbox 820 1066 988 1125; x_wconf 88' lang='lat' dir='ltr'><strong>heredibus</strong></span> <span class='ocrx_word' id='word_1_53' title='bbox 1010 1069 1116 1140; x_wconf 91' lang='lat' dir='ltr'><strong>ipsius,</strong></span> <span class='ocrx_word' id='word_1_54' title='bbox 1141 1083 1220 1140; x_wconf 92' lang='lat' dir='ltr'><strong>quos</strong></span> <span class='ocrx_word' id='word_1_55' title='bbox 1242 1068 1309 1141; x_wconf 91' lang='lat' dir='ltr'><strong>ipse</strong></span> <span class='ocrx_word' id='word_1_56' title='bbox 1343 1068 1395 1149; x_wconf 87' lang='lat' dir='ltr'><strong>Jo-</strong></span> 
     </span>
     <span class='ocr_line' id='line_1_7' title="bbox 132 1172 1395 1249; baseline -0.001 -18"><span class='ocrx_word' id='word_1_57' title='bbox 132 1190 223 1232; x_wconf 92' lang='lat' dir='ltr'><strong>annes</strong></span> <span class='ocrx_word' id='word_1_58' title='bbox 257 1175 401 1249; x_wconf 79' lang='lat' dir='ltr'><strong>exposuit</strong></span> <span class='ocrx_word' id='word_1_59' title='bbox 436 1174 467 1231; x_wconf 91' lang='lat' dir='ltr'><strong>in</strong></span> <span class='ocrx_word' id='word_1_60' title='bbox 497 1172 584 1231; x_wconf 92' lang='lat' dir='ltr'><strong>factis</strong></span> <span class='ocrx_word' id='word_1_61' title='bbox 619 1174 733 1231; x_wconf 91' lang='lat' dir='ltr'><strong>nostris</strong></span> <span class='ocrx_word' id='word_1_62' title='bbox 767 1179 797 1231; x_wconf 91' lang='lat' dir='ltr'><strong>et</strong></span> <span class='ocrx_word' id='word_1_63' title='bbox 831 1174 923 1231; x_wconf 89' lang='lat' dir='ltr'><strong>castri</strong></span> <span class='ocrx_word' id='word_1_64' title='bbox 958 1175 1056 1232; x_wconf 90' lang='lat' dir='ltr'><strong>nostri</strong></span> <span class='ocrx_word' id='word_1_65' title='bbox 1089 1172 1325 1232; x_wconf 81' lang='lat' dir='ltr'><strong>Medwedwara.</strong></span> <span class='ocrx_word' id='word_1_66' title='bbox 1360 1172 1395 1230; x_wconf 90' lang='lat' dir='ltr'><strong>In</strong></span> 
     </span>
     <span class='ocr_line' id='line_1_8' title="bbox 133 1278 1396 1354; baseline -0.002 -16"><span class='ocrx_word' id='word_1_67' title='bbox 133 1296 266 1353; x_wconf 90' lang='lat' dir='ltr'><strong>quorum</strong></span> <span class='ocrx_word' id='word_1_68' title='bbox 290 1279 386 1337; x_wconf 89' lang='lat' dir='ltr'><strong>fidem</strong></span> <span class='ocrx_word' id='word_1_69' title='bbox 409 1294 466 1337; x_wconf 91' lang='lat' dir='ltr'><strong>nos</strong></span> <span class='ocrx_word' id='word_1_70' title='bbox 489 1285 648 1354; x_wconf 89' lang='lat' dir='ltr'><strong>presentes</strong></span> <span class='ocrx_word' id='word_1_71' title='bbox 671 1278 814 1337; x_wconf 88' lang='lat' dir='ltr'><strong>dedimus</strong></span> <span class='ocrx_word' id='word_1_72' title='bbox 839 1280 957 1337; x_wconf 86' lang='lat' dir='ltr'><strong>litteras</strong></span> <span class='ocrx_word' id='word_1_73' title='bbox 981 1285 1102 1337; x_wconf 89' lang='lat' dir='ltr'><strong>nostras</strong></span> <span class='ocrx_word' id='word_1_74' title='bbox 1124 1279 1267 1338; x_wconf 91' lang='lat' dir='ltr'><strong>annulari</strong></span> <span class='ocrx_word' id='word_1_75' title='bbox 1291 1278 1396 1351; x_wconf 86' lang='lat' dir='ltr'><strong>sigillo</strong></span> 
     </span>
    </p>
   </div>
   <div class='ocr_carea' id='block_1_2' title="bbox 135 1384 1395 1550">
    <p class='ocr_par' dir='ltr' id='par_1_2' title="bbox 135 1384 1395 1550">
     <span class='ocr_line' id='line_1_9' title="bbox 135 1384 1395 1468; baseline -0.001 -25"><span class='ocrx_word' id='word_1_76' title='bbox 135 1394 238 1444; x_wconf 90' lang='lat' dir='ltr'><strong>nostro</strong></span> <span class='ocrx_word' id='word_1_77' title='bbox 261 1386 450 1458; x_wconf 86' lang='lat' dir='ltr'><strong>obsignatas.</strong></span> <span class='ocrx_word' id='word_1_78' title='bbox 473 1385 591 1443; x_wconf 91' lang='lat' dir='ltr'><strong>Datum</strong></span> <span class='ocrx_word' id='word_1_79' title='bbox 615 1386 645 1442; x_wconf 93' lang='lat' dir='ltr'><strong>in</strong></span> <span class='ocrx_word' id='word_1_80' title='bbox 668 1384 879 1443; x_wconf 86' lang='lat' dir='ltr'><strong>Medwedwar</strong></span> <span class='ocrx_word' id='word_1_81' title='bbox 901 1386 932 1442; x_wconf 90' lang='lat' dir='ltr'><strong>in</strong></span> <span class='ocrx_word' id='word_1_82' title='bbox 956 1384 1034 1443; x_wconf 92' lang='lat' dir='ltr'><strong>festo</strong></span> <span class='ocrx_word' id='word_1_83' title='bbox 1056 1386 1153 1443; x_wconf 89' lang='lat' dir='ltr'><strong>sancti</strong></span> <span class='ocrx_word' id='word_1_84' title='bbox 1174 1385 1302 1468; x_wconf 89' lang='lat' dir='ltr'><strong>Joannis</strong></span> <span class='ocrx_word' id='word_1_85' title='bbox 1319 1385 1395 1458; x_wconf 93' lang='lat' dir='ltr'><strong>bap·</strong></span> 
     </span>
     <span class='ocr_line' id='line_1_10' title="bbox 137 1490 740 1550; baseline -0.002 -1"><span class='ocrx_word' id='word_1_86' title='bbox 137 1493 211 1550; x_wconf 89' lang='lat' dir='ltr'><strong>tiste.</strong></span> <span class='ocrx_word' id='word_1_87' title='bbox 232 1494 323 1549; x_wconf 88' lang='lat' dir='ltr'><strong>Anno</strong></span> <span class='ocrx_word' id='word_1_88' title='bbox 347 1491 467 1550; x_wconf 87' lang='lat' dir='ltr'><strong>domini</strong></span> <span class='ocrx_word' id='word_1_89' title='bbox 489 1490 740 1549; x_wconf 87' lang='lat' dir='ltr'><strong>MCCCCXXVI.</strong></span> 
     </span>
    </p>
   </div>
   <div class='ocr_carea' id='block_1_3' title="bbox 137 1625 1395 1782">
    <p class='ocr_par' dir='ltr' id='par_1_3' title="bbox 137 1625 1395 1782">
     <span class='ocr_line' id='line_1_11' title="bbox 236 1625 1395 1693; baseline -0.003 -16"><span class='ocrx_word' id='word_1_90' title='bbox 236 1630 260 1677; x_wconf 91' lang='lat' dir='ltr'>E</span> <span class='ocrx_word' id='word_1_91' title='bbox 278 1629 440 1693; x_wconf 80' lang='lat' dir='ltr'><strong>transumpto</strong></span> <span class='ocrx_word' id='word_1_92' title='bbox 468 1626 575 1692; x_wconf 88' lang='lat' dir='ltr'><strong>capituli</strong></span> <span class='ocrx_word' id='word_1_93' title='bbox 603 1628 703 1691; x_wconf 84' lang='lat' dir='ltr'><strong>zagrab.</strong></span> <span class='ocrx_word' id='word_1_94' title='bbox 731 1643 799 1676; x_wconf 88' lang='lat' dir='ltr'><strong>anno</strong></span> <span class='ocrx_word' id='word_1_95' title='bbox 830 1639 904 1692; x_wconf 82' lang='lat'>1535.</span> <span class='ocrx_word' id='word_1_96' title='bbox 931 1628 1045 1676; x_wconf 87' lang='lat' dir='ltr'><strong>Litterae</strong></span> <span class='ocrx_word' id='word_1_97' title='bbox 1072 1627 1121 1676; x_wconf 86' lang='lat' dir='ltr'><strong>hae</strong></span> <span class='ocrx_word' id='word_1_98' title='bbox 1139 1625 1317 1675; x_wconf 81' lang='lat' dir='ltr'><strong>donationales</strong></span> <span class='ocrx_word' id='word_1_99' title='bbox 1344 1626 1395 1682; x_wconf 88' lang='lat' dir='ltr'><strong>„de</strong></span> 
     </span>
     <span class='ocr_line' id='line_1_12' title="bbox 137 1713 1393 1782; baseline -0.003 -16"><span class='ocrx_word' id='word_1_100' title='bbox 137 1716 280 1782; x_wconf 80' lang='lat' dir='ltr'><strong>glagolitico</strong></span> <span class='ocrx_word' id='word_1_101' title='bbox 298 1718 325 1766; x_wconf 89' lang='lat' dir='ltr'><strong>in</strong></span> <span class='ocrx_word' id='word_1_102' title='bbox 343 1715 452 1766; x_wconf 87' lang='lat' dir='ltr'><strong>latinum</strong></span> <span class='ocrx_word' id='word_1_103' title='bbox 470 1715 582 1768; x_wconf 85' lang='lat' dir='ltr'><strong>idioma“</strong></span> <span class='ocrx_word' id='word_1_104' title='bbox 603 1724 777 1781; x_wconf 86' lang='lat' dir='ltr'><strong>transumptae</strong></span> <span class='ocrx_word' id='word_1_105' title='bbox 796 1722 863 1766; x_wconf 83' lang='lat' dir='ltr'><strong>sunt.</strong></span> <span class='ocrx_word' id='word_1_106' title='bbox 883 1717 915 1764; x_wconf 91' lang='lat' dir='ltr'><strong>In</strong></span> <span class='ocrx_word' id='word_1_107' title='bbox 934 1715 1003 1767; x_wconf 89' lang='lat' dir='ltr'><strong>arch.</strong></span> <span class='ocrx_word' id='word_1_108' title='bbox 1023 1732 1092 1780; x_wconf 84' lang='lat' dir='ltr'><strong>regu.</strong></span> <span class='ocrx_word' id='word_1_109' title='bbox 1113 1715 1198 1765; x_wconf 89' lang='lat' dir='ltr'><strong>Croat.</strong></span> <span class='ocrx_word' id='word_1_110' title='bbox 1219 1714 1288 1764; x_wconf 81' lang='lat' dir='ltr'><strong>Slav.</strong></span> <span class='ocrx_word' id='word_1_111' title='bbox 1309 1713 1393 1762; x_wconf 89' lang='lat' dir='ltr'><strong>Dalm.</strong></span> 
     </span>
    </p>
   </div>
   <div class='ocr_carea' id='block_1_4' title="bbox 235 1946 798 2096">
    <p class='ocr_par' dir='ltr' id='par_1_4' title="bbox 235 1946 798 2096">
     <span class='ocr_line' id='line_1_13' title="bbox 732 1946 798 2011; baseline 0.015 -1"><span class='ocrx_word' id='word_1_112' title='bbox 732 1946 798 2011; x_wconf 88' lang='lat'><strong>46.</strong></span> 
     </span>
     <span class='ocr_line' id='line_1_14' title="bbox 235 2033 412 2096; baseline 0.011 -12"><span class='ocrx_word' id='word_1_113' title='bbox 235 2036 316 2084; x_wconf 78' lang='lat' dir='ltr'><strong>Anno</strong></span> <span class='ocrx_word' id='word_1_114' title='bbox 338 2033 412 2096; x_wconf 86' lang='lat'>1426.</span> 
     </span>
    </p>
   </div>
   <div class='ocr_carea' id='block_1_5' title="bbox 267 2158 1261 2239">
    <p class='ocr_par' dir='ltr' id='par_1_5' title="bbox 267 2158 1261 2239">
     <span class='ocr_line' id='line_1_15' title="bbox 267 2158 1261 2239; baseline -0.002 -21"><span class='ocrx_word' id='word_1_115' title='bbox 267 2158 402 2239; x_wconf 68' lang='lat' dir='ltr'><strong>Insitriae</strong></span> <span class='ocrx_word' id='word_1_116' title='bbox 424 2178 444 2216; x_wconf 85' lang='lat' dir='ltr'><strong>a</strong></span> <span class='ocrx_word' id='word_1_117' title='bbox 466 2161 592 2238; x_wconf 83' lang='lat' dir='ltr'><strong>capitulo</strong></span> <span class='ocrx_word' id='word_1_118' title='bbox 614 2159 722 2217; x_wconf 80' lang='lat' dir='ltr'><strong>civibus</strong></span> <span class='ocrx_word' id='word_1_119' title='bbox 744 2158 931 2217; x_wconf 80' lang='lat' dir='ltr'><strong>Grccensibus</strong></span> <span class='ocrx_word' id='word_1_120' title='bbox 954 2159 1064 2229; x_wconf 80' lang='lat' dir='ltr'><strong>illatae,</strong></span> <span class='ocrx_word' id='word_1_121' title='bbox 1086 2159 1261 2228; x_wconf 79' lang='lat' dir='ltr'><strong>reseruntur.</strong></span> 
     </span>
    </p>
   </div>
   <div class='ocr_carea' id='block_1_6' title="bbox 127 2322 1416 4951">
    <p class='ocr_par' dir='ltr' id='par_1_6' title="bbox 127 2322 1416 3779">
     <span class='ocr_line' id='line_1_16' title="bbox 235 2322 1395 2398; baseline 0 -15"><span class='ocrx_word' id='word_1_122' title='bbox 235 2326 321 2396; x_wconf 93' lang='lat' dir='ltr'><strong>ltem,</strong></span> <span class='ocrx_word' id='word_1_123' title='bbox 345 2326 449 2398; x_wconf 92' lang='lat' dir='ltr'><strong>primo</strong></span> <span class='ocrx_word' id='word_1_124' title='bbox 472 2323 511 2381; x_wconf 90' lang='lat' dir='ltr'><strong>de</strong></span> <span class='ocrx_word' id='word_1_125' title='bbox 534 2339 614 2382; x_wconf 88' lang='lat' dir='ltr'><strong>anno</strong></span> <span class='ocrx_word' id='word_1_126' title='bbox 645 2322 764 2381; x_wconf 91' lang='lat' dir='ltr'><strong>domini</strong></span> <span class='ocrx_word' id='word_1_127' title='bbox 798 2324 969 2381; x_wconf 88' lang='lat' dir='ltr'><strong>millesimo</strong></span> <span class='ocrx_word' id='word_1_128' title='bbox 1003 2322 1218 2381; x_wconf 86' lang='lat' dir='ltr'><strong>CCCCXXVI.</strong></span> <span class='ocrx_word' id='word_1_129' title='bbox 1253 2329 1395 2397; x_wconf 90' lang='lat' dir='ltr'><strong>tempore</strong></span> 
     </span>
     <span class='ocr_line' id='line_1_17' title="bbox 132 2427 1394 2506; baseline 0.001 -19"><span class='ocrx_word' id='word_1_130' title='bbox 132 2431 282 2491; x_wconf 89' lang='lat' dir='ltr'><strong>iudicatus</strong></span> <span class='ocrx_word' id='word_1_131' title='bbox 306 2432 366 2489; x_wconf 91' lang='lat' dir='ltr'><strong>viri</strong></span> <span class='ocrx_word' id='word_1_132' title='bbox 389 2429 514 2506; x_wconf 86' lang='lat' dir='ltr'><strong>providi</strong></span> <span class='ocrx_word' id='word_1_133' title='bbox 538 2437 567 2488; x_wconf 92' lang='lat' dir='ltr'><strong>et</strong></span> <span class='ocrx_word' id='word_1_134' title='bbox 590 2431 806 2503; x_wconf 91' lang='lat' dir='ltr'><strong>circumspecti</strong></span> <span class='ocrx_word' id='word_1_135' title='bbox 832 2430 987 2500; x_wconf 87' lang='lat' dir='ltr'><strong>Anthonii,</strong></span> <span class='ocrx_word' id='word_1_136' title='bbox 1002 2427 1115 2506; x_wconf 89' lang='lat' dir='ltr'><strong>judicis</strong></span> <span class='ocrx_word' id='word_1_137' title='bbox 1138 2430 1236 2503; x_wconf 90' lang='lat' dir='ltr'><strong>ipsius</strong></span> <span class='ocrx_word' id='word_1_138' title='bbox 1252 2431 1394 2502; x_wconf 88' lang='lat' dir='ltr'><strong>civitatis,</strong></span> 
     </span>
     <span class='ocr_line' id='line_1_18' title="bbox 130 2534 1395 2612; baseline 0 -17"><span class='ocrx_word' id='word_1_139' title='bbox 130 2539 189 2597; x_wconf 90' lang='lat' dir='ltr'><strong>filii</strong></span> <span class='ocrx_word' id='word_1_140' title='bbox 211 2536 363 2612; x_wconf 82' lang='lat' dir='ltr'><strong>Appardi,</strong></span> <span class='ocrx_word' id='word_1_141' title='bbox 387 2535 557 2609; x_wconf 84' lang='lat' dir='ltr'><strong>Gregorius</strong></span> <span class='ocrx_word' id='word_1_142' title='bbox 581 2536 673 2593; x_wconf 85' lang='lat' dir='ltr'><strong>iudex</strong></span> <span class='ocrx_word' id='word_1_143' title='bbox 703 2537 905 2610; x_wconf 88' lang='lat' dir='ltr'><strong>provincialis</strong></span> <span class='ocrx_word' id='word_1_144' title='bbox 935 2535 1090 2593; x_wconf 91' lang='lat' dir='ltr'><strong>dictorum</strong></span> <span class='ocrx_word' id='word_1_145' title='bbox 1126 2534 1325 2594; x_wconf 89' lang='lat' dir='ltr'><strong>dominorum</strong></span> <span class='ocrx_word' id='word_1_146' title='bbox 1356 2536 1395 2596; x_wconf 94' lang='lat' dir='ltr'><strong>de</strong></span> 
     </span>
     <span class='ocr_line' id='line_1_19' title="bbox 129 2642 1395 2720; baseline -0.002 -17"><span class='ocrx_word' id='word_1_147' title='bbox 129 2645 276 2720; x_wconf 86' lang='lat' dir='ltr'><strong>capitulo,</strong></span> <span class='ocrx_word' id='word_1_148' title='bbox 300 2659 338 2701; x_wconf 88' lang='lat' dir='ltr'><strong>ex</strong></span> <span class='ocrx_word' id='word_1_149' title='bbox 362 2643 565 2718; x_wconf 89' lang='lat' dir='ltr'><strong>permissione</strong></span> <span class='ocrx_word' id='word_1_150' title='bbox 588 2647 618 2699; x_wconf 88' lang='lat' dir='ltr'><strong>et</strong></span> <span class='ocrx_word' id='word_1_151' title='bbox 641 2657 789 2700; x_wconf 88' lang='lat' dir='ltr'><strong>consensu</strong></span> <span class='ocrx_word' id='word_1_152' title='bbox 815 2642 996 2700; x_wconf 89' lang='lat' dir='ltr'><strong>eorumdem</strong></span> <span class='ocrx_word' id='word_1_153' title='bbox 1019 2643 1125 2716; x_wconf 88' lang='lat' dir='ltr'><strong>plures</strong></span> <span class='ocrx_word' id='word_1_154' title='bbox 1149 2642 1290 2700; x_wconf 89' lang='lat' dir='ltr'><strong>homines</strong></span> <span class='ocrx_word' id='word_1_155' title='bbox 1319 2644 1395 2701; x_wconf 89' lang='lat' dir='ltr'><strong>utri-</strong></span> 
     </span>
     <span class='ocr_line' id='line_1_20' title="bbox 128 2748 1394 2825; baseline -0.002 -16"><span class='ocrx_word' id='word_1_156' title='bbox 128 2766 226 2825; x_wconf 89' lang='lat' dir='ltr'><strong>usque</strong></span> <span class='ocrx_word' id='word_1_157' title='bbox 250 2765 341 2809; x_wconf 83' lang='lat' dir='ltr'><strong>sexus</strong></span> <span class='ocrx_word' id='word_1_158' title='bbox 364 2750 394 2806; x_wconf 92' lang='lat' dir='ltr'><strong>in</strong></span> <span class='ocrx_word' id='word_1_159' title='bbox 419 2749 497 2807; x_wconf 90' lang='lat' dir='ltr'><strong>turri</strong></span> <span class='ocrx_word' id='word_1_160' title='bbox 521 2749 662 2821; x_wconf 91' lang='lat' dir='ltr'><strong>ipsorum</strong></span> <span class='ocrx_word' id='word_1_161' title='bbox 686 2751 717 2806; x_wconf 91' lang='lat' dir='ltr'><strong>in</strong></span> <span class='ocrx_word' id='word_1_162' title='bbox 740 2749 822 2807; x_wconf 88' lang='lat' dir='ltr'><strong>dicta</strong></span> <span class='ocrx_word' id='word_1_163' title='bbox 844 2749 968 2806; x_wconf 90' lang='lat' dir='ltr'><strong>civitate</strong></span> <span class='ocrx_word' id='word_1_164' title='bbox 991 2749 1107 2820; x_wconf 92' lang='lat' dir='ltr'><strong>habita,</strong></span> <span class='ocrx_word' id='word_1_165' title='bbox 1131 2749 1163 2806; x_wconf 91' lang='lat' dir='ltr'><strong>in</strong></span> <span class='ocrx_word' id='word_1_166' title='bbox 1179 2748 1394 2821; x_wconf 88' lang='lat' dir='ltr'><strong>preiudicium,</strong></span> 
     </span>
     <span class='ocr_line' id='line_1_21' title="bbox 128 2854 1393 2931; baseline -0.002 -17"><span class='ocrx_word' id='word_1_167' title='bbox 128 2855 467 2931; x_wconf 88' lang='lat' dir='ltr'><strong>villipendenciamque</strong></span> <span class='ocrx_word' id='word_1_168' title='bbox 492 2855 645 2913; x_wconf 89' lang='lat' dir='ltr'><strong>libertatis</strong></span> <span class='ocrx_word' id='word_1_169' title='bbox 667 2856 802 2912; x_wconf 87' lang='lat' dir='ltr'><strong>civitatis</strong></span> <span class='ocrx_word' id='word_1_170' title='bbox 826 2854 973 2929; x_wconf 89' lang='lat' dir='ltr'><strong>predicte,</strong></span> <span class='ocrx_word' id='word_1_171' title='bbox 997 2861 1147 2912; x_wconf 85' lang='lat' dir='ltr'><strong>nocturno</strong></span> <span class='ocrx_word' id='word_1_172' title='bbox 1170 2861 1312 2929; x_wconf 91' lang='lat' dir='ltr'><strong>tempore</strong></span> <span class='ocrx_word' id='word_1_173' title='bbox 1336 2856 1393 2912; x_wconf 91' lang='lat' dir='ltr'><strong>mi·</strong></span> 
     </span>
     <span class='ocr_line' id='line_1_22' title="bbox 127 2960 1393 3034; baseline -0.004 -13"><span class='ocrx_word' id='word_1_174' title='bbox 127 2964 305 3021; x_wconf 87' lang='lat' dir='ltr'><strong>serabiliter</strong></span> <span class='ocrx_word' id='word_1_175' title='bbox 340 2960 452 3020; x_wconf 88' lang='lat' dir='ltr'><strong>occidit</strong></span> <span class='ocrx_word' id='word_1_176' title='bbox 486 2966 515 3018; x_wconf 92' lang='lat' dir='ltr'><strong>et</strong></span> <span class='ocrx_word' id='word_1_177' title='bbox 549 2962 666 3019; x_wconf 92' lang='lat' dir='ltr'><strong>occisos</strong></span> <span class='ocrx_word' id='word_1_178' title='bbox 690 2961 720 3018; x_wconf 92' lang='lat' dir='ltr'><strong>in</strong></span> <span class='ocrx_word' id='word_1_179' title='bbox 756 2961 866 3018; x_wconf 88' lang='lat' dir='ltr'><strong>eadem</strong></span> <span class='ocrx_word' id='word_1_180' title='bbox 897 2961 974 3018; x_wconf 89' lang='lat' dir='ltr'><strong>turri</strong></span> <span class='ocrx_word' id='word_1_181' title='bbox 1009 2966 1039 3017; x_wconf 89' lang='lat' dir='ltr'><strong>et</strong></span> <span class='ocrx_word' id='word_1_182' title='bbox 1070 2967 1157 3017; x_wconf 87' lang='lat' dir='ltr'><strong>extra</strong></span> <span class='ocrx_word' id='word_1_183' title='bbox 1188 2961 1289 3034; x_wconf 92' lang='lat' dir='ltr'><strong>ipsam</strong></span> <span class='ocrx_word' id='word_1_184' title='bbox 1313 2961 1393 3017; x_wconf 92' lang='lat' dir='ltr'><strong>intra</strong></span> 
     </span>
     <span class='ocr_line' id='line_1_23' title="bbox 130 3066 1394 3140; baseline -0.004 -13"><span class='ocrx_word' id='word_1_185' title='bbox 130 3085 236 3128; x_wconf 90' lang='lat' dir='ltr'><strong>muros</strong></span> <span class='ocrx_word' id='word_1_186' title='bbox 260 3068 340 3126; x_wconf 91' lang='lat' dir='ltr'><strong>dicte</strong></span> <span class='ocrx_word' id='word_1_187' title='bbox 364 3067 497 3126; x_wconf 88' lang='lat' dir='ltr'><strong>civitatis</strong></span> <span class='ocrx_word' id='word_1_188' title='bbox 519 3068 550 3125; x_wconf 89' lang='lat' dir='ltr'><strong>in</strong></span> <span class='ocrx_word' id='word_1_189' title='bbox 575 3068 667 3125; x_wconf 91' lang='lat' dir='ltr'><strong>certis</strong></span> <span class='ocrx_word' id='word_1_190' title='bbox 690 3068 766 3124; x_wconf 90' lang='lat' dir='ltr'><strong>loeis</strong></span> <span class='ocrx_word' id='word_1_191' title='bbox 789 3066 908 3124; x_wconf 92' lang='lat' dir='ltr'><strong>ibidem</strong></span> <span class='ocrx_word' id='word_1_192' title='bbox 931 3066 1084 3140; x_wconf 79' lang='lat' dir='ltr'><strong>sepelivit,</strong></span> <span class='ocrx_word' id='word_1_193' title='bbox 1108 3071 1201 3139; x_wconf 91' lang='lat' dir='ltr'><strong>prout</strong></span> <span class='ocrx_word' id='word_1_194' title='bbox 1231 3067 1291 3123; x_wconf 88' lang='lat' dir='ltr'><strong>hoc</strong></span> <span class='ocrx_word' id='word_1_195' title='bbox 1324 3066 1394 3140; x_wconf 92' lang='lat' dir='ltr'><strong>plu-</strong></span> 
     </span>
     <span class='ocr_line' id='line_1_24' title="bbox 127 3171 1394 3246; baseline -0.003 -13"><span class='ocrx_word' id='word_1_196' title='bbox 127 3176 216 3233; x_wconf 87' lang='lat' dir='ltr'><strong>ribus</strong></span> <span class='ocrx_word' id='word_1_197' title='bbox 241 3175 317 3232; x_wconf 91' lang='lat' dir='ltr'><strong>viris</strong></span> <span class='ocrx_word' id='word_1_198' title='bbox 340 3173 459 3232; x_wconf 90' lang='lat' dir='ltr'><strong>idoneis</strong></span> <span class='ocrx_word' id='word_1_199' title='bbox 482 3178 513 3230; x_wconf 90' lang='lat' dir='ltr'><strong>et</strong></span> <span class='ocrx_word' id='word_1_200' title='bbox 535 3172 700 3246; x_wconf 90' lang='lat' dir='ltr'><strong>fidedignis</strong></span> <span class='ocrx_word' id='word_1_201' title='bbox 722 3174 826 3231; x_wconf 86' lang='lat' dir='ltr'><strong>existit</strong></span> <span class='ocrx_word' id='word_1_202' title='bbox 851 3172 1066 3242; x_wconf 87' lang='lat' dir='ltr'><strong>manifestum,</strong></span> <span class='ocrx_word' id='word_1_203' title='bbox 1090 3180 1119 3228; x_wconf 91' lang='lat' dir='ltr'><strong>et</strong></span> <span class='ocrx_word' id='word_1_204' title='bbox 1143 3171 1218 3228; x_wconf 92' lang='lat' dir='ltr'><strong>dum</strong></span> <span class='ocrx_word' id='word_1_205' title='bbox 1242 3173 1326 3245; x_wconf 90' lang='lat' dir='ltr'><strong>ipsos</strong></span> <span class='ocrx_word' id='word_1_206' title='bbox 1350 3173 1394 3229; x_wconf 93' lang='lat' dir='ltr'><strong>sic</strong></span> 
     </span>
     <span class='ocr_line' id='line_1_25' title="bbox 129 3277 1393 3354; baseline -0.004 -13"><span class='ocrx_word' id='word_1_207' title='bbox 129 3283 244 3341; x_wconf 87' lang='lat' dir='ltr'><strong>occisos</strong></span> <span class='ocrx_word' id='word_1_208' title='bbox 267 3291 297 3339; x_wconf 92' lang='lat' dir='ltr'><strong>et</strong></span> <span class='ocrx_word' id='word_1_209' title='bbox 320 3280 460 3354; x_wconf 90' lang='lat' dir='ltr'><strong>sepultos</strong></span> <span class='ocrx_word' id='word_1_210' title='bbox 481 3280 624 3337; x_wconf 85' lang='lat' dir='ltr'><strong>homines</strong></span> <span class='ocrx_word' id='word_1_211' title='bbox 646 3279 687 3337; x_wconf 91' lang='lat' dir='ltr'><strong>ab</strong></span> <span class='ocrx_word' id='word_1_212' title='bbox 711 3280 786 3352; x_wconf 91' lang='lat' dir='ltr'><strong>ipsis</strong></span> <span class='ocrx_word' id='word_1_213' title='bbox 821 3278 955 3336; x_wconf 90' lang='lat' dir='ltr'><strong>dominis</strong></span> <span class='ocrx_word' id='word_1_214' title='bbox 988 3277 1026 3334; x_wconf 92' lang='lat' dir='ltr'><strong>de</strong></span> <span class='ocrx_word' id='word_1_215' title='bbox 1058 3277 1195 3350; x_wconf 88' lang='lat' dir='ltr'><strong>capitulo</strong></span> <span class='ocrx_word' id='word_1_216' title='bbox 1226 3279 1257 3335; x_wconf 92' lang='lat' dir='ltr'><strong>in</strong></span> <span class='ocrx_word' id='word_1_217' title='bbox 1289 3277 1393 3336; x_wconf 90' lang='lat' dir='ltr'><strong>medio</strong></span> 
     </span>
     <span class='ocr_line' id='line_1_26' title="bbox 129 3385 1394 3460; baseline -0.003 -14"><span class='ocrx_word' id='word_1_218' title='bbox 129 3387 310 3446; x_wconf 92' lang='lat' dir='ltr'><strong>eorumdem</strong></span> <span class='ocrx_word' id='word_1_219' title='bbox 334 3385 515 3444; x_wconf 89' lang='lat' dir='ltr'><strong>destinando</strong></span> <span class='ocrx_word' id='word_1_220' title='bbox 539 3391 568 3444; x_wconf 88' lang='lat' dir='ltr'><strong>et</strong></span> <span class='ocrx_word' id='word_1_221' title='bbox 591 3385 743 3444; x_wconf 90' lang='lat' dir='ltr'><strong>veniendo</strong></span> <span class='ocrx_word' id='word_1_222' title='bbox 766 3401 823 3460; x_wconf 93' lang='lat' dir='ltr'><strong>pro</strong></span> <span class='ocrx_word' id='word_1_223' title='bbox 847 3386 1073 3459; x_wconf 86' lang='lat' dir='ltr'><strong>expurgacione</strong></span> <span class='ocrx_word' id='word_1_224' title='bbox 1090 3386 1239 3458; x_wconf 90' lang='lat' dir='ltr'><strong>ipsorum,</strong></span> <span class='ocrx_word' id='word_1_225' title='bbox 1256 3400 1314 3458; x_wconf 93' lang='lat' dir='ltr'><strong>pro</strong></span> <span class='ocrx_word' id='word_1_226' title='bbox 1332 3400 1394 3457; x_wconf 88' lang='lat' dir='ltr'><strong>quo</strong></span> 
     </span>
     <span class='ocr_line' id='line_1_27' title="bbox 130 3475 1416 3567; baseline -0.004 -14"><span class='ocrx_word' id='word_1_227' title='bbox 130 3496 248 3553; x_wconf 89' lang='lat' dir='ltr'><strong>iusticie</strong></span> <span class='ocrx_word' id='word_1_228' title='bbox 271 3501 302 3551; x_wconf 92' lang='lat' dir='ltr'><strong>et</strong></span> <span class='ocrx_word' id='word_1_229' title='bbox 324 3494 478 3551; x_wconf 80' lang='lat' dir='ltr'><strong>libertatis</strong></span> <span class='ocrx_word' id='word_1_230' title='bbox 500 3499 604 3551; x_wconf 92' lang='lat' dir='ltr'><strong>nostre</strong></span> <span class='ocrx_word' id='word_1_231' title='bbox 628 3493 859 3567; x_wconf 89' lang='lat' dir='ltr'><strong>complemento</strong></span> <span class='ocrx_word' id='word_1_232' title='bbox 883 3492 1018 3549; x_wconf 89' lang='lat' dir='ltr'><strong>effodere</strong></span> <span class='ocrx_word' id='word_1_233' title='bbox 1042 3499 1071 3549; x_wconf 88' lang='lat' dir='ltr'><strong>et</strong></span> <span class='ocrx_word' id='word_1_234' title='bbox 1088 3491 1314 3563; x_wconf 84' lang='lat' dir='ltr'><strong>extrarecipere</strong></span> <span class='ocrx_word' id='word_1_235' title='bbox 1338 3475 1416 3563; x_wconf 56' lang='lat' dir='ltr'><strong>po?</strong></span> 
     </span>
     <span class='ocr_line' id='line_1_28' title="bbox 130 3598 1395 3674; baseline -0.002 -16"><span class='ocrx_word' id='word_1_236' title='bbox 130 3603 339 3672; x_wconf 91' lang='lat' dir='ltr'><strong>stulassemus,</strong></span> <span class='ocrx_word' id='word_1_237' title='bbox 363 3606 435 3658; x_wconf 89' lang='lat' dir='ltr'><strong>tunc</strong></span> <span class='ocrx_word' id='word_1_238' title='bbox 459 3601 521 3674; x_wconf 92' lang='lat' dir='ltr'><strong>ipsi</strong></span> <span class='ocrx_word' id='word_1_239' title='bbox 543 3600 661 3658; x_wconf 91' lang='lat' dir='ltr'><strong>domini</strong></span> <span class='ocrx_word' id='word_1_240' title='bbox 686 3599 724 3657; x_wconf 91' lang='lat' dir='ltr'><strong>de</strong></span> <span class='ocrx_word' id='word_1_241' title='bbox 747 3600 885 3673; x_wconf 90' lang='lat' dir='ltr'><strong>capitulo</strong></span> <span class='ocrx_word' id='word_1_242' title='bbox 915 3615 974 3656; x_wconf 92' lang='lat' dir='ltr'><strong>non</strong></span> <span class='ocrx_word' id='word_1_243' title='bbox 1007 3598 1159 3656; x_wconf 91' lang='lat' dir='ltr'><strong>dederunt</strong></span> <span class='ocrx_word' id='word_1_244' title='bbox 1193 3612 1293 3669; x_wconf 90' lang='lat' dir='ltr'><strong>neque</strong></span> <span class='ocrx_word' id='word_1_245' title='bbox 1324 3614 1395 3671; x_wconf 91' lang='lat' dir='ltr'><strong>per-</strong></span> 
     </span>
     <span class='ocr_line' id='line_1_29' title="bbox 130 3704 1234 3779; baseline -0.004 -13"><span class='ocrx_word' id='word_1_246' title='bbox 130 3709 305 3779; x_wconf 88' lang='lat' dir='ltr'><strong>misserunt,</strong></span> <span class='ocrx_word' id='word_1_247' title='bbox 329 3713 435 3765; x_wconf 91' lang='lat' dir='ltr'><strong>contra</strong></span> <span class='ocrx_word' id='word_1_248' title='bbox 458 3706 706 3764; x_wconf 89' lang='lat' dir='ltr'><strong>iurisdiccionem</strong></span> <span class='ocrx_word' id='word_1_249' title='bbox 730 3714 760 3763; x_wconf 92' lang='lat' dir='ltr'><strong>et</strong></span> <span class='ocrx_word' id='word_1_250' title='bbox 783 3706 961 3763; x_wconf 88' lang='lat' dir='ltr'><strong>libertatem</strong></span> <span class='ocrx_word' id='word_1_251' title='bbox 985 3704 1067 3762; x_wconf 90' lang='lat' dir='ltr'><strong>dicte</strong></span> <span class='ocrx_word' id='word_1_252' title='bbox 1090 3704 1234 3762; x_wconf 87' lang='lat' dir='ltr'><strong>civitatis.</strong></span> 
     </span>
    </p>

    <p class='ocr_par' dir='ltr' id='par_1_7' title="bbox 128 3809 1395 4951">
     <span class='ocr_line' id='line_1_30' title="bbox 234 3809 1393 3886; baseline -0.002 -15"><span class='ocrx_word' id='word_1_253' title='bbox 234 3814 320 3885; x_wconf 90' lang='lat' dir='ltr'><strong>Item,</strong></span> <span class='ocrx_word' id='word_1_254' title='bbox 343 3817 505 3871; x_wconf 90' lang='lat' dir='ltr'><strong>annotatus</strong></span> <span class='ocrx_word' id='word_1_255' title='bbox 529 3811 698 3885; x_wconf 88' lang='lat' dir='ltr'><strong>Gregorius</strong></span> <span class='ocrx_word' id='word_1_256' title='bbox 718 3812 811 3870; x_wconf 86' lang='lat' dir='ltr'><strong>iudex</strong></span> <span class='ocrx_word' id='word_1_257' title='bbox 835 3812 1035 3886; x_wconf 90' lang='lat' dir='ltr'><strong>provincialis</strong></span> <span class='ocrx_word' id='word_1_258' title='bbox 1058 3809 1269 3884; x_wconf 90' lang='lat' dir='ltr'><strong>predictorum</strong></span> <span class='ocrx_word' id='word_1_259' title='bbox 1293 3809 1393 3869; x_wconf 90' lang='lat' dir='ltr'><strong>domi·</strong></span> 
     </span>
     <span class='ocr_line' id='line_1_31' title="bbox 131 3917 1394 3994; baseline -0.003 -16"><span class='ocrx_word' id='word_1_260' title='bbox 131 3936 241 3979; x_wconf 89' lang='lat' dir='ltr'><strong>norum</strong></span> <span class='ocrx_word' id='word_1_261' title='bbox 265 3920 304 3978; x_wconf 93' lang='lat' dir='ltr'><strong>de</strong></span> <span class='ocrx_word' id='word_1_262' title='bbox 326 3920 472 3994; x_wconf 91' lang='lat' dir='ltr'><strong>capitulo,</strong></span> <span class='ocrx_word' id='word_1_263' title='bbox 497 3935 568 3977; x_wconf 92' lang='lat' dir='ltr'><strong>cum</strong></span> <span class='ocrx_word' id='word_1_264' title='bbox 591 3920 682 3977; x_wconf 90' lang='lat' dir='ltr'><strong>certis</strong></span> <span class='ocrx_word' id='word_1_265' title='bbox 713 3920 776 3976; x_wconf 91' lang='lat' dir='ltr'><strong>suis</strong></span> <span class='ocrx_word' id='word_1_266' title='bbox 807 3918 1024 3986; x_wconf 85' lang='lat' dir='ltr'><strong>familiaribus,</strong></span> <span class='ocrx_word' id='word_1_267' title='bbox 1058 3917 1265 3990; x_wconf 91' lang='lat' dir='ltr'><strong>pluribusque</strong></span> <span class='ocrx_word' id='word_1_268' title='bbox 1296 3918 1394 3975; x_wconf 89' lang='lat' dir='ltr'><strong>eciam</strong></span> 
     </span>
     <span class='ocr_line' id='line_1_32' title="bbox 132 4022 1395 4099; baseline -0.005 -14"><span class='ocrx_word' id='word_1_269' title='bbox 132 4027 336 4086; x_wconf 84' lang='lat' dir='ltr'><strong>servitoribus</strong></span> <span class='ocrx_word' id='word_1_270' title='bbox 358 4033 389 4084; x_wconf 88' lang='lat' dir='ltr'><strong>et</strong></span> <span class='ocrx_word' id='word_1_271' title='bbox 412 4024 622 4083; x_wconf 80' lang='lat' dir='ltr'><strong>familiaribus</strong></span> <span class='ocrx_word' id='word_1_272' title='bbox 646 4026 786 4099; x_wconf 88' lang='lat' dir='ltr'><strong>ipsorum</strong></span> <span class='ocrx_word' id='word_1_273' title='bbox 810 4024 1008 4082; x_wconf 90' lang='lat' dir='ltr'><strong>dominorum</strong></span> <span class='ocrx_word' id='word_1_274' title='bbox 1032 4022 1070 4080; x_wconf 91' lang='lat' dir='ltr'><strong>de</strong></span> <span class='ocrx_word' id='word_1_275' title='bbox 1101 4023 1238 4096; x_wconf 91' lang='lat' dir='ltr'><strong>capitulo</strong></span> <span class='ocrx_word' id='word_1_276' title='bbox 1273 4030 1302 4080; x_wconf 92' lang='lat' dir='ltr'><strong>et</strong></span> <span class='ocrx_word' id='word_1_277' title='bbox 1325 4024 1395 4080; x_wconf 93' lang='lat' dir='ltr'><strong>aliis</strong></span> 
     </span>
     <span class='ocr_line' id='line_1_33' title="bbox 132 4131 1392 4208; baseline -0.004 -17"><span class='ocrx_word' id='word_1_278' title='bbox 132 4133 336 4208; x_wconf 90' lang='lat' dir='ltr'><strong>complicibus</strong></span> <span class='ocrx_word' id='word_1_279' title='bbox 359 4131 504 4190; x_wconf 90' lang='lat' dir='ltr'><strong>videlicet</strong></span> <span class='ocrx_word' id='word_1_280' title='bbox 537 4133 609 4202; x_wconf 91' lang='lat' dir='ltr'><strong>suis,</strong></span> <span class='ocrx_word' id='word_1_281' title='bbox 641 4132 786 4189; x_wconf 87' lang='lat' dir='ltr'><strong>similiter</strong></span> <span class='ocrx_word' id='word_1_282' title='bbox 816 4136 965 4188; x_wconf 87' lang='lat' dir='ltr'><strong>nocturno</strong></span> <span class='ocrx_word' id='word_1_283' title='bbox 997 4138 1146 4202; x_wconf 89' lang='lat' dir='ltr'><strong>tempore,</strong></span> <span class='ocrx_word' id='word_1_284' title='bbox 1172 4144 1221 4186; x_wconf 88' lang='lat' dir='ltr'><strong>res</strong></span> <span class='ocrx_word' id='word_1_285' title='bbox 1252 4135 1282 4186; x_wconf 94' lang='lat' dir='ltr'><strong>et</strong></span> <span class='ocrx_word' id='word_1_286' title='bbox 1312 4131 1392 4186; x_wconf 91' lang='lat' dir='ltr'><strong>bona</strong></span> 
     </span>
     <span class='ocr_line' id='line_1_34' title="bbox 134 4230 1392 4316; baseline -0.005 -19"><span class='ocrx_word' id='word_1_287' title='bbox 134 4239 293 4299; x_wconf 90' lang='lat' dir='ltr'><strong>cuiusdam</strong></span> <span class='ocrx_word' id='word_1_288' title='bbox 325 4238 478 4308; x_wconf 73' lang='lat' dir='ltr'><strong>cristiani,</strong></span> <span class='ocrx_word' id='word_1_289' title='bbox 513 4239 564 4313; x_wconf 88' lang='lat' dir='ltr'><strong>pie</strong></span> <span class='ocrx_word' id='word_1_290' title='bbox 595 4239 754 4308; x_wconf 86' lang='lat' dir='ltr'><strong>memorie,</strong></span> <span class='ocrx_word' id='word_1_291' title='bbox 788 4237 948 4295; x_wconf 91' lang='lat' dir='ltr'><strong>servitoris</strong></span> <span class='ocrx_word' id='word_1_292' title='bbox 982 4230 1067 4308; x_wconf 85' lang='lat' dir='ltr'><strong>olym</strong></span> <span class='ocrx_word' id='word_1_293' title='bbox 1102 4235 1220 4293; x_wconf 90' lang='lat' dir='ltr'><strong>domini</strong></span> <span class='ocrx_word' id='word_1_294' title='bbox 1242 4235 1392 4316; x_wconf 90' lang='lat' dir='ltr'><strong>Johannis</strong></span> 
     </span>
     <span class='ocr_line' id='line_1_35' title="bbox 130 4339 1390 4420; baseline -0.006 -16"><span class='ocrx_word' id='word_1_295' title='bbox 130 4345 264 4420; x_wconf 88' lang='lat' dir='ltr'><strong>episcopi</strong></span> <span class='ocrx_word' id='word_1_296' title='bbox 297 4345 512 4417; x_wconf 87' lang='lat' dir='ltr'><strong>zagrabiensis,</strong></span> <span class='ocrx_word' id='word_1_297' title='bbox 547 4344 606 4415; x_wconf 81' lang='lat' dir='ltr'><strong>filii</strong></span> <span class='ocrx_word' id='word_1_298' title='bbox 641 4344 760 4402; x_wconf 88' lang='lat' dir='ltr'><strong>Nicolai</strong></span> <span class='ocrx_word' id='word_1_299' title='bbox 784 4343 822 4400; x_wconf 91' lang='lat' dir='ltr'><strong>de</strong></span> <span class='ocrx_word' id='word_1_300' title='bbox 856 4342 1022 4413; x_wconf 78' lang='lat' dir='ltr'><strong>Cassovvia,</strong></span> <span class='ocrx_word' id='word_1_301' title='bbox 1058 4342 1225 4399; x_wconf 89' lang='lat' dir='ltr'><strong>stacionem</strong></span> <span class='ocrx_word' id='word_1_302' title='bbox 1250 4339 1390 4397; x_wconf 90' lang='lat' dir='ltr'><strong>eiusdem</strong></span> 
     </span>
     <span class='ocr_line' id='line_1_36' title="bbox 130 4444 1391 4523; baseline -0.006 -15"><span class='ocrx_word' id='word_1_303' title='bbox 130 4450 343 4523; x_wconf 81' lang='lat' dir='ltr'><strong>subfodiendo,</strong></span> <span class='ocrx_word' id='word_1_304' title='bbox 365 4451 587 4509; x_wconf 89' lang='lat' dir='ltr'><strong>subtraxerunt</strong></span> <span class='ocrx_word' id='word_1_305' title='bbox 608 4457 638 4508; x_wconf 92' lang='lat' dir='ltr'><strong>et</strong></span> <span class='ocrx_word' id='word_1_306' title='bbox 662 4449 755 4508; x_wconf 89' lang='lat' dir='ltr'><strong>furati</strong></span> <span class='ocrx_word' id='word_1_307' title='bbox 778 4457 857 4522; x_wconf 89' lang='lat' dir='ltr'><strong>sunt,</strong></span> <span class='ocrx_word' id='word_1_308' title='bbox 879 4456 909 4507; x_wconf 92' lang='lat' dir='ltr'><strong>et</strong></span> <span class='ocrx_word' id='word_1_309' title='bbox 932 4448 971 4505; x_wconf 90' lang='lat' dir='ltr'><strong>ad</strong></span> <span class='ocrx_word' id='word_1_310' title='bbox 995 4450 1097 4522; x_wconf 91' lang='lat' dir='ltr'><strong>ipsam</strong></span> <span class='ocrx_word' id='word_1_311' title='bbox 1120 4447 1232 4504; x_wconf 90' lang='lat' dir='ltr'><strong>turrim</strong></span> <span class='ocrx_word' id='word_1_312' title='bbox 1253 4447 1283 4502; x_wconf 90' lang='lat' dir='ltr'><strong>in</strong></span> <span class='ocrx_word' id='word_1_313' title='bbox 1308 4444 1391 4502; x_wconf 92' lang='lat' dir='ltr'><strong>dicta</strong></span> 
     </span>
     <span class='ocr_line' id='line_1_37' title="bbox 129 4551 1393 4632; baseline -0.008 -16"><span class='ocrx_word' id='word_1_314' title='bbox 129 4559 250 4617; x_wconf 91' lang='lat' dir='ltr'><strong>civitate</strong></span> <span class='ocrx_word' id='word_1_315' title='bbox 271 4559 463 4628; x_wconf 86' lang='lat' dir='ltr'><strong>existentem,</strong></span> <span class='ocrx_word' id='word_1_316' title='bbox 487 4557 595 4616; x_wconf 89' lang='lat' dir='ltr'><strong>eadem</strong></span> <span class='ocrx_word' id='word_1_317' title='bbox 620 4564 761 4632; x_wconf 90' lang='lat' dir='ltr'><strong>tempore</strong></span> <span class='ocrx_word' id='word_1_318' title='bbox 789 4562 940 4614; x_wconf 93' lang='lat' dir='ltr'><strong>nocturno</strong></span> <span class='ocrx_word' id='word_1_319' title='bbox 958 4571 1029 4612; x_wconf 91' lang='lat' dir='ltr'><strong>cum</strong></span> <span class='ocrx_word' id='word_1_320' title='bbox 1047 4552 1235 4626; x_wconf 90' lang='lat' dir='ltr'><strong>quibusdam</strong></span> <span class='ocrx_word' id='word_1_321' title='bbox 1248 4551 1393 4608; x_wconf 88' lang='lat' dir='ltr'><strong>carnibus</strong></span> 
     </span>
     <span class='ocr_line' id='line_1_38' title="bbox 128 4659 1392 4738; baseline -0.007 -17"><span class='ocrx_word' id='word_1_322' title='bbox 128 4664 158 4722; x_wconf 90' lang='lat' dir='ltr'><strong>in</strong></span> <span class='ocrx_word' id='word_1_323' title='bbox 180 4663 379 4723; x_wconf 87' lang='lat' dir='ltr'><strong>inferioribus</strong></span> <span class='ocrx_word' id='word_1_324' title='bbox 403 4664 544 4722; x_wconf 89' lang='lat' dir='ltr'><strong>macellis</strong></span> <span class='ocrx_word' id='word_1_325' title='bbox 567 4680 624 4738; x_wconf 91' lang='lat' dir='ltr'><strong>per</strong></span> <span class='ocrx_word' id='word_1_326' title='bbox 647 4663 773 4721; x_wconf 89' lang='lat' dir='ltr'><strong>eosdem</strong></span> <span class='ocrx_word' id='word_1_327' title='bbox 796 4662 962 4720; x_wconf 90' lang='lat' dir='ltr'><strong>subtractis</strong></span> <span class='ocrx_word' id='word_1_328' title='bbox 992 4677 1049 4735; x_wconf 90' lang='lat' dir='ltr'><strong>per</strong></span> <span class='ocrx_word' id='word_1_329' title='bbox 1083 4659 1189 4716; x_wconf 89' lang='lat' dir='ltr'><strong>funem</strong></span> <span class='ocrx_word' id='word_1_330' title='bbox 1224 4659 1254 4714; x_wconf 90' lang='lat' dir='ltr'><strong>in</strong></span> <span class='ocrx_word' id='word_1_331' title='bbox 1286 4662 1392 4731; x_wconf 88' lang='lat' dir='ltr'><strong>sporta</strong></span> 
     </span>
     <span class='ocr_line' id='line_1_39' title="bbox 129 4762 1393 4845; baseline -0.005 -18"><span class='ocrx_word' id='word_1_332' title='bbox 129 4776 294 4842; x_wconf 89' lang='lat' dir='ltr'><strong>traxerunt,</strong></span> <span class='ocrx_word' id='word_1_333' title='bbox 310 4776 341 4829; x_wconf 93' lang='lat' dir='ltr'><strong>et</strong></span> <span class='ocrx_word' id='word_1_334' title='bbox 357 4769 476 4829; x_wconf 89' lang='lat' dir='ltr'><strong>ibidem</strong></span> <span class='ocrx_word' id='word_1_335' title='bbox 492 4771 596 4845; x_wconf 91' lang='lat' dir='ltr'><strong>ipsum</strong></span> <span class='ocrx_word' id='word_1_336' title='bbox 619 4768 737 4830; x_wconf 91' lang='lat' dir='ltr'><strong>furtum</strong></span> <span class='ocrx_word' id='word_1_337' title='bbox 762 4768 889 4839; x_wconf 90' lang='lat' dir='ltr'><strong>tamdiu,</strong></span> <span class='ocrx_word' id='word_1_338' title='bbox 913 4782 1075 4840; x_wconf 91' lang='lat' dir='ltr'><strong>quousque</strong></span> <span class='ocrx_word' id='word_1_339' title='bbox 1099 4765 1174 4838; x_wconf 93' lang='lat' dir='ltr'><strong>ipsis</strong></span> <span class='ocrx_word' id='word_1_340' title='bbox 1197 4764 1323 4837; x_wconf 90' lang='lat' dir='ltr'><strong>placuit,</strong></span> <span class='ocrx_word' id='word_1_341' title='bbox 1347 4762 1393 4821; x_wconf 91' lang='lat' dir='ltr'><strong>di·</strong></span> 
     </span>
     <span class='ocr_line' id='line_1_40' title="bbox 128 4869 1395 4951; baseline -0.005 -19"><span class='ocrx_word' id='word_1_342' title='bbox 128 4875 264 4936; x_wconf 89' lang='lat' dir='ltr'><strong>videntes</strong></span> <span class='ocrx_word' id='word_1_343' title='bbox 286 4881 459 4936; x_wconf 88' lang='lat' dir='ltr'><strong>tenuerunt.</strong></span> <span class='ocrx_word' id='word_1_344' title='bbox 484 4875 676 4951; x_wconf 84' lang='lat' dir='ltr'><strong>Quiquidem</strong></span> <span class='ocrx_word' id='word_1_345' title='bbox 700 4875 870 4948; x_wconf 88' lang='lat' dir='ltr'><strong>Gregorius</strong></span> <span class='ocrx_word' id='word_1_346' title='bbox 891 4872 1000 4930; x_wconf 89' lang='lat' dir='ltr'><strong>eadem</strong></span> <span class='ocrx_word' id='word_1_347' title='bbox 1029 4871 1068 4928; x_wconf 89' lang='lat' dir='ltr'><strong>de</strong></span> <span class='ocrx_word' id='word_1_348' title='bbox 1094 4870 1217 4929; x_wconf 88' lang='lat' dir='ltr'><strong>racione</strong></span> <span class='ocrx_word' id='word_1_349' title='bbox 1233 4876 1262 4927; x_wconf 89' lang='lat' dir='ltr'><strong>et</strong></span> <span class='ocrx_word' id='word_1_350' title='bbox 1278 4869 1395 4928; x_wconf 90' lang='lat' dir='ltr'><strong>abhinc</strong></span> 
     </span>
    </p>
   </div>
   <div class='ocr_carea' id='block_1_7' title="bbox 0 0 1644 5348">
    <p class='ocr_par' dir='ltr' id='par_1_8' title="bbox 0 0 1644 5348">
     <span class='ocr_line' id='line_1_41' title="bbox 0 0 1644 5348; baseline 0 0"><span class='ocrx_word' id='word_1_351' title='bbox 0 0 1644 5348; x_wconf 95' lang='lat' dir='ltr'><strong> </strong></span> 
     </span>
    </p>
   </div>
  </div>
 </body>
</html>
