3278 5348
603 411 679 472 Dor.
695 421 770 485 329.
795 441 837 451 —
860 408 916 466 Arc
941 404 1033 487 1482.
1385 430 1447 489 4¹9

183 631 289 682 tarum
313 623 441 682 ecclesie
476 625 566 684 beate
589 624 686 682 Marie
709 622 838 697 virginis
861 622 901 681 de
923 625 1138 697 promontorio
1161 624 1352 698 zagrabiensi
1375 641 1447 685 curn

185 730 311 788 duobus
333 730 403 788 aliis
435 729 594 802 iratribus,
618 728 763 787 uidelicet
787 730 910 787 Matheo
932 729 1116 802 presbytero
1140 735 1170 787 et
1192 729 1356 789 Benedicto
1379 747 1451 790 con·

185 851 288 907 verso,
320 835 437 895 ordinis
467 835 621 905 eiusdem;
651 833 777 893 tandem
807 850 959 907 exurgens
991 834 1101 893 eadem
1124 835 1249 894 domina
1273 836 1452 910 Katheryna

185 958 259 1000 cum
292 943 384 1000 solita
415 941 638 1016 pretestacione
669 939 843 998 exhibendo
867 955 963 998 unum
987 940 1138 998 florenum
1162 940 1312 1000 fratribus
1334 942 1451 1002 eisdem

184 1054 298 1126 sponte
322 1049 400 1108 dixit
417 1048 544 1129 etiassa
560 1053 606 1107 est
629 1049 701 1106 vive
725 1048 810 1105 vocis
833 1063 888 1106 sue
911 1047 1038 1105 oraculo
1062 1048 1093 1106 in
1116 1048 1198 1105 hunc
1214 1047 1359 1106 modum:
1376 1063 1452 1132 quo·

184 1155 281 1214 modo
304 1156 372 1230 ipsa
398 1155 525 1214 domina
547 1156 725 1228 Katheryna
748 1169 819 1211 cum
844 1153 965 1228 pretato
983 1153 1083 1211 Blasio
1105 1154 1255 1225 [atzarim
1279 1154 1407 1213 domino
1422 1160 1452 1213 et

183 1262 298 1319 marito
321 1277 387 1334 suo,
411 1261 450 1320 de
476 1261 570 1320 domo
594 1269 624 1320 et
654 1261 789 1319 stacione
819 1260 893 1318 dicti
916 1259 1048 1318 condam
1071 1259 1191 1318 Nicolai
1216 1262 1352 1332 sartoris,
1376 1261 1453 1320 civis

182 1365 249 1444 jam
264 1366 327 1426 iate
342 1368 476 1426 civitatis
500 1375 530 1427 et
546 1383 653 1426 omnes
669 1366 766 1426 futuri
782 1381 973 1425 successores
987 1366 1034 1424 sui
1050 1366 1189 1424 eiusdem
1205 1367 1323 1425 scilicet
1340 1366 1453 1426 domus

184 1477 216 1531 et
239 1473 383 1531 stacionis
406 1489 460 1531 seu
483 1473 570 1531 bolte
594 1488 652 1547 pro
675 1479 817 1547 tempore
840 1486 1033 1546 possessores
1057 1488 1151 1546 penes
1175 1473 1384 1533 voluntariam
1408 1478 1451 1531 te·

183 1578 402 1637 stamentalem
437 1579 674 1654 disposicionem
711 1579 808 1652 ipsius
843 1577 975 1636 condam
1010 1577 1129 1635 Nicolai
1164 1579 1291 1637 sartoris
1321 1579 1454 1652 singulis

185 1686 275 1744 annis
298 1691 328 1743 et
352 1686 468 1744 cunctis
491 1683 604 1743 futuris
627 1684 821 1759 temporibus
844 1685 876 1742 in
899 1683 977 1741 testo
1000 1682 1229 1757 purificacionis
1248 1685 1336 1743 beate
1352 1677 1453 1743 Marie

184 1792 316 1865 virginis
346 1791 385 1849 ad
420 1791 503 1849 idem
535 1791 706 1849 claustrum
737 1790 968 1848 Heremitarum
1000 1806 1060 1864 pro
1084 1795 1233 1863 perpetua
1257 1790 1453 1863 eleemosyna

183 1899 315 1957 salutari
338 1914 435 1956 unum
458 1897 609 1956 florenum
626 1896 700 1955 dare
723 1906 753 1956 et
768 1897 891 1955 solvere
914 1897 1129 1970 obligarentur
1151 1902 1182 1955 et
1203 1904 1301 1968 erunt,
1320 1903 1453 1971 suntque

185 2004 326 2077 obligati,
358 2019 451 2078 quem
475 2005 527 2076 sic,
551 2010 586 2061 ut
616 2004 804 2078 premissum
829 2007 882 2074 est,
907 2000 1016 2061 eadem
1040 2002 1166 2060 domina
1191 2003 1370 2076 Katheryna
1394 2019 1452 2077 pro

184 2111 295 2170 eodem
318 2125 399 2168 anno
429 2111 578 2185 preterito
607 2111 683 2185 ipsis
714 2107 863 2167 fratribus
894 2114 924 2167 et
947 2109 1083 2167 claustro
1107 2109 1224 2168 obtulit
1247 2115 1277 2167 et
1300 2111 1453 2183 persolvit

185 2218 314 2293 publice
348 2222 379 2274 et
410 2216 580 2288 manifeste,
603 2224 712 2290 petens
736 2216 796 2273 sibi
819 2214 987 2290 superinde
1010 2214 1078 2273 dari
1100 2216 1220 2273 litteras
1244 2215 1453 2291 expeditorias

185 2339 244 2399 per
266 2324 351 2398 ipsos
384 2322 493 2382 fratres
524 2323 563 2380 ad
587 2322 751 2393 cautelam,
782 2336 877 2395 quam
902 2321 962 2394 ipsi
985 2321 1087 2379 eidem
1110 2321 1184 2380 dare
1206 2322 1451 2396 spoponderunt.

185 2429 286 2505 Super
309 2445 371 2502 quo
404 2429 500 2486 nichil
523 2429 650 2487 omnino
673 2428 906 2502 prenominatus
928 2428 1076 2500 magister
1099 2427 1213 2486 Paulus
1237 2428 1369 2487 vicarius
1385 2443 1451 2486 om·

185 2536 279 2595 nibus
302 2535 494 2606 melioribus,
527 2534 628 2605 modo,
653 2535 712 2607 via,
743 2531 819 2608 jure,
844 2533 945 2592 forma
969 2540 999 2592 et
1021 2549 1122 2603 causa,
1147 2535 1261 2607 quibus
1286 2534 1398 2592 melius
1421 2540 1451 2592 et

186 2641 343 2701 efficacius
366 2642 477 2713 potuit,
510 2641 618 2699 debuit
640 2647 671 2699 et
694 2641 794 2698 valuit
822 2640 1025 2713 solempniter
1048 2645 1094 2697 est
1116 2645 1312 2714 protestatus,
1338 2656 1450 2715 meque

185 2748 342 2807 notarium
375 2748 538 2820 publicum
567 2747 780 2821 subscriptum
810 2745 915 2804 debita
945 2761 1017 2803 cum
1040 2746 1189 2803 instancia
1222 2745 1393 2819 requisivit,
1417 2751 1451 2803 ut

185 2855 247 2913 sibi
283 2867 341 2928 pro
376 2852 495 2910 cautela
529 2850 606 2928 juris
641 2859 670 2909 et
705 2850 920 2924 disposicionis
943 2851 1110 2908 solucionis
1134 2850 1254 2925 prefate
1275 2867 1373 2908 unum
1396 2851 1448 2909 vel

185 2959 290 3035 plura,
315 2959 477 3032 publicum
493 2973 546 3016 seu
560 2958 695 3028 publica,
708 2958 946 3016 instrumentum
963 2962 1015 3014 aut
1038 2958 1239 3015 instrumenta
1255 2956 1450 3030 conticerem,

189 3066 274 3141 quod
300 3072 329 3123 et
361 3063 419 3122 ieci
451 3063 555 3122 officio
586 3064 664 3122 mihi
694 3064 892 3122 incumbente
915 3068 943 3121 et
968 3063 1127 3120 communi
1151 3063 1269 3121 iusticia
1293 3062 1449 3122 suadente.

187 3175 265 3231 Acta
294 3175 365 3229 sunt
399 3171 456 3227 hec
489 3176 519 3227 et
550 3168 629 3227 iacta
663 3183 760 3240 anno,
794 3169 976 3240 indiccione,
997 3167 1057 3239 die,
1083 3183 1195 3240 mense,
1219 3169 1303 3238 hora,
1327 3169 1397 3227 loco
1420 3175 1450 3226 et

187 3277 378 3353 pontificatu,
394 3277 507 3350 quibus
530 3291 632 3350 supra.
649 3275 845 3333 Presentibus
867 3274 985 3332 ibidem
1008 3274 1244 3333 honorabilibus
1267 3279 1297 3332 et
1319 3275 1449 3333 circum·

186 3384 301 3459 spectis
331 3383 465 3442 dominis
495 3382 619 3440 Matheo
650 3381 786 3455 plebano
816 3380 944 3438 ecclesie
968 3380 1155 3452 parochialis
1178 3380 1275 3438 sancti
1299 3382 1395 3439 Marci
1418 3382 1450 3440 in

186 3489 297 3549 eadem
324 3494 429 3547 monte
452 3487 605 3558 Grecensi,
633 3487 757 3558 Briccio‚
781 3491 898 3543 rectore
920 3485 1028 3543 altaris
1052 3486 1148 3544 sancti
1172 3485 1294 3544 Nicolai
1314 3487 1454 3562 episcopi

188 3594 380 3665 confessoris,
411 3593 538 3663 ibidem,
571 3593 739 3652 Laurencio
767 3591 892 3666 Sporar‚
923 3591 1027 3650 Blasio
1051 3591 1226 3664 Stenychlri,
1250 3593 1348 3651 Paulo
1371 3594 1452 3654 auri·

188 3700 280 3761 fabro
304 3707 334 3758 et
365 3700 459 3759 Gallo
491 3699 650 3772 Rudetych
673 3699 795 3757 civibus
817 3696 881 3773 jam
905 3697 967 3757 iate
990 3698 1122 3756 civitatis
1146 3699 1260 3756 montis
1283 3698 1453 3772 Grecensis,

188 3808 325 3881 aliisque
353 3822 447 3882 quam
471 3805 616 3881 pluribus
639 3805 757 3864 idoneis
781 3812 810 3861 et
832 3803 980 3862 fidelibus
1002 3805 1132 3862 testibus
1156 3804 1194 3862 ad
1225 3806 1377 3878 premissa
1400 3820 1454 3862 vo·

188 3913 273 3985 catis,
295 3913 412 3987 rogatis
436 3918 466 3970 et
488 3912 521 3970 in
543 3911 754 3971 testimonium
776 3909 1001 3985 premissorum
1025 3910 1188 3982 requisitis.

215 4117 324 4181 Signum

215 4206 318 4258 notarii.
344 4189 350 4195 ’

296 4334 334 4392 Et
356 4348 414 4408 ego
446 4334 587 4392 Matheus
617 4334 760 4409 Gregorii
783 4335 822 4394 de
844 4334 1177 4408 Szenthgywrgywara
1199 4333 1329 4391 clericus
1352 4348 1456 4407 ragra-

189 4441 310 4501 biensis
343 4439 483 4511 diocesis,
517 4455 604 4499 sacra
637 4441 794 4516 imperiali
826 4443 1006 4500 auctoritate
1041 4441 1180 4499 notarius
1203 4440 1356 4514 publicus,
1380 4441 1454 4515 quia

192 4547 325 4622 prefatis
347 4546 483 4617 iussioni,
506 4549 725 4623 protestacioni
751 4555 780 4607 et
804 4549 1001 4622 requisicioni
1024 4548 1155 4620 aliisque
1178 4546 1324 4605 omnibus
1348 4552 1378 4605 et
1393 4547 1457 4606 sin-

191 4653 277 4728 gulis
302 4654 473 4728 premissis,
497 4652 573 4711 dum
604 4654 656 4724 sic,
680 4659 715 4711 ut
736 4653 901 4728 prefertur,
931 4653 1040 4711 fierent
1068 4658 1098 4710 et
1130 4657 1303 4727 agerentur,
1324 4668 1459 4710 unacum

191 4760 416 4835 prenominatis
452 4759 582 4817 testibus
614 4775 741 4833 presens
776 4758 909 4830 intertui,
945 4774 1043 4832 eaque
1077 4759 1182 4816 omnia
1216 4763 1246 4817 et
1268 4758 1392 4832 singula
1415 4757 1461 4818 sic

192 4864 265 4924 fleri
289 4865 355 4925 vidi
373 4871 404 4925 et
420 4865 536 4940 audivi,
559 4865 630 4924 ideo
652 4867 711 4924 hoc
732 4881 860 4941 presens
883 4865 1049 4941 publicum
1071 4865 1312 4923 instrumentum
1335 4879 1390 4938 per
1408 4880 1458 4922 me

1337 4964 1353 5001 a
