<?xml version="1.0" encoding="UTF-8"?>
<!DOCTYPE html PUBLIC "-//W3C//DTD XHTML 1.0 Transitional//EN"
    "http://www.w3.org/TR/xhtml1/DTD/xhtml1-transitional.dtd">
<html xmlns="http://www.w3.org/1999/xhtml" xml:lang="en" lang="en">
 <head>
  <title>
</title>
<meta http-equiv="Content-Type" content="text/html;charset=utf-8" />
  <meta name='ocr-system' content='tesseract 3.04.00' />
  <meta name='ocr-capabilities' content='ocr_page ocr_carea ocr_par ocr_line ocrx_word'/>
</head>
<body>
  <div class='ocr_page' id='page_1' title='image "./monumentahistor01laszgoog_0720.png"; bbox 0 0 3278 5348; ppageno 0'>
   <div class='ocr_carea' id='block_1_1' title="bbox 181 457 1059 579">
    <p class='ocr_par' dir='ltr' id='par_1_1' title="bbox 181 457 1059 579">
     <span class='ocr_line' id='line_1_1' title="bbox 181 457 1059 579; baseline -0.009 -54"><span class='ocrx_word' id='word_1_1' title='bbox 181 483 285 579; x_wconf 58' lang='lat'><strong>45—2-</strong></span> <span class='ocrx_word' id='word_1_2' title='bbox 594 463 668 522; x_wconf 84' lang='lat' dir='ltr'><strong>Doc.</strong></span> <span class='ocrx_word' id='word_1_3' title='bbox 685 457 764 540; x_wconf 76' lang='lat'><strong>346.</strong></span> <span class='ocrx_word' id='word_1_4' title='bbox 790 492 831 506; x_wconf 90' lang='lat'><em>-</em></span> <span class='ocrx_word' id='word_1_5' title='bbox 854 461 911 519; x_wconf 66' lang='lat' dir='ltr'><strong>Aa</strong></span> <span class='ocrx_word' id='word_1_6' title='bbox 934 457 1059 573; x_wconf 59' lang='lat'><em>1487.-</em></span> 
     </span>
    </p>
   </div>
   <div class='ocr_carea' id='block_1_2' title="bbox 181 676 1455 5000">
    <p class='ocr_par' dir='ltr' id='par_1_2' title="bbox 181 676 1455 5000">
     <span class='ocr_line' id='line_1_2' title="bbox 181 676 1453 754; baseline -0.004 -12"><span class='ocrx_word' id='word_1_7' title='bbox 181 683 309 742; x_wconf 90' lang='lat' dir='ltr'><strong>domino</strong></span> <span class='ocrx_word' id='word_1_8' title='bbox 330 687 437 742; x_wconf 91' lang='lat' dir='ltr'><strong>nostro</strong></span> <span class='ocrx_word' id='word_1_9' title='bbox 458 695 532 754; x_wconf 89' lang='lat' dir='ltr'><strong>rege</strong></span> <span class='ocrx_word' id='word_1_10' title='bbox 555 693 627 737; x_wconf 94' lang='lat' dir='ltr'><strong>cum</strong></span> <span class='ocrx_word' id='word_1_11' title='bbox 650 677 873 752; x_wconf 77' lang='lat' dir='ltr'>procuratoriis</span> <span class='ocrx_word' id='word_1_12' title='bbox 897 678 1010 736; x_wconf 88' lang='lat' dir='ltr'><strong>litteris</strong></span> <span class='ocrx_word' id='word_1_13' title='bbox 1032 676 1174 735; x_wconf 88' lang='lat' dir='ltr'><strong>eiusdem</strong></span> <span class='ocrx_word' id='word_1_14' title='bbox 1197 678 1355 752; x_wconf 81' lang='lat' dir='ltr'><strong>prelibati</strong></span> <span class='ocrx_word' id='word_1_15' title='bbox 1386 692 1453 737; x_wconf 88' lang='lat' dir='ltr'><strong>con·</strong></span> 
     </span>
     <span class='ocr_line' id='line_1_3' title="bbox 182 783 1453 860; baseline -0.002 -14"><span class='ocrx_word' id='word_1_16' title='bbox 182 789 255 847; x_wconf 88' lang='lat' dir='ltr'><strong>dam</strong></span> <span class='ocrx_word' id='word_1_17' title='bbox 277 789 397 848; x_wconf 89' lang='lat' dir='ltr'><strong>domini</strong></span> <span class='ocrx_word' id='word_1_18' title='bbox 420 786 581 846; x_wconf 77' lang='lat' dir='ltr'>Michaelis</span> <span class='ocrx_word' id='word_1_19' title='bbox 602 784 735 860; x_wconf 84' lang='lat' dir='ltr'><strong>palatini</strong></span> <span class='ocrx_word' id='word_1_20' title='bbox 758 783 885 843; x_wconf 82' lang='lat' dir='ltr'><strong>veniens</strong></span> <span class='ocrx_word' id='word_1_21' title='bbox 907 784 940 842; x_wconf 91' lang='lat' dir='ltr'><strong>in</strong></span> <span class='ocrx_word' id='word_1_22' title='bbox 959 783 1158 857; x_wconf 85' lang='lat' dir='ltr'><strong>presentiam,</strong></span> <span class='ocrx_word' id='word_1_23' title='bbox 1176 783 1302 844; x_wconf 83' lang='lat' dir='ltr'>litteras</span> <span class='ocrx_word' id='word_1_24' title='bbox 1323 784 1453 843; x_wconf 84' lang='lat' dir='ltr'><strong>annouti</strong></span> 
     </span>
     <span class='ocr_line' id='line_1_4' title="bbox 181 887 1451 968; baseline -0.003 -16"><span class='ocrx_word' id='word_1_25' title='bbox 181 894 311 968; x_wconf 87' lang='lat' dir='ltr'><strong>capituli</strong></span> <span class='ocrx_word' id='word_1_26' title='bbox 344 892 473 952; x_wconf 81' lang='lat' dir='ltr'>ecclesie</span> <span class='ocrx_word' id='word_1_27' title='bbox 510 890 701 950; x_wconf 87' lang='lat' dir='ltr'><strong>chasmensis</strong></span> <span class='ocrx_word' id='word_1_28' title='bbox 738 905 834 965; x_wconf 90' lang='lat' dir='ltr'><strong>super</strong></span> <span class='ocrx_word' id='word_1_29' title='bbox 865 890 935 963; x_wconf 92' lang='lat' dir='ltr'><strong>ipsa</strong></span> <span class='ocrx_word' id='word_1_30' title='bbox 966 887 1166 947; x_wconf 83' lang='lat' dir='ltr'><strong>trinalorensi</strong></span> <span class='ocrx_word' id='word_1_31' title='bbox 1199 890 1451 964; x_wconf 86' lang='lat' dir='ltr'><strong>proclamacione</strong></span> 
     </span>
     <span class='ocr_line' id='line_1_5' title="bbox 182 994 1448 1075; baseline -0.003 -17"><span class='ocrx_word' id='word_1_32' title='bbox 182 998 445 1075; x_wconf 89' lang='lat' dir='ltr'><strong>rescripcionales,</strong></span> <span class='ocrx_word' id='word_1_33' title='bbox 480 998 584 1056; x_wconf 89' lang='lat' dir='ltr'><strong>clause</strong></span> <span class='ocrx_word' id='word_1_34' title='bbox 617 1001 796 1068; x_wconf 74' lang='lat' dir='ltr'><strong>emanatas,</strong></span> <span class='ocrx_word' id='word_1_35' title='bbox 830 995 932 1055; x_wconf 91' lang='lat' dir='ltr'><strong>eidem</strong></span> <span class='ocrx_word' id='word_1_36' title='bbox 969 994 1098 1054; x_wconf 89' lang='lat' dir='ltr'><strong>domino</strong></span> <span class='ocrx_word' id='word_1_37' title='bbox 1135 995 1289 1056; x_wconf 83' lang='lat' dir='ltr'><strong>Michaeli</strong></span> <span class='ocrx_word' id='word_1_38' title='bbox 1315 996 1448 1072; x_wconf 85' lang='lat' dir='ltr'><strong>palatino</strong></span> 
     </span>
     <span class='ocr_line' id='line_1_6' title="bbox 184 1100 1450 1180; baseline -0.002 -16"><span class='ocrx_word' id='word_1_39' title='bbox 184 1110 413 1180; x_wconf 86' lang='lat' dir='ltr'><strong>presentssset,</strong></span> <span class='ocrx_word' id='word_1_40' title='bbox 449 1103 481 1162; x_wconf 91' lang='lat' dir='ltr'><strong>in</strong></span> <span class='ocrx_word' id='word_1_41' title='bbox 521 1104 635 1176; x_wconf 90' lang='lat' dir='ltr'><strong>quibus</strong></span> <span class='ocrx_word' id='word_1_42' title='bbox 666 1117 723 1176; x_wconf 91' lang='lat' dir='ltr'><strong>per</strong></span> <span class='ocrx_word' id='word_1_43' title='bbox 753 1100 918 1161; x_wconf 84' lang='lat' dir='ltr'><strong>Balthaaar</strong></span> <span class='ocrx_word' id='word_1_44' title='bbox 948 1100 986 1159; x_wconf 91' lang='lat' dir='ltr'><strong>de</strong></span> <span class='ocrx_word' id='word_1_45' title='bbox 1017 1101 1221 1174; x_wconf 80' lang='lat' dir='ltr'><strong>Mykchowcz</strong></span> <span class='ocrx_word' id='word_1_46' title='bbox 1253 1103 1450 1178; x_wconf 85' lang='lat' dir='ltr'><strong>palatinalem</strong></span> 
     </span>
     <span class='ocr_line' id='line_1_7' title="bbox 183 1206 1451 1282; baseline -0.002 -13"><span class='ocrx_word' id='word_1_47' title='bbox 183 1227 219 1270; x_wconf 91' lang='lat' dir='ltr'><strong>ac</strong></span> <span class='ocrx_word' id='word_1_48' title='bbox 244 1211 413 1269; x_wconf 92' lang='lat' dir='ltr'><strong>discretum</strong></span> <span class='ocrx_word' id='word_1_49' title='bbox 431 1209 618 1282; x_wconf 88' lang='lat' dir='ltr'><strong>Gregorium</strong></span> <span class='ocrx_word' id='word_1_50' title='bbox 635 1209 844 1282; x_wconf 76' lang='lat' dir='ltr'><strong>presbiterum</strong></span> <span class='ocrx_word' id='word_1_51' title='bbox 861 1208 948 1266; x_wconf 89' lang='lat' dir='ltr'><strong>chori</strong></span> <span class='ocrx_word' id='word_1_52' title='bbox 963 1206 1101 1266; x_wconf 91' lang='lat' dir='ltr'><strong>eiusdem</strong></span> <span class='ocrx_word' id='word_1_53' title='bbox 1118 1207 1252 1267; x_wconf 78' lang='lat' dir='ltr'>ecclesie</span> <span class='ocrx_word' id='word_1_54' title='bbox 1269 1208 1451 1268; x_wconf 86' lang='lat' dir='ltr'><strong>chasmensis</strong></span> 
     </span>
     <span class='ocr_line' id='line_1_8' title="bbox 182 1313 1452 1392; baseline -0.002 -17"><span class='ocrx_word' id='word_1_55' title='bbox 182 1316 427 1392; x_wconf 88' lang='lat' dir='ltr'><strong>prebendarium</strong></span> <span class='ocrx_word' id='word_1_56' title='bbox 450 1315 590 1373; x_wconf 88' lang='lat' dir='ltr'><strong>eiusdem</strong></span> <span class='ocrx_word' id='word_1_57' title='bbox 611 1315 743 1389; x_wconf 90' lang='lat' dir='ltr'><strong>capituli</strong></span> <span class='ocrx_word' id='word_1_58' title='bbox 765 1314 963 1386; x_wconf 73' lang='lat' dir='ltr'><strong>ehamensis,</strong></span> <span class='ocrx_word' id='word_1_59' title='bbox 992 1314 1144 1385; x_wconf 88' lang='lat' dir='ltr'><strong>homines,</strong></span> <span class='ocrx_word' id='word_1_60' title='bbox 1177 1313 1344 1389; x_wconf 82' lang='lat' dir='ltr'><strong>prefatum</strong></span> <span class='ocrx_word' id='word_1_61' title='bbox 1376 1313 1452 1388; x_wconf 80' lang='lat' dir='ltr'><strong>capi·</strong></span> 
     </span>
     <span class='ocr_line' id='line_1_9' title="bbox 186 1418 1452 1495; baseline -0.001 -15"><span class='ocrx_word' id='word_1_62' title='bbox 186 1422 287 1480; x_wconf 90' lang='lat' dir='ltr'><strong>tulum</strong></span> <span class='ocrx_word' id='word_1_63' title='bbox 311 1422 439 1480; x_wconf 88' lang='lat' dir='ltr'>ecclesie</span> <span class='ocrx_word' id='word_1_64' title='bbox 462 1421 681 1493; x_wconf 87' lang='lat' dir='ltr'><strong>zagrabiensis,</strong></span> <span class='ocrx_word' id='word_1_65' title='bbox 704 1421 808 1495; x_wconf 88' lang='lat' dir='ltr'><strong>primo</strong></span> <span class='ocrx_word' id='word_1_66' title='bbox 837 1419 915 1478; x_wconf 85' lang='lat' dir='ltr'><strong>feria</strong></span> <span class='ocrx_word' id='word_1_67' title='bbox 945 1419 1053 1493; x_wconf 88' lang='lat' dir='ltr'><strong>quinta</strong></span> <span class='ocrx_word' id='word_1_68' title='bbox 1076 1420 1224 1494; x_wconf 81' lang='lat' dir='ltr'><strong>proxima</strong></span> <span class='ocrx_word' id='word_1_69' title='bbox 1248 1426 1323 1495; x_wconf 87' lang='lat' dir='ltr'><strong>post</strong></span> <span class='ocrx_word' id='word_1_70' title='bbox 1345 1418 1452 1479; x_wconf 85' lang='lat' dir='ltr'><strong>festum</strong></span> 
     </span>
     <span class='ocr_line' id='line_1_10' title="bbox 185 1524 1451 1607; baseline -0.001 -21"><span class='ocrx_word' id='word_1_71' title='bbox 185 1529 419 1587; x_wconf 89' lang='lat' dir='ltr'><strong>resurrectionis</strong></span> <span class='ocrx_word' id='word_1_72' title='bbox 442 1527 571 1607; x_wconf 88' lang='lat' dir='ltr'><strong>Domini</strong></span> <span class='ocrx_word' id='word_1_73' title='bbox 602 1532 674 1586; x_wconf 99' lang='grc' dir='ltr'><strong>ωηο</strong></span> <span class='ocrx_word' id='word_1_74' title='bbox 705 1528 845 1600; x_wconf 91' lang='lat' dir='ltr'><strong>preteriti</strong></span> <span class='ocrx_word' id='word_1_75' title='bbox 875 1527 907 1584; x_wconf 92' lang='lat' dir='ltr'><strong>in</strong></span> <span class='ocrx_word' id='word_1_76' title='bbox 937 1524 1212 1598; x_wconf 82' lang='lat' dir='ltr'><strong>Chetherthehhel,</strong></span> <span class='ocrx_word' id='word_1_77' title='bbox 1236 1527 1385 1600; x_wconf 88' lang='lat' dir='ltr'><strong>secundo,</strong></span> <span class='ocrx_word' id='word_1_78' title='bbox 1406 1525 1451 1585; x_wconf 89' lang='lat' dir='ltr'><strong>die</strong></span> 
     </span>
     <span class='ocr_line' id='line_1_11' title="bbox 185 1631 1451 1706; baseline 0.001 -16"><span class='ocrx_word' id='word_1_79' title='bbox 185 1632 341 1692; x_wconf 90' lang='lat' dir='ltr'><strong>dominico</strong></span> <span class='ocrx_word' id='word_1_80' title='bbox 373 1633 554 1692; x_wconf 76' lang='lat' dir='ltr'><strong>immediate</strong></span> <span class='ocrx_word' id='word_1_81' title='bbox 584 1632 733 1706; x_wconf 86' lang='lat' dir='ltr'><strong>sequenti,</strong></span> <span class='ocrx_word' id='word_1_82' title='bbox 764 1636 883 1706; x_wconf 90' lang='lat' dir='ltr'><strong>utputa,</strong></span> <span class='ocrx_word' id='word_1_83' title='bbox 915 1633 946 1690; x_wconf 94' lang='lat' dir='ltr'><strong>in</strong></span> <span class='ocrx_word' id='word_1_84' title='bbox 977 1636 1088 1690; x_wconf 82' lang='lat' dir='ltr'><strong>octava</strong></span> <span class='ocrx_word' id='word_1_85' title='bbox 1117 1631 1190 1691; x_wconf 82' lang='lat' dir='ltr'><strong>festi</strong></span> <span class='ocrx_word' id='word_1_86' title='bbox 1220 1632 1451 1693; x_wconf 88' lang='lat' dir='ltr'><strong>resurrectionis</strong></span> 
     </span>
     <span class='ocr_line' id='line_1_12' title="bbox 184 1737 1451 1813; baseline 0 -16"><span class='ocrx_word' id='word_1_87' title='bbox 184 1739 310 1797; x_wconf 87' lang='lat' dir='ltr'><strong>Domini</strong></span> <span class='ocrx_word' id='word_1_88' title='bbox 332 1740 364 1797; x_wconf 92' lang='lat' dir='ltr'><strong>in</strong></span> <span class='ocrx_word' id='word_1_89' title='bbox 388 1739 482 1812; x_wconf 88' lang='lat' dir='ltr'><strong>Vgra,</strong></span> <span class='ocrx_word' id='word_1_90' title='bbox 507 1740 603 1798; x_wconf 91' lang='lat' dir='ltr'><strong>tercio</strong></span> <span class='ocrx_word' id='word_1_91' title='bbox 618 1754 754 1812; x_wconf 90' lang='lat' dir='ltr'><strong>namque</strong></span> <span class='ocrx_word' id='word_1_92' title='bbox 776 1746 807 1798; x_wconf 90' lang='lat' dir='ltr'><strong>et</strong></span> <span class='ocrx_word' id='word_1_93' title='bbox 829 1740 942 1798; x_wconf 88' lang='lat' dir='ltr'><strong>ultimo</strong></span> <span class='ocrx_word' id='word_1_94' title='bbox 965 1738 1043 1797; x_wconf 81' lang='lat' dir='ltr'><strong>feria</strong></span> <span class='ocrx_word' id='word_1_95' title='bbox 1058 1737 1194 1797; x_wconf 86' lang='lat' dir='ltr'><strong>secunda</strong></span> <span class='ocrx_word' id='word_1_96' title='bbox 1209 1741 1361 1813; x_wconf 81' lang='lat' dir='ltr'><strong>proxima</strong></span> <span class='ocrx_word' id='word_1_97' title='bbox 1374 1739 1451 1798; x_wconf 88' lang='lat' dir='ltr'><strong>simi·</strong></span> 
     </span>
     <span class='ocr_line' id='line_1_13' title="bbox 184 1843 1451 1919; baseline 0.001 -16"><span class='ocrx_word' id='word_1_98' title='bbox 184 1845 256 1903; x_wconf 88' lang='lat' dir='ltr'><strong>liter</strong></span> <span class='ocrx_word' id='word_1_99' title='bbox 289 1845 470 1903; x_wconf 83' lang='lat' dir='ltr'><strong>immediate</strong></span> <span class='ocrx_word' id='word_1_100' title='bbox 498 1846 640 1919; x_wconf 82' lang='lat' dir='ltr'><strong>sequenti</strong></span> <span class='ocrx_word' id='word_1_101' title='bbox 669 1846 701 1903; x_wconf 95' lang='lat' dir='ltr'><strong>in</strong></span> <span class='ocrx_word' id='word_1_102' title='bbox 724 1851 830 1904; x_wconf 87' lang='lat' dir='ltr'><strong>monte</strong></span> <span class='ocrx_word' id='word_1_103' title='bbox 852 1843 1008 1916; x_wconf 85' lang='lat' dir='ltr'><strong>Grecensi,</strong></span> <span class='ocrx_word' id='word_1_104' title='bbox 1031 1845 1062 1902; x_wconf 93' lang='lat' dir='ltr'><strong>in</strong></span> <span class='ocrx_word' id='word_1_105' title='bbox 1088 1843 1211 1919; x_wconf 82' lang='lat' dir='ltr'><strong>prelato</strong></span> <span class='ocrx_word' id='word_1_106' title='bbox 1235 1846 1389 1906; x_wconf 84' lang='lat' dir='ltr'><strong>comitato</strong></span> <span class='ocrx_word' id='word_1_107' title='bbox 1409 1860 1451 1904; x_wconf 82' lang='lat' dir='ltr'><strong>aa·</strong></span> 
     </span>
     <span class='ocr_line' id='line_1_14' title="bbox 184 1950 1451 2028; baseline 0.002 -20"><span class='ocrx_word' id='word_1_108' title='bbox 184 1951 341 2024; x_wconf 85' lang='lat' dir='ltr'><strong>grabiensi</strong></span> <span class='ocrx_word' id='word_1_109' title='bbox 375 1952 533 2022; x_wconf 84' lang='lat' dir='ltr'><strong>existente,</strong></span> <span class='ocrx_word' id='word_1_110' title='bbox 557 1952 658 2010; x_wconf 90' lang='lat' dir='ltr'><strong>tribus</strong></span> <span class='ocrx_word' id='word_1_111' title='bbox 690 1950 807 2010; x_wconf 89' lang='lat' dir='ltr'><strong>scilicet</strong></span> <span class='ocrx_word' id='word_1_112' title='bbox 837 1950 914 2010; x_wconf 85' lang='lat' dir='ltr'><strong>foris</strong></span> <span class='ocrx_word' id='word_1_113' title='bbox 945 1951 1269 2025; x_wconf 82' lang='lat' dir='ltr'><strong>comprovincialibus</strong></span> <span class='ocrx_word' id='word_1_114' title='bbox 1297 1957 1372 2028; x_wconf 89' lang='lat' dir='ltr'><strong>post</strong></span> <span class='ocrx_word' id='word_1_115' title='bbox 1392 1967 1451 2011; x_wconf 85' lang='lat' dir='ltr'><strong>sese</strong></span> 
     </span>
     <span class='ocr_line' id='line_1_15' title="bbox 185 2056 1450 2131; baseline 0.002 -16"><span class='ocrx_word' id='word_1_116' title='bbox 185 2058 338 2116; x_wconf 88' lang='lat' dir='ltr'><strong>celebrari</strong></span> <span class='ocrx_word' id='word_1_117' title='bbox 360 2059 460 2117; x_wconf 89' lang='lat' dir='ltr'><strong>solitis</strong></span> <span class='ocrx_word' id='word_1_118' title='bbox 482 2057 523 2116; x_wconf 90' lang='lat' dir='ltr'><strong>ad</strong></span> <span class='ocrx_word' id='word_1_119' title='bbox 546 2073 591 2130; x_wconf 90' lang='lat' dir='ltr'><strong>ea,</strong></span> <span class='ocrx_word' id='word_1_120' title='bbox 615 2073 676 2131; x_wconf 89' lang='lat' dir='ltr'><strong>que</strong></span> <span class='ocrx_word' id='word_1_121' title='bbox 698 2058 730 2116; x_wconf 92' lang='lat' dir='ltr'><strong>in</strong></span> <span class='ocrx_word' id='word_1_122' title='bbox 752 2056 844 2116; x_wconf 91' lang='lat' dir='ltr'><strong>dictis</strong></span> <span class='ocrx_word' id='word_1_123' title='bbox 867 2057 979 2116; x_wconf 87' lang='lat' dir='ltr'><strong>litteris</strong></span> <span class='ocrx_word' id='word_1_124' title='bbox 1002 2056 1116 2131; x_wconf 88' lang='lat' dir='ltr'><strong>prelati</strong></span> <span class='ocrx_word' id='word_1_125' title='bbox 1137 2057 1261 2118; x_wconf 87' lang='lat' dir='ltr'><strong>domini</strong></span> <span class='ocrx_word' id='word_1_126' title='bbox 1294 2058 1450 2118; x_wconf 77' lang='lat' dir='ltr'><strong>Michaelis</strong></span> 
     </span>
     <span class='ocr_line' id='line_1_16' title="bbox 185 2161 1452 2239; baseline 0.002 -18"><span class='ocrx_word' id='word_1_127' title='bbox 185 2165 316 2237; x_wconf 82' lang='lat' dir='ltr'><strong>palatini</strong></span> <span class='ocrx_word' id='word_1_128' title='bbox 348 2166 542 2223; x_wconf 91' lang='lat' dir='ltr'><strong>continentur</strong></span> <span class='ocrx_word' id='word_1_129' title='bbox 572 2178 797 2239; x_wconf 88' lang='lat' dir='ltr'><strong>responsurum</strong></span> <span class='ocrx_word' id='word_1_130' title='bbox 828 2178 864 2222; x_wconf 92' lang='lat' dir='ltr'><strong>ac</strong></span> <span class='ocrx_word' id='word_1_131' title='bbox 895 2163 935 2221; x_wconf 92' lang='lat' dir='ltr'><strong>de</strong></span> <span class='ocrx_word' id='word_1_132' title='bbox 964 2161 1087 2238; x_wconf 89' lang='lat' dir='ltr'><strong>judiciis</strong></span> <span class='ocrx_word' id='word_1_133' title='bbox 1120 2178 1239 2223; x_wconf 85' lang='lat' dir='ltr'><strong>novem</strong></span> <span class='ocrx_word' id='word_1_134' title='bbox 1277 2179 1452 2223; x_wconf 85' lang='lat' dir='ltr'><strong>marcarum</strong></span> 
     </span>
     <span class='ocr_line' id='line_1_17' title="bbox 184 2270 1451 2345; baseline 0 -17"><span class='ocrx_word' id='word_1_135' title='bbox 184 2270 287 2329; x_wconf 90' lang='lat' dir='ltr'><strong>eidem</strong></span> <span class='ocrx_word' id='word_1_136' title='bbox 310 2271 439 2330; x_wconf 90' lang='lat' dir='ltr'><strong>domino</strong></span> <span class='ocrx_word' id='word_1_137' title='bbox 462 2272 607 2330; x_wconf 82' lang='lat' dir='ltr'><strong>Michaeli</strong></span> <span class='ocrx_word' id='word_1_138' title='bbox 632 2271 772 2345; x_wconf 86' lang='lat' dir='ltr'><strong>palatino</strong></span> <span class='ocrx_word' id='word_1_139' title='bbox 795 2277 825 2330; x_wconf 92' lang='lat' dir='ltr'><strong>et</strong></span> <span class='ocrx_word' id='word_1_140' title='bbox 847 2271 930 2345; x_wconf 91' lang='lat' dir='ltr'><strong>parti</strong></span> <span class='ocrx_word' id='word_1_141' title='bbox 952 2270 1083 2330; x_wconf 84' lang='lat' dir='ltr'><strong>adverse</strong></span> <span class='ocrx_word' id='word_1_142' title='bbox 1098 2270 1334 2330; x_wconf 82' lang='lat' dir='ltr'><strong>satisfacturum</strong></span> <span class='ocrx_word' id='word_1_143' title='bbox 1349 2277 1451 2330; x_wconf 79' lang='lat' dir='ltr'><strong>oontm</strong></span> 
     </span>
     <span class='ocr_line' id='line_1_18' title="bbox 185 2374 1448 2450; baseline 0.001 -16"><span class='ocrx_word' id='word_1_144' title='bbox 185 2383 367 2436; x_wconf 90' lang='lat' dir='ltr'><strong>annotatum</strong></span> <span class='ocrx_word' id='word_1_145' title='bbox 389 2376 553 2435; x_wconf 88' lang='lat' dir='ltr'><strong>dominum</strong></span> <span class='ocrx_word' id='word_1_146' title='bbox 576 2376 719 2436; x_wconf 85' lang='lat' dir='ltr'><strong>nostrum</strong></span> <span class='ocrx_word' id='word_1_147' title='bbox 734 2391 850 2450; x_wconf 88' lang='lat' dir='ltr'><strong>regem,</strong></span> <span class='ocrx_word' id='word_1_148' title='bbox 865 2380 1013 2448; x_wconf 90' lang='lat' dir='ltr'><strong>actorem,</strong></span> <span class='ocrx_word' id='word_1_149' title='bbox 1030 2377 1157 2450; x_wconf 89' lang='lat' dir='ltr'><strong>publice</strong></span> <span class='ocrx_word' id='word_1_150' title='bbox 1178 2383 1209 2435; x_wconf 90' lang='lat' dir='ltr'><strong>ct</strong></span> <span class='ocrx_word' id='word_1_151' title='bbox 1232 2376 1400 2437; x_wconf 73' lang='lat' dir='ltr'><strong>manifeste</strong></span> <span class='ocrx_word' id='word_1_152' title='bbox 1413 2374 1448 2435; x_wconf 88' lang='lat' dir='ltr'><strong>ad</strong></span> 
     </span>
     <span class='ocr_line' id='line_1_19' title="bbox 186 2481 1449 2556; baseline -0.001 -15"><span class='ocrx_word' id='word_1_153' title='bbox 186 2489 312 2541; x_wconf 83' lang='lat' dir='ltr'><strong>octavas</strong></span> <span class='ocrx_word' id='word_1_154' title='bbox 344 2482 414 2541; x_wconf 83' lang='lat' dir='ltr'><strong>testi</strong></span> <span class='ocrx_word' id='word_1_155' title='bbox 446 2483 529 2541; x_wconf 89' lang='lat' dir='ltr'><strong>beati</strong></span> <span class='ocrx_word' id='word_1_156' title='bbox 557 2481 685 2556; x_wconf 75' lang='lat' dir='ltr'><strong>Georgii</strong></span> <span class='ocrx_word' id='word_1_157' title='bbox 715 2483 851 2542; x_wconf 87' lang='lat' dir='ltr'><strong>martiris</strong></span> <span class='ocrx_word' id='word_1_158' title='bbox 881 2482 912 2540; x_wconf 93' lang='lat' dir='ltr'><strong>in</strong></span> <span class='ocrx_word' id='word_1_159' title='bbox 934 2498 1017 2541; x_wconf 91' lang='lat' dir='ltr'><strong>anno</strong></span> <span class='ocrx_word' id='word_1_160' title='bbox 1041 2482 1159 2542; x_wconf 89' lang='lat' dir='ltr'><strong>domini</strong></span> <span class='ocrx_word' id='word_1_161' title='bbox 1183 2483 1359 2543; x_wconf 91' lang='lat' dir='ltr'><strong>millesimo</strong></span> <span class='ocrx_word' id='word_1_162' title='bbox 1380 2497 1449 2556; x_wconf 89' lang='lat' dir='ltr'><strong>qua·</strong></span> 
     </span>
     <span class='ocr_line' id='line_1_20' title="bbox 186 2588 1452 2664; baseline -0.001 -16"><span class='ocrx_word' id='word_1_163' title='bbox 186 2588 430 2661; x_wconf 86' lang='lat' dir='ltr'><strong>dringentesimo</strong></span> <span class='ocrx_word' id='word_1_164' title='bbox 461 2589 672 2661; x_wconf 87' lang='lat' dir='ltr'><strong>octuagesimo</strong></span> <span class='ocrx_word' id='word_1_165' title='bbox 704 2588 849 2660; x_wconf 89' lang='lat' dir='ltr'><strong>secundo,</strong></span> <span class='ocrx_word' id='word_1_166' title='bbox 872 2589 1045 2661; x_wconf 86' lang='lat' dir='ltr'><strong>preteritas,</strong></span> <span class='ocrx_word' id='word_1_167' title='bbox 1075 2603 1165 2647; x_wconf 92' lang='lat' dir='ltr'><strong>suam</strong></span> <span class='ocrx_word' id='word_1_168' title='bbox 1185 2590 1392 2664; x_wconf 85' lang='lat' dir='ltr'><strong>palatinalem</strong></span> <span class='ocrx_word' id='word_1_169' title='bbox 1422 2589 1452 2647; x_wconf 92' lang='lat' dir='ltr'><strong>in</strong></span> 
     </span>
     <span class='ocr_line' id='line_1_21' title="bbox 187 2694 1449 2770; baseline -0.001 -16"><span class='ocrx_word' id='word_1_170' title='bbox 187 2696 379 2770; x_wconf 85' lang='lat' dir='ltr'><strong>presenciam</strong></span> <span class='ocrx_word' id='word_1_171' title='bbox 404 2696 633 2770; x_wconf 90' lang='lat' dir='ltr'><strong>proclamatum</strong></span> <span class='ocrx_word' id='word_1_172' title='bbox 656 2694 752 2754; x_wconf 80' lang='lat' dir='ltr'><strong>luisse</strong></span> <span class='ocrx_word' id='word_1_173' title='bbox 774 2696 977 2769; x_wconf 87' lang='lat' dir='ltr'><strong>comperisset</strong></span> <span class='ocrx_word' id='word_1_174' title='bbox 1007 2694 1179 2754; x_wconf 81' lang='lat' dir='ltr'><strong>manifeste</strong></span> <span class='ocrx_word' id='word_1_175' title='bbox 1212 2694 1340 2770; x_wconf 79' lang='lat' dir='ltr'><strong>Quibus</strong></span> <span class='ocrx_word' id='word_1_176' title='bbox 1370 2694 1449 2754; x_wconf 84' lang='lat' dir='ltr'><strong>exhi·</strong></span> 
     </span>
     <span class='ocr_line' id='line_1_22' title="bbox 187 2799 1451 2884; baseline -0.002 -24"><span class='ocrx_word' id='word_1_177' title='bbox 187 2802 269 2872; x_wconf 90' lang='lat' dir='ltr'><strong>bitis,</strong></span> <span class='ocrx_word' id='word_1_178' title='bbox 289 2801 473 2875; x_wconf 84' lang='lat' dir='ltr'><strong>prefatoque</strong></span> <span class='ocrx_word' id='word_1_179' title='bbox 497 2802 646 2874; x_wconf 88' lang='lat' dir='ltr'><strong>magistro</strong></span> <span class='ocrx_word' id='word_1_180' title='bbox 669 2802 809 2884; x_wconf 78' lang='lat' dir='ltr'><strong>johanne</strong></span> <span class='ocrx_word' id='word_1_181' title='bbox 825 2802 972 2874; x_wconf 87' lang='lat' dir='ltr'><strong>Posegay,</strong></span> <span class='ocrx_word' id='word_1_182' title='bbox 990 2802 1144 2875; x_wconf 89' lang='lat' dir='ltr'><strong>legittimo</strong></span> <span class='ocrx_word' id='word_1_183' title='bbox 1160 2808 1367 2876; x_wconf 85' lang='lat' dir='ltr'><strong>procuratore</strong></span> <span class='ocrx_word' id='word_1_184' title='bbox 1381 2799 1451 2859; x_wconf 90' lang='lat' dir='ltr'><strong>dicti</strong></span> 
     </span>
     <span class='ocr_line' id='line_1_23' title="bbox 187 2907 1452 2982; baseline -0.002 -16"><span class='ocrx_word' id='word_1_185' title='bbox 187 2908 305 2966; x_wconf 89' lang='lat' dir='ltr'><strong>domini</strong></span> <span class='ocrx_word' id='word_1_186' title='bbox 327 2908 425 2966; x_wconf 89' lang='lat' dir='ltr'><strong>nostri</strong></span> <span class='ocrx_word' id='word_1_187' title='bbox 448 2908 539 2979; x_wconf 88' lang='lat' dir='ltr'><strong>regis,</strong></span> <span class='ocrx_word' id='word_1_188' title='bbox 562 2908 753 2982; x_wconf 72' lang='lat' dir='ltr'><strong>prescriptis</strong></span> <span class='ocrx_word' id='word_1_189' title='bbox 775 2908 895 2966; x_wconf 84' lang='lat' dir='ltr'><strong>litteras</strong></span> <span class='ocrx_word' id='word_1_190' title='bbox 925 2912 955 2967; x_wconf 91' lang='lat' dir='ltr'><strong>et</strong></span> <span class='ocrx_word' id='word_1_191' title='bbox 980 2907 1128 2966; x_wconf 90' lang='lat' dir='ltr'><strong>litteralia</strong></span> <span class='ocrx_word' id='word_1_192' title='bbox 1160 2907 1370 2967; x_wconf 88' lang='lat' dir='ltr'><strong>instrumenta</strong></span> <span class='ocrx_word' id='word_1_193' title='bbox 1400 2920 1452 2982; x_wconf 89' lang='lat' dir='ltr'><strong>per</strong></span> 
     </span>
     <span class='ocr_line' id='line_1_24' title="bbox 185 2994 1451 3088; baseline -0.003 -15"><span class='ocrx_word' id='word_1_194' title='bbox 185 3019 367 3073; x_wconf 88' lang='lat' dir='ltr'><strong>annotatum</strong></span> <span class='ocrx_word' id='word_1_195' title='bbox 391 3015 423 3072; x_wconf 91' lang='lat' dir='ltr'><strong>in</strong></span> <span class='ocrx_word' id='word_1_196' title='bbox 443 3028 568 3072; x_wconf 89' lang='lat' dir='ltr'><strong>causam</strong></span> <span class='ocrx_word' id='word_1_197' title='bbox 591 3019 757 3072; x_wconf 89' lang='lat' dir='ltr'><strong>attractum</strong></span> <span class='ocrx_word' id='word_1_198' title='bbox 789 3014 937 3072; x_wconf 81' lang='lat' dir='ltr'><strong>exhibere</strong></span> <span class='ocrx_word' id='word_1_199' title='bbox 969 3021 1146 3088; x_wconf 90' lang='lat' dir='ltr'><strong>assumptas</strong></span> <span class='ocrx_word' id='word_1_200' title='bbox 1168 2994 1322 3085; x_wconf 80' lang='lat' dir='ltr'><strong>exhiberi,</strong></span> <span class='ocrx_word' id='word_1_201' title='bbox 1352 3028 1388 3072; x_wconf 89' lang='lat' dir='ltr'><strong>ac</strong></span> <span class='ocrx_word' id='word_1_202' title='bbox 1416 3010 1451 3070; x_wconf 88' lang='lat' dir='ltr'><strong>de</strong></span> 
     </span>
     <span class='ocr_line' id='line_1_25' title="bbox 186 3116 1452 3196; baseline -0.002 -19"><span class='ocrx_word' id='word_1_203' title='bbox 186 3119 276 3177; x_wconf 92' lang='lat' dir='ltr'><strong>dictis</strong></span> <span class='ocrx_word' id='word_1_204' title='bbox 298 3118 424 3194; x_wconf 89' lang='lat' dir='ltr'><strong>judiciis</strong></span> <span class='ocrx_word' id='word_1_205' title='bbox 447 3135 562 3178; x_wconf 84' lang='lat' dir='ltr'><strong>novem</strong></span> <span class='ocrx_word' id='word_1_206' title='bbox 585 3135 762 3178; x_wconf 89' lang='lat' dir='ltr'><strong>marcarum</strong></span> <span class='ocrx_word' id='word_1_207' title='bbox 785 3116 881 3196; x_wconf 87' lang='lat' dir='ltr'><strong>judici</strong></span> <span class='ocrx_word' id='word_1_208' title='bbox 904 3126 934 3178; x_wconf 91' lang='lat' dir='ltr'><strong>et</strong></span> <span class='ocrx_word' id='word_1_209' title='bbox 956 3120 1039 3193; x_wconf 89' lang='lat' dir='ltr'><strong>parti</strong></span> <span class='ocrx_word' id='word_1_210' title='bbox 1061 3118 1192 3178; x_wconf 86' lang='lat' dir='ltr'><strong>adverse</strong></span> <span class='ocrx_word' id='word_1_211' title='bbox 1213 3119 1452 3178; x_wconf 81' lang='lat' dir='ltr'><strong>satisfactionem</strong></span> 
     </span>
     <span class='ocr_line' id='line_1_26' title="bbox 186 3224 1451 3309; baseline -0.002 -25"><span class='ocrx_word' id='word_1_212' title='bbox 186 3225 368 3299; x_wconf 87' lang='lat' dir='ltr'><strong>impendere</strong></span> <span class='ocrx_word' id='word_1_213' title='bbox 391 3226 577 3299; x_wconf 89' lang='lat' dir='ltr'><strong>postulante.</strong></span> <span class='ocrx_word' id='word_1_214' title='bbox 601 3225 683 3298; x_wconf 84' lang='lat' dir='ltr'><strong>Quia</strong></span> <span class='ocrx_word' id='word_1_215' title='bbox 705 3227 861 3309; x_wconf 88' lang='lat' dir='ltr'><strong>Johannes</strong></span> <span class='ocrx_word' id='word_1_216' title='bbox 884 3225 922 3283; x_wconf 90' lang='lat' dir='ltr'><strong>de</strong></span> <span class='ocrx_word' id='word_1_217' title='bbox 946 3225 1114 3284; x_wconf 85' lang='lat' dir='ltr'><strong>Orehowca</strong></span> <span class='ocrx_word' id='word_1_218' title='bbox 1138 3241 1197 3300; x_wconf 91' lang='lat' dir='ltr'><strong>pro</strong></span> <span class='ocrx_word' id='word_1_219' title='bbox 1219 3224 1352 3301; x_wconf 84' lang='lat' dir='ltr'><strong>jamfato</strong></span> <span class='ocrx_word' id='word_1_220' title='bbox 1374 3224 1451 3299; x_wconf 89' lang='lat' dir='ltr'><strong>capi·</strong></span> 
     </span>
     <span class='ocr_line' id='line_1_27' title="bbox 186 3330 1449 3406; baseline 0 -17"><span class='ocrx_word' id='word_1_221' title='bbox 186 3333 253 3390; x_wconf 92' lang='lat' dir='ltr'><strong>tulo</strong></span> <span class='ocrx_word' id='word_1_222' title='bbox 275 3333 405 3390; x_wconf 91' lang='lat' dir='ltr'><strong>ecclesie</strong></span> <span class='ocrx_word' id='word_1_223' title='bbox 425 3332 633 3403; x_wconf 82' lang='lat' dir='ltr'><strong>ragrabiensis</strong></span> <span class='ocrx_word' id='word_1_224' title='bbox 663 3347 736 3390; x_wconf 91' lang='lat' dir='ltr'><strong>cum</strong></span> <span class='ocrx_word' id='word_1_225' title='bbox 766 3331 989 3406; x_wconf 87' lang='lat' dir='ltr'><strong>procuratoriis</strong></span> <span class='ocrx_word' id='word_1_226' title='bbox 1021 3330 1133 3390; x_wconf 81' lang='lat' dir='ltr'><strong>litteris</strong></span> <span class='ocrx_word' id='word_1_227' title='bbox 1162 3330 1315 3404; x_wconf 86' lang='lat' dir='ltr'><strong>eiusdem,</strong></span> <span class='ocrx_word' id='word_1_228' title='bbox 1346 3345 1449 3391; x_wconf 89' lang='lat' dir='ltr'><strong>coram</strong></span> 
     </span>
     <span class='ocr_line' id='line_1_28' title="bbox 186 3437 1452 3513; baseline 0 -18"><span class='ocrx_word' id='word_1_229' title='bbox 186 3437 307 3510; x_wconf 88' lang='lat' dir='ltr'><strong>pretato</strong></span> <span class='ocrx_word' id='word_1_230' title='bbox 337 3438 464 3496; x_wconf 90' lang='lat' dir='ltr'><strong>domino</strong></span> <span class='ocrx_word' id='word_1_231' title='bbox 496 3437 648 3496; x_wconf 86' lang='lat' dir='ltr'><strong>Michaele</strong></span> <span class='ocrx_word' id='word_1_232' title='bbox 679 3438 818 3512; x_wconf 91' lang='lat' dir='ltr'><strong>palatino</strong></span> <span class='ocrx_word' id='word_1_233' title='bbox 849 3439 1004 3508; x_wconf 88' lang='lat' dir='ltr'><strong>astitisset,</strong></span> <span class='ocrx_word' id='word_1_234' title='bbox 1035 3443 1140 3497; x_wconf 87' lang='lat' dir='ltr'><strong>tamen</strong></span> <span class='ocrx_word' id='word_1_235' title='bbox 1169 3442 1234 3496; x_wconf 90' lang='lat' dir='ltr'><strong>tam</strong></span> <span class='ocrx_word' id='word_1_236' title='bbox 1269 3438 1452 3513; x_wconf 88' lang='lat' dir='ltr'><strong>premissam</strong></span> 
     </span>
     <span class='ocr_line' id='line_1_29' title="bbox 184 3541 1452 3620; baseline 0 -19"><span class='ocrx_word' id='word_1_237' title='bbox 184 3544 454 3602; x_wconf 87' lang='lat' dir='ltr'><strong>instrumentalem</strong></span> <span class='ocrx_word' id='word_1_238' title='bbox 477 3544 715 3615; x_wconf 81' lang='lat' dir='ltr'><strong>exhibicionem,</strong></span> <span class='ocrx_word' id='word_1_239' title='bbox 739 3560 834 3617; x_wconf 92' lang='lat' dir='ltr'><strong>quam</strong></span> <span class='ocrx_word' id='word_1_240' title='bbox 856 3545 955 3603; x_wconf 89' lang='lat' dir='ltr'><strong>eciam</strong></span> <span class='ocrx_word' id='word_1_241' title='bbox 978 3544 1171 3604; x_wconf 89' lang='lat' dir='ltr'><strong>solucionem</strong></span> <span class='ocrx_word' id='word_1_242' title='bbox 1194 3542 1353 3603; x_wconf 90' lang='lat' dir='ltr'><strong>dictorum</strong></span> <span class='ocrx_word' id='word_1_243' title='bbox 1376 3541 1452 3620; x_wconf 85' lang='lat' dir='ltr'><strong>judi·</strong></span> 
     </span>
     <span class='ocr_line' id='line_1_30' title="bbox 184 3648 1451 3724; baseline 0 -17"><span class='ocrx_word' id='word_1_244' title='bbox 184 3650 305 3707; x_wconf 91' lang='lat' dir='ltr'><strong>ciorum</strong></span> <span class='ocrx_word' id='word_1_245' title='bbox 327 3666 384 3722; x_wconf 91' lang='lat' dir='ltr'><strong>per</strong></span> <span class='ocrx_word' id='word_1_246' title='bbox 406 3648 538 3707; x_wconf 89' lang='lat' dir='ltr'><strong>eundem</strong></span> <span class='ocrx_word' id='word_1_247' title='bbox 563 3648 727 3707; x_wconf 90' lang='lat' dir='ltr'><strong>dominum</strong></span> <span class='ocrx_word' id='word_1_248' title='bbox 750 3650 934 3709; x_wconf 85' lang='lat' dir='ltr'><strong>Michaelem</strong></span> <span class='ocrx_word' id='word_1_249' title='bbox 958 3650 1135 3724; x_wconf 88' lang='lat' dir='ltr'><strong>palatinum</strong></span> <span class='ocrx_word' id='word_1_250' title='bbox 1150 3649 1183 3708; x_wconf 93' lang='lat' dir='ltr'><strong>in</strong></span> <span class='ocrx_word' id='word_1_251' title='bbox 1198 3649 1385 3709; x_wconf 84' lang='lat' dir='ltr'><strong>ulteriorem</strong></span> <span class='ocrx_word' id='word_1_252' title='bbox 1396 3655 1451 3707; x_wconf 88' lang='lat' dir='ltr'><strong>ter·</strong></span> 
     </span>
     <span class='ocr_line' id='line_1_31' title="bbox 186 3753 1454 3831; baseline -0.001 -19"><span class='ocrx_word' id='word_1_253' title='bbox 186 3754 306 3812; x_wconf 91' lang='lat' dir='ltr'><strong>minum</strong></span> <span class='ocrx_word' id='word_1_254' title='bbox 330 3754 450 3812; x_wconf 80' lang='lat' dir='ltr'><strong>differri</strong></span> <span class='ocrx_word' id='word_1_255' title='bbox 474 3754 670 3827; x_wconf 89' lang='lat' dir='ltr'><strong>postulasset,</strong></span> <span class='ocrx_word' id='word_1_256' title='bbox 694 3770 753 3828; x_wconf 90' lang='lat' dir='ltr'><strong>pro</strong></span> <span class='ocrx_word' id='word_1_257' title='bbox 768 3771 806 3814; x_wconf 88' lang='lat' dir='ltr'><strong>eo</strong></span> <span class='ocrx_word' id='word_1_258' title='bbox 828 3756 913 3815; x_wconf 90' lang='lat' dir='ltr'><strong>idem</strong></span> <span class='ocrx_word' id='word_1_259' title='bbox 929 3756 1075 3815; x_wconf 90' lang='lat' dir='ltr'><strong>dominus</strong></span> <span class='ocrx_word' id='word_1_260' title='bbox 1093 3755 1229 3815; x_wconf 85' lang='lat' dir='ltr'><strong>Michael</strong></span> <span class='ocrx_word' id='word_1_261' title='bbox 1243 3756 1403 3831; x_wconf 83' lang='lat' dir='ltr'><strong>palatinus</strong></span> <span class='ocrx_word' id='word_1_262' title='bbox 1416 3753 1454 3812; x_wconf 93' lang='lat' dir='ltr'><strong>ad</strong></span> 
     </span>
     <span class='ocr_line' id='line_1_32' title="bbox 185 3860 1453 3937; baseline 0.002 -20"><span class='ocrx_word' id='word_1_263' title='bbox 185 3867 311 3918; x_wconf 83' lang='lat' dir='ltr'><strong>octavas</strong></span> <span class='ocrx_word' id='word_1_264' title='bbox 342 3860 411 3920; x_wconf 84' lang='lat' dir='ltr'><strong>festi</strong></span> <span class='ocrx_word' id='word_1_265' title='bbox 442 3861 527 3919; x_wconf 90' lang='lat' dir='ltr'><strong>beati</strong></span> <span class='ocrx_word' id='word_1_266' title='bbox 558 3860 685 3933; x_wconf 85' lang='lat' dir='ltr'><strong>Georgii</strong></span> <span class='ocrx_word' id='word_1_267' title='bbox 708 3863 855 3932; x_wconf 89' lang='lat' dir='ltr'><strong>martiris,</strong></span> <span class='ocrx_word' id='word_1_268' title='bbox 889 3869 962 3922; x_wconf 91' lang='lat' dir='ltr'><strong>tunc</strong></span> <span class='ocrx_word' id='word_1_269' title='bbox 985 3869 1141 3934; x_wconf 84' lang='lat' dir='ltr'><strong>venturas,</strong></span> <span class='ocrx_word' id='word_1_270' title='bbox 1172 3861 1316 3921; x_wconf 82' lang='lat' dir='ltr'><strong>duxisset</strong></span> <span class='ocrx_word' id='word_1_271' title='bbox 1348 3874 1453 3937; x_wconf 83' lang='lat' dir='ltr'><strong>proro—</strong></span> 
     </span>
     <span class='ocr_line' id='line_1_33' title="bbox 184 3964 1454 4042; baseline 0.003 -20"><span class='ocrx_word' id='word_1_272' title='bbox 184 3964 319 4037; x_wconf 81' lang='lat' dir='ltr'><strong>gandam</strong></span> <span class='ocrx_word' id='word_1_273' title='bbox 344 3981 379 4024; x_wconf 90' lang='lat' dir='ltr'><strong>eo</strong></span> <span class='ocrx_word' id='word_1_274' title='bbox 413 3967 517 4038; x_wconf 89' lang='lat' dir='ltr'><strong>mod0‚</strong></span> <span class='ocrx_word' id='word_1_275' title='bbox 547 3972 581 4025; x_wconf 93' lang='lat' dir='ltr'><strong>ut</strong></span> <span class='ocrx_word' id='word_1_276' title='bbox 610 3973 683 4026; x_wconf 92' lang='lat' dir='ltr'><strong>tunc</strong></span> <span class='ocrx_word' id='word_1_277' title='bbox 713 3967 871 4041; x_wconf 83' lang='lat' dir='ltr'><strong>prefatum</strong></span> <span class='ocrx_word' id='word_1_278' title='bbox 899 3969 1072 4042; x_wconf 90' lang='lat' dir='ltr'><strong>capitulum</strong></span> <span class='ocrx_word' id='word_1_279' title='bbox 1096 3968 1225 4027; x_wconf 92' lang='lat' dir='ltr'><strong>ecclesie</strong></span> <span class='ocrx_word' id='word_1_280' title='bbox 1247 3965 1454 4042; x_wconf 80' lang='lat' dir='ltr'><strong>zagrabiensis</strong></span> 
     </span>
     <span class='ocr_line' id='line_1_34' title="bbox 186 4070 1453 4148; baseline 0.004 -21"><span class='ocrx_word' id='word_1_281' title='bbox 186 4070 237 4129; x_wconf 89' lang='lat' dir='ltr'><strong>vel</strong></span> <span class='ocrx_word' id='word_1_282' title='bbox 260 4078 444 4144; x_wconf 88' lang='lat' dir='ltr'><strong>procurator</strong></span> <span class='ocrx_word' id='word_1_283' title='bbox 476 4072 614 4130; x_wconf 93' lang='lat' dir='ltr'><strong>eiusdem</strong></span> <span class='ocrx_word' id='word_1_284' title='bbox 645 4073 818 4146; x_wconf 86' lang='lat' dir='ltr'><strong>legittimus</strong></span> <span class='ocrx_word' id='word_1_285' title='bbox 843 4076 1052 4148; x_wconf 87' lang='lat' dir='ltr'><strong>prescriptam</strong></span> <span class='ocrx_word' id='word_1_286' title='bbox 1073 4074 1348 4134; x_wconf 85' lang='lat' dir='ltr'><strong>instrumentalem</strong></span> <span class='ocrx_word' id='word_1_287' title='bbox 1371 4071 1453 4132; x_wconf 83' lang='lat' dir='ltr'><strong>exhi·</strong></span> 
     </span>
     <span class='ocr_line' id='line_1_35' title="bbox 185 4175 1454 4256; baseline 0.002 -23"><span class='ocrx_word' id='word_1_288' title='bbox 185 4177 341 4234; x_wconf 91' lang='lat' dir='ltr'><strong>bicionem</strong></span> <span class='ocrx_word' id='word_1_289' title='bbox 363 4193 436 4234; x_wconf 89' lang='lat' dir='ltr'><strong>cum</strong></span> <span class='ocrx_word' id='word_1_290' title='bbox 460 4177 643 4250; x_wconf 89' lang='lat' dir='ltr'><strong>deponendo</strong></span> <span class='ocrx_word' id='word_1_291' title='bbox 666 4177 783 4253; x_wconf 88' lang='lat' dir='ltr'><strong>judicio</strong></span> <span class='ocrx_word' id='word_1_292' title='bbox 807 4181 904 4239; x_wconf 89' lang='lat' dir='ltr'><strong>trium</strong></span> <span class='ocrx_word' id='word_1_293' title='bbox 928 4196 1106 4239; x_wconf 85' lang='lat' dir='ltr'><strong>marcarum</strong></span> <span class='ocrx_word' id='word_1_294' title='bbox 1138 4196 1245 4240; x_wconf 89' lang='lat' dir='ltr'><strong>coram</strong></span> <span class='ocrx_word' id='word_1_295' title='bbox 1280 4175 1352 4256; x_wconf 90' lang='lat' dir='ltr'><strong>ipso</strong></span> <span class='ocrx_word' id='word_1_296' title='bbox 1385 4192 1454 4255; x_wconf 90' lang='lat' dir='ltr'><strong>pro-</strong></span> 
     </span>
     <span class='ocr_line' id='line_1_36' title="bbox 186 4281 1455 4363; baseline 0.002 -25"><span class='ocrx_word' id='word_1_297' title='bbox 186 4281 298 4340; x_wconf 91' lang='lat' dir='ltr'><strong>ducere</strong></span> <span class='ocrx_word' id='word_1_298' title='bbox 321 4291 351 4338; x_wconf 90' lang='lat' dir='ltr'><strong>et</strong></span> <span class='ocrx_word' id='word_1_299' title='bbox 375 4284 530 4353; x_wconf 85' lang='lat' dir='ltr'><strong>exhibere,</strong></span> <span class='ocrx_word' id='word_1_300' title='bbox 554 4284 700 4357; x_wconf 90' lang='lat' dir='ltr'><strong>dictaque</strong></span> <span class='ocrx_word' id='word_1_301' title='bbox 721 4284 836 4360; x_wconf 91' lang='lat' dir='ltr'><strong>judicia</strong></span> <span class='ocrx_word' id='word_1_302' title='bbox 859 4302 932 4345; x_wconf 91' lang='lat' dir='ltr'><strong>cum</strong></span> <span class='ocrx_word' id='word_1_303' title='bbox 956 4287 1079 4361; x_wconf 86' lang='lat' dir='ltr'><strong>dupplo</strong></span> <span class='ocrx_word' id='word_1_304' title='bbox 1101 4286 1286 4346; x_wconf 89' lang='lat' dir='ltr'><strong>eorumdem</strong></span> <span class='ocrx_word' id='word_1_305' title='bbox 1309 4285 1406 4363; x_wconf 87' lang='lat' dir='ltr'><strong>judici</strong></span> <span class='ocrx_word' id='word_1_306' title='bbox 1426 4289 1455 4341; x_wconf 90' lang='lat' dir='ltr'><strong>et</strong></span> 
     </span>
     <span class='ocr_line' id='line_1_37' title="bbox 186 4388 1454 4466; baseline 0.004 -21"><span class='ocrx_word' id='word_1_307' title='bbox 186 4389 267 4462; x_wconf 87' lang='lat' dir='ltr'><strong>parti</strong></span> <span class='ocrx_word' id='word_1_308' title='bbox 290 4388 420 4446; x_wconf 88' lang='lat' dir='ltr'><strong>adverse</strong></span> <span class='ocrx_word' id='word_1_309' title='bbox 439 4390 620 4462; x_wconf 88' lang='lat' dir='ltr'><strong>persolvere</strong></span> <span class='ocrx_word' id='word_1_310' title='bbox 642 4390 771 4449; x_wconf 87' lang='lat' dir='ltr'><strong>deberet</strong></span> <span class='ocrx_word' id='word_1_311' title='bbox 793 4400 823 4450; x_wconf 90' lang='lat' dir='ltr'><strong>et</strong></span> <span class='ocrx_word' id='word_1_312' title='bbox 841 4399 1006 4451; x_wconf 89' lang='lat' dir='ltr'><strong>teneretur.</strong></span> <span class='ocrx_word' id='word_1_313' title='bbox 1030 4394 1057 4450; x_wconf 87' lang='lat' dir='ltr'><strong>A</strong></span> <span class='ocrx_word' id='word_1_314' title='bbox 1075 4391 1324 4466; x_wconf 89' lang='lat' dir='ltr'><strong>quibusquidem</strong></span> <span class='ocrx_word' id='word_1_315' title='bbox 1338 4390 1454 4450; x_wconf 77' lang='lat' dir='ltr'><strong>octavis</strong></span> 
     </span>
     <span class='ocr_line' id='line_1_38' title="bbox 185 4493 1453 4567; baseline 0.004 -17"><span class='ocrx_word' id='word_1_316' title='bbox 185 4493 254 4551; x_wconf 83' lang='lat' dir='ltr'><strong>festi</strong></span> <span class='ocrx_word' id='word_1_317' title='bbox 279 4495 359 4551; x_wconf 89' lang='lat' dir='ltr'><strong>beati</strong></span> <span class='ocrx_word' id='word_1_318' title='bbox 383 4494 511 4567; x_wconf 88' lang='lat' dir='ltr'><strong>Georgii</strong></span> <span class='ocrx_word' id='word_1_319' title='bbox 535 4497 672 4555; x_wconf 86' lang='lat' dir='ltr'><strong>martiris</strong></span> <span class='ocrx_word' id='word_1_320' title='bbox 696 4497 852 4557; x_wconf 85' lang='lat' dir='ltr'><strong>exhibicio</strong></span> <span class='ocrx_word' id='word_1_321' title='bbox 877 4499 1034 4557; x_wconf 91' lang='lat' dir='ltr'><strong>dictorum</strong></span> <span class='ocrx_word' id='word_1_322' title='bbox 1057 4498 1243 4557; x_wconf 89' lang='lat' dir='ltr'><strong>litteralium</strong></span> <span class='ocrx_word' id='word_1_323' title='bbox 1265 4498 1453 4558; x_wconf 86' lang='lat' dir='ltr'><strong>instrumen-</strong></span> 
     </span>
     <span class='ocr_line' id='line_1_39' title="bbox 184 4599 1454 4678; baseline 0.006 -23"><span class='ocrx_word' id='word_1_324' title='bbox 184 4603 289 4656; x_wconf 91' lang='lat' dir='ltr'><strong>torum</strong></span> <span class='ocrx_word' id='word_1_325' title='bbox 312 4599 406 4657; x_wconf 90' lang='lat' dir='ltr'><strong>simul</strong></span> <span class='ocrx_word' id='word_1_326' title='bbox 430 4617 501 4658; x_wconf 91' lang='lat' dir='ltr'><strong>cum</strong></span> <span class='ocrx_word' id='word_1_327' title='bbox 522 4600 614 4658; x_wconf 88' lang='lat' dir='ltr'><strong>dictis</strong></span> <span class='ocrx_word' id='word_1_328' title='bbox 638 4600 762 4677; x_wconf 88' lang='lat' dir='ltr'><strong>judiciis</strong></span> <span class='ocrx_word' id='word_1_329' title='bbox 786 4610 892 4678; x_wconf 87' lang='lat' dir='ltr'><strong>partes</strong></span> <span class='ocrx_word' id='word_1_330' title='bbox 916 4606 996 4663; x_wconf 91' lang='lat' dir='ltr'><strong>inter</strong></span> <span class='ocrx_word' id='word_1_331' title='bbox 1019 4602 1146 4663; x_wconf 91' lang='lat' dir='ltr'><strong>easdem</strong></span> <span class='ocrx_word' id='word_1_332' title='bbox 1172 4603 1316 4664; x_wconf 86' lang='lat' dir='ltr'><strong>seriebus</strong></span> <span class='ocrx_word' id='word_1_333' title='bbox 1338 4603 1454 4663; x_wconf 83' lang='lat' dir='ltr'><strong>littera·</strong></span> 
     </span>
     <span class='ocr_line' id='line_1_40' title="bbox 183 4704 1455 4785; baseline 0.008 -24"><span class='ocrx_word' id='word_1_334' title='bbox 183 4720 255 4763; x_wconf 92' lang='lat' dir='ltr'><strong>rum</strong></span> <span class='ocrx_word' id='word_1_335' title='bbox 279 4704 353 4764; x_wconf 91' lang='lat' dir='ltr'><strong>dicti</strong></span> <span class='ocrx_word' id='word_1_336' title='bbox 376 4705 507 4765; x_wconf 91' lang='lat' dir='ltr'><strong>condam</strong></span> <span class='ocrx_word' id='word_1_337' title='bbox 530 4706 650 4766; x_wconf 91' lang='lat' dir='ltr'><strong>domini</strong></span> <span class='ocrx_word' id='word_1_338' title='bbox 672 4709 834 4768; x_wconf 89' lang='lat' dir='ltr'><strong>Michaelis</strong></span> <span class='ocrx_word' id='word_1_339' title='bbox 858 4711 990 4785; x_wconf 91' lang='lat' dir='ltr'><strong>palatini</strong></span> <span class='ocrx_word' id='word_1_340' title='bbox 1018 4711 1196 4784; x_wconf 84' lang='lat' dir='ltr'><strong>protellata,</strong></span> <span class='ocrx_word' id='word_1_341' title='bbox 1226 4709 1300 4785; x_wconf 82' lang='lat' dir='ltr'><strong>ipso</strong></span> <span class='ocrx_word' id='word_1_342' title='bbox 1329 4709 1455 4771; x_wconf 85' lang='lat' dir='ltr'><strong>tandem</strong></span> 
     </span>
     <span class='ocr_line' id='line_1_41' title="bbox 183 4809 1455 4890; baseline 0.009 -23"><span class='ocrx_word' id='word_1_343' title='bbox 183 4825 200 4867; x_wconf 95' lang='lat' dir='ltr'><strong>e</strong></span> <span class='ocrx_word' id='word_1_344' title='bbox 224 4809 328 4869; x_wconf 88' lang='lat' dir='ltr'><strong>medio</strong></span> <span class='ocrx_word' id='word_1_345' title='bbox 351 4812 476 4871; x_wconf 87' lang='lat' dir='ltr'><strong>sublato</strong></span> <span class='ocrx_word' id='word_1_346' title='bbox 498 4828 534 4870; x_wconf 90' lang='lat' dir='ltr'><strong>ac</strong></span> <span class='ocrx_word' id='word_1_347' title='bbox 558 4814 723 4888; x_wconf 89' lang='lat' dir='ltr'><strong>spectabili</strong></span> <span class='ocrx_word' id='word_1_348' title='bbox 747 4823 777 4875; x_wconf 91' lang='lat' dir='ltr'><strong>et</strong></span> <span class='ocrx_word' id='word_1_349' title='bbox 801 4815 977 4890; x_wconf 86' lang='lat' dir='ltr'><strong>magnifico,</strong></span> <span class='ocrx_word' id='word_1_350' title='bbox 1003 4815 1137 4876; x_wconf 89' lang='lat' dir='ltr'><strong>condam</strong></span> <span class='ocrx_word' id='word_1_351' title='bbox 1160 4815 1291 4877; x_wconf 85' lang='lat' dir='ltr'><strong>domino</strong></span> <span class='ocrx_word' id='word_1_352' title='bbox 1313 4814 1455 4877; x_wconf 82' lang='lat' dir='ltr'><strong>Emerioo</strong></span> 
     </span>
     <span class='ocr_line' id='line_1_42' title="bbox 181 4914 1455 5000; baseline 0.01 -27"><span class='ocrx_word' id='word_1_353' title='bbox 181 4914 222 4974; x_wconf 90' lang='lat' dir='ltr'><strong>de</strong></span> <span class='ocrx_word' id='word_1_354' title='bbox 244 4915 391 4991; x_wconf 84' lang='lat' dir='ltr'><strong>Zapolya,</strong></span> <span class='ocrx_word' id='word_1_355' title='bbox 421 4920 533 4980; x_wconf 88' lang='lat' dir='ltr'><strong>comite</strong></span> <span class='ocrx_word' id='word_1_356' title='bbox 565 4929 716 4995; x_wconf 89' lang='lat' dir='ltr'><strong>perpetuo</strong></span> <span class='ocrx_word' id='word_1_357' title='bbox 747 4928 829 4982; x_wconf 88' lang='lat' dir='ltr'><strong>terre</strong></span> <span class='ocrx_word' id='word_1_358' title='bbox 859 4924 1074 5000; x_wconf 88' lang='lat' dir='ltr'><strong>scepwsiensis</strong></span> <span class='ocrx_word' id='word_1_359' title='bbox 1110 4924 1143 4983; x_wconf 92' lang='lat' dir='ltr'><strong>in</strong></span> <span class='ocrx_word' id='word_1_360' title='bbox 1172 4923 1281 4999; x_wconf 84' lang='lat' dir='ltr'><strong>ipsum</strong></span> <span class='ocrx_word' id='word_1_361' title='bbox 1302 4922 1455 4986; x_wconf 83' lang='lat' dir='ltr'><strong>honorem</strong></span> 
     </span>
    </p>
   </div>
   <div class='ocr_carea' id='block_1_3' title="bbox 0 0 1644 5348">
    <p class='ocr_par' dir='ltr' id='par_1_3' title="bbox 0 0 1644 5348">
     <span class='ocr_line' id='line_1_43' title="bbox 0 0 1644 5348; baseline 0 0"><span class='ocrx_word' id='word_1_362' title='bbox 0 0 1644 5348; x_wconf 95' lang='lat' dir='ltr'><strong> </strong></span> 
     </span>
    </p>
   </div>
  </div>
 </body>
</html>
