3278 5348
611 441 837 522 Doc.183.-
863 446 1031 523 An.1455.

780 783 863 848 183.

293 978 374 1027 Anno
396 988 469 1042 1455,
491 988 532 1039 31.
552 976 702 1027 decembris.
723 976 870 1040 Zagmbiae.

187 1104 294 1161 Petrus
325 1111 355 1162 ct
382 1102 551 1160 Benedictus
584 1103 737 1178 aurifabri
756 1102 962 1175 capabiertses,
986 1100 1019 1157 ob
1041 1097 1195 1174 ar'gentum
1218 1099 1379 1156 restitutum
1396 1106 1448 1174 pre

187 1209 270 1268 theca
292 1207 338 1268 od
357 1208 583 1267 consentiendum
600 1211 690 1283 pueri
710 1211 869 1268 innocentis
897 1215 1000 1285 corpus
1025 1205 1249 1280 prnqtarandn,
1281 1223 1301 1261 a
1331 1203 1449 1277 capitulo

722 1315 921 1374 absolvunnr.

293 1459 356 1517 Nos
371 1462 545 1534 capitulum
568 1462 694 1519 ecclesie
717 1459 931 1533 zagrabiensis
948 1457 1097 1514 Memorio
1119 1454 1376 1513 commendamus
1398 1468 1448 1527 per

185 1572 357 1640 presentes:
382 1567 467 1641 quod
492 1582 684 1640 quamquam
708 1581 764 1624 nos
785 1572 903 1622 certam
928 1571 1058 1637 quotam
1085 1563 1205 1634 argenti
1229 1562 1328 1620 nostri
1351 1568 1381 1618 et
1402 1576 1444 1617 ec·

188 1672 282 1729 clesie
305 1680 416 1743 nostre,
441 1674 579 1746 primum
602 1673 712 1744 viginti
729 1678 862 1744 quatuor
878 1686 998 1728 marcas
1015 1685 1086 1727 cum
1104 1669 1211 1742 aliqua
1234 1667 1447 1734 excrescencia

190 1778 314 1836 tandem
337 1793 373 1836 eo
396 1780 533 1853 amplius
556 1779 651 1837 simul
674 1794 745 1835 cum
763 1777 908 1852 predictis
926 1777 1035 1849 viginti
1058 1780 1192 1850 quatuor
1216 1775 1330 1832 marcis
1343 1773 1381 1831 ad
1398 1772 1445 1829 tri·

186 1887 271 1956 ginta
293 1900 346 1941 sex
370 1901 441 1941 cum
466 1885 566 1942 media
591 1885 703 1942 marcis
726 1884 854 1955 argenti,
876 1882 1011 1956 demptis
1036 1889 1169 1955 quatuor
1193 1879 1316 1949 nezeek‚
1340 1896 1371 1936 se
1399 1894 1445 1935 ex·

186 1990 372 2065 tendentem,
390 1991 517 2064 dempto
534 1990 695 2047 dumtaxat
719 1994 854 2062 argento,
878 1989 961 2061 quod
986 1987 1123 2046 nondum
1147 1987 1248 2045 extitit
1265 1986 1446 2051 laboratum,

192 2097 332 2170 providis
355 2098 433 2154 viris
456 2098 552 2154 Paulo
576 2101 606 2153 et
629 2096 801 2166 Benedict0,
825 2094 1000 2165 aurifabris,
1024 2094 1145 2151 civibus
1168 2093 1303 2150 civitatis
1335 2090 1442 2149 montis

188 2203 372 2261 Grechensis
396 2203 433 2260 de
456 2201 543 2277 juxta
567 2203 751 2274 Zagrabiam
782 2202 821 2259 ad
858 2201 1087 2275 preparandam
1123 2208 1222 2257 tecam
1264 2198 1304 2256 ad
1328 2212 1444 2255 conser-

184 2309 321 2366 vandum
346 2313 376 2366 et
398 2309 600 2367 deferendum
623 2323 737 2382 corpus
759 2310 848 2382 pueri
872 2308 1049 2378 innocentis,
1086 2306 1272 2364 dederamus
1308 2310 1338 2362 et
1375 2303 1442 2361 assi·

185 2430 402 2487 gnaveramus
420 2431 481 2488 que
503 2416 628 2486 triginta
652 2430 705 2470 sex
729 2429 764 2471 ac
788 2413 889 2470 media
913 2428 1025 2484 marce,
1050 2414 1151 2470 minus
1175 2417 1310 2494 quatuor
1326 2408 1441 2477 nezeek‚

184 2522 245 2578 sint
268 2520 306 2577 ad
331 2521 460 2577 eandem
485 2527 585 2578 tecam
609 2536 679 2577 cuse
703 2526 733 2576 et
756 2525 929 2592 preparate.
954 2520 991 2576 Et
1025 2519 1098 2591 quia
1132 2518 1251 2575 dictum
1274 2523 1442 2590 argentum,

185 2626 264 2683 sicut
287 2626 486 2699 premittitur,
510 2633 713 2700 preparatum
736 2640 796 2682 una
820 2641 892 2683 cum
914 2639 976 2681 non
1001 2630 1168 2698 preparato
1192 2630 1322 2697 propter
1338 2623 1445 2680 instan-

185 2736 247 2789 tem
272 2732 484 2805 pestilenciam
509 2741 538 2789 et
561 2733 631 2789 aliis
652 2732 690 2789 de
706 2733 806 2789 causis
822 2732 962 2789 animum
986 2738 1124 2788 nostrum
1138 2729 1175 2787 ad
1193 2729 1226 2787 id
1243 2729 1445 2796 moventibus,

184 2855 222 2896 ne
244 2840 284 2895 ab
308 2837 415 2895 eadem
439 2838 569 2894 ecclesia
594 2839 659 2911 ipsa
684 2843 750 2895 teca
773 2844 803 2894 et
826 2836 1005 2895 huiusmodi
1039 2842 1202 2909 argentum
1239 2851 1257 2892 a
1292 2834 1384 2892 nobis
1419 2840 1446 2890 et

185 2944 265 3001 dicta
289 2946 418 3002 ecclesia
454 2950 559 3002 nostra
594 2944 818 3017 quoquomodo
855 2944 1051 3017 deperdatur,
1079 2944 1120 3000 ab
1144 2942 1263 3000 eisdem
1300 2941 1397 2998 Paulo
1418 2945 1445 2995 et

184 3050 348 3107 Benedicto
364 3050 531 3107 aurifabris
547 3051 676 3108 eandem
693 3056 791 3107 tecam
809 3066 844 3106 ac
868 3056 1029 3123 argentum
1046 3056 1110 3107 tarn
1135 3055 1338 3123 preparatum
1355 3061 1444 3122 quam

184 3163 213 3214 et
236 3173 297 3214 non
320 3163 522 3231 preparatum
546 3157 585 3213 ad
609 3172 665 3213 nos
694 3158 878 3230 recepimus,
918 3157 1015 3213 immo
1049 3157 1224 3229 recepimus
1259 3156 1386 3212 realiter
1419 3159 1445 3210 ct

184 3279 255 3321 curn
278 3264 397 3321 effectu.
421 3263 493 3320 ldeo
525 3278 579 3320 nos
603 3268 765 3320 annotatos
800 3263 932 3319 Paulum
969 3270 999 3320 et
1036 3261 1237 3320 Benedictum
1273 3261 1446 3319 aurifabros

185 3369 340 3442 predictos
364 3370 487 3426 racione
518 3369 696 3426 huiusmodi
719 3370 859 3442 plenarie
882 3369 1101 3441 assignacionis
1125 3369 1222 3442 ipsius
1247 3374 1312 3426 tece
1347 3373 1378 3425 et
1400 3383 1445 3426 ar·

188 3477 279 3548 genti,
303 3475 396 3532 modo
421 3491 483 3547 quo
508 3476 697 3546 premittitur
729 3476 819 3531 nobis
847 3475 934 3545 facte,
959 3476 1088 3547 quietos,
1112 3474 1259 3547 pacificos
1291 3481 1322 3531 et
1345 3474 1444 3531 modis

184 3581 329 3637 omnibus
341 3580 533 3636 reddidimus
550 3582 725 3650 absolutos;
748 3581 936 3654 eosdemque
953 3581 1086 3638 Paulum
1103 3586 1134 3638 et
1150 3581 1351 3638 Benedictum
1367 3582 1444 3639 auri-

183 3687 328 3744 falrrosa
359 3686 552 3742 fideiussoria
583 3689 728 3744 caucione
762 3687 967 3761 providorum
1004 3688 1144 3745 virorum
1188 3687 1355 3757 Valentini,
1391 3687 1446 3744 filii

183 3793 314 3850 condam
339 3792 497 3848 lticlraelis
521 3791 679 3865 Sarouyeh
705 3794 778 3851 dicti
802 3809 838 3850 ac
863 3794 982 3852 Nicolai
1006 3794 1159 3852 aurifabri
1183 3798 1213 3851 et
1243 3793 1334 3851 Pauli
1362 3793 1446 3850 Wal-

183 3900 258 3971 poth
284 3898 366 3969 dicti,
390 3900 506 3955 civium
543 3898 623 3955 dicte
658 3901 792 3957 civitatis
828 3903 942 3958 montis
976 3900 1170 3971 Grechensis,
1203 3901 1329 3958 racione
1367 3900 1444 3957 dicte

183 4013 246 4060 lece
268 4005 394 4060 omnino
417 4005 611 4061 absolvimus
635 4011 665 4062 et
688 4007 849 4063 absolutos
873 4007 1034 4064 reddimus
1057 4024 1113 4080 per
1137 4014 1302 4080 presentes.
1327 4007 1443 4064 Harum

181 4116 356 4168 nostrarum
389 4112 495 4182 vigore
529 4115 559 4167 et
594 4113 769 4169 testimonio
803 4114 980 4171 litterarum
1016 4113 1178 4171 mediante.
1212 4113 1331 4170 Datum
1370 4112 1443 4171 feria

181 4224 292 4290 quarta
308 4219 451 4291 proxima
475 4224 545 4275 ante
581 4219 692 4276 festum
728 4219 978 4277 Circumcisionis
1015 4220 1140 4278 domini.
1179 4221 1269 4278 Anno
1306 4219 1440 4278 eiusdem

182 4324 318 4381 MCCCC
343 4326 600 4398 quinquagesimo
624 4327 740 4398 quinto.

295 4514 373 4562 Liber
399 4515 493 4563 rubeus
520 4532 576 4565 ven.
606 4517 711 4580 capituli
739 4518 800 4570 eccl.
838 4520 939 4582 zagrab.
957 4520 988 4566 In
1017 4520 1112 4569 archiv.
1140 4518 1203 4569 incl.
1231 4518 1317 4570 Acad.
1348 4519 1440 4570 Scient.

180 4600 249 4653 Slav.
268 4604 357 4656 merid.
