<?xml version="1.0" encoding="UTF-8"?>
<!DOCTYPE html PUBLIC "-//W3C//DTD XHTML 1.0 Transitional//EN"
    "http://www.w3.org/TR/xhtml1/DTD/xhtml1-transitional.dtd">
<html xmlns="http://www.w3.org/1999/xhtml" xml:lang="en" lang="en">
 <head>
  <title>
</title>
<meta http-equiv="Content-Type" content="text/html;charset=utf-8" />
  <meta name='ocr-system' content='tesseract 3.04.00' />
  <meta name='ocr-capabilities' content='ocr_page ocr_carea ocr_par ocr_line ocrx_word'/>
</head>
<body>
  <div class='ocr_page' id='page_1' title='image "./monumentahistor01laszgoog_0626.png"; bbox 0 0 3278 5348; ppageno 0'>
   <div class='ocr_carea' id='block_1_1' title="bbox 181 380 1071 472">
    <p class='ocr_par' dir='ltr' id='par_1_1' title="bbox 181 380 1071 472">
     <span class='ocr_line' id='line_1_1' title="bbox 181 380 1071 472; baseline -0.02 -16"><span class='ocrx_word' id='word_1_1' title='bbox 181 397 241 472; x_wconf 81' lang='lat'><strong>358</strong></span> <span class='ocrx_word' id='word_1_2' title='bbox 542 388 616 447; x_wconf 85' lang='lat' dir='ltr'><strong>Doc.</strong></span> <span class='ocrx_word' id='word_1_3' title='bbox 640 382 712 463; x_wconf 81' lang='lat'><strong>287.</strong></span> <span class='ocrx_word' id='word_1_4' title='bbox 734 380 809 443; x_wconf 80' lang='lat'><em>288.</em></span> <span class='ocrx_word' id='word_1_5' title='bbox 834 415 875 428; x_wconf 91' lang='lat'>-</span> <span class='ocrx_word' id='word_1_6' title='bbox 898 382 955 441; x_wconf 85' lang='lat' dir='ltr'><strong>An.</strong></span> <span class='ocrx_word' id='word_1_7' title='bbox 983 390 1071 460; x_wconf 73' lang='lat'><em>1473.</em></span> 
     </span>
    </p>
   </div>
   <div class='ocr_carea' id='block_1_2' title="bbox 183 477 1442 512">
    <p class='ocr_par' dir='ltr' id='par_1_2' title="bbox 183 477 1442 512">
     <span class='ocr_line' id='line_1_2' title="bbox 183 477 1442 512; baseline -0.011 -6"><span class='ocrx_word' id='word_1_8' title='bbox 183 477 1442 512; x_wconf 66' lang='lat'><em>„-..-.-....------—————-——-—--·</em></span> 
     </span>
    </p>
   </div>
   <div class='ocr_carea' id='block_1_3' title="bbox 286 595 853 810">
    <p class='ocr_par' dir='ltr' id='par_1_3' title="bbox 286 595 853 810">
     <span class='ocr_line' id='line_1_3' title="bbox 769 595 853 664; baseline -0.024 -1"><span class='ocrx_word' id='word_1_9' title='bbox 769 595 853 664; x_wconf 76' lang='grc'><strong>287.</strong></span> 
     </span>
     <span class='ocr_line' id='line_1_4' title="bbox 286 739 783 810; baseline -0.014 -13"><span class='ocrx_word' id='word_1_10' title='bbox 286 748 368 798; x_wconf 85' lang='lat' dir='ltr'><strong>Anno</strong></span> <span class='ocrx_word' id='word_1_11' title='bbox 389 757 464 810; x_wconf 83' lang='lat'><strong>1473,</strong></span> <span class='ocrx_word' id='word_1_12' title='bbox 485 757 527 807; x_wconf 83' lang='lat'><strong>23.</strong></span> <span class='ocrx_word' id='word_1_13' title='bbox 546 743 616 796; x_wconf 84' lang='lat' dir='ltr'><strong>maii.</strong></span> <span class='ocrx_word' id='word_1_14' title='bbox 635 739 783 805; x_wconf 75' lang='lat' dir='ltr'><strong>Zagrabiae.</strong></span> 
     </span>
    </p>
   </div>
   <div class='ocr_carea' id='block_1_4' title="bbox 184 863 1447 1055">
    <p class='ocr_par' dir='ltr' id='par_1_4' title="bbox 184 863 1447 1055">
     <span class='ocr_line' id='line_1_5' title="bbox 184 863 1447 953; baseline -0.01 -19"><span class='ocrx_word' id='word_1_15' title='bbox 184 876 327 936; x_wconf 77' lang='lat' dir='ltr'><strong>Nicotaus</strong></span> <span class='ocrx_word' id='word_1_16' title='bbox 355 871 446 953; x_wconf 80' lang='lat' dir='ltr'><strong>(lJ&#39;lak</strong></span> <span class='ocrx_word' id='word_1_17' title='bbox 469 880 498 930; x_wconf 83' lang='lat' dir='ltr'><strong>et</strong></span> <span class='ocrx_word' id='word_1_18' title='bbox 518 869 692 930; x_wconf 72' lang='lat' dir='ltr'><strong>Domirmm</strong></span> <span class='ocrx_word' id='word_1_19' title='bbox 714 867 842 938; x_wconf 60' lang='lat' dir='ltr'><strong>manat,</strong></span> <span class='ocrx_word' id='word_1_20' title='bbox 865 865 943 937; x_wconf 83' lang='lat' dir='ltr'><strong>bani,</strong></span> <span class='ocrx_word' id='word_1_21' title='bbox 965 866 996 922; x_wconf 89' lang='lat' dir='ltr'><strong>in</strong></span> <span class='ocrx_word' id='word_1_22' title='bbox 1018 880 1118 934; x_wconf 79' lang='lat' dir='ltr'><strong>causa,</strong></span> <span class='ocrx_word' id='word_1_23' title='bbox 1140 880 1217 939; x_wconf 84' lang='lat' dir='ltr'><strong>quae</strong></span> <span class='ocrx_word' id='word_1_24' title='bbox 1237 863 1317 922; x_wconf 80' lang='lat' dir='ltr'><strong>inter</strong></span> <span class='ocrx_word' id='word_1_25' title='bbox 1337 880 1447 922; x_wconf 72' lang='lat' dir='ltr'><strong>comm</strong></span> 
     </span>
     <span class='ocr_line' id='line_1_6' title="bbox 239 969 1397 1055; baseline -0.01 -14"><span class='ocrx_word' id='word_1_26' title='bbox 239 984 356 1041; x_wconf 83' lang='lat' dir='ltr'><strong>nitatem</strong></span> <span class='ocrx_word' id='word_1_27' title='bbox 378 980 509 1040; x_wconf 71' lang='lat' dir='ltr'><strong>civitatis</strong></span> <span class='ocrx_word' id='word_1_28' title='bbox 532 985 561 1036; x_wconf 84' lang='lat' dir='ltr'><strong>et</strong></span> <span class='ocrx_word' id='word_1_29' title='bbox 573 977 743 1055; x_wconf 80' lang='lat' dir='ltr'><strong>Jolrannem</strong></span> <span class='ocrx_word' id='word_1_30' title='bbox 771 971 835 1031; x_wconf 78' lang='lat' dir='ltr'><strong>Tus</strong></span> <span class='ocrx_word' id='word_1_31' title='bbox 857 973 965 1046; x_wconf 81' lang='lat' dir='ltr'><strong>agitur,</strong></span> <span class='ocrx_word' id='word_1_32' title='bbox 987 989 1093 1029; x_wconf 82' lang='lat' dir='ltr'><strong>novam</strong></span> <span class='ocrx_word' id='word_1_33' title='bbox 1115 969 1190 1028; x_wconf 82' lang='lat' dir='ltr'><strong>dr&#39;em</strong></span> <span class='ocrx_word' id='word_1_34' title='bbox 1212 971 1397 1029; x_wconf 68' lang='lat' dir='ltr'><strong>commutent.</strong></span> 
     </span>
    </p>
   </div>
   <div class='ocr_carea' id='block_1_5' title="bbox 183 1113 1454 2794">
    <p class='ocr_par' dir='ltr' id='par_1_5' title="bbox 183 1113 1454 2468">
     <span class='ocr_line' id='line_1_7' title="bbox 287 1113 1449 1193; baseline -0.009 -11"><span class='ocrx_word' id='word_1_35' title='bbox 287 1125 351 1182; x_wconf 91' lang='lat' dir='ltr'><strong>Nos</strong></span> <span class='ocrx_word' id='word_1_36' title='bbox 382 1123 529 1181; x_wconf 79' lang='lat' dir='ltr'><strong>Nicotaus</strong></span> <span class='ocrx_word' id='word_1_37' title='bbox 561 1121 611 1179; x_wconf 92' lang='lat' dir='ltr'><strong>dei</strong></span> <span class='ocrx_word' id='word_1_38' title='bbox 641 1120 745 1193; x_wconf 79' lang='lat' dir='ltr'>gracia</span> <span class='ocrx_word' id='word_1_39' title='bbox 775 1135 830 1177; x_wconf 87' lang='lat' dir='ltr'><strong>rex</strong></span> <span class='ocrx_word' id='word_1_40' title='bbox 862 1117 961 1176; x_wconf 88' lang='lat' dir='ltr'><strong>Bozne</strong></span> <span class='ocrx_word' id='word_1_41' title='bbox 992 1122 1022 1175; x_wconf 91' lang='lat' dir='ltr'><strong>et</strong></span> <span class='ocrx_word' id='word_1_42' title='bbox 1044 1117 1218 1174; x_wconf 84' lang='lat' dir='ltr'><strong>Damianos</strong></span> <span class='ocrx_word' id='word_1_43' title='bbox 1240 1115 1396 1173; x_wconf 87' lang='lat' dir='ltr'><strong>Horwath</strong></span> <span class='ocrx_word' id='word_1_44' title='bbox 1415 1113 1449 1172; x_wconf 91' lang='lat' dir='ltr'><strong>de</strong></span> 
     </span>
     <span class='ocr_line' id='line_1_8' title="bbox 183 1222 1450 1311; baseline -0.009 -21"><span class='ocrx_word' id='word_1_45' title='bbox 183 1223 369 1311; x_wconf 74' lang='lat' dir='ltr'><strong>Ly(n)thwa,</strong></span> <span class='ocrx_word' id='word_1_46' title='bbox 400 1231 480 1286; x_wconf 86' lang='lat' dir='ltr'><strong>inter</strong></span> <span class='ocrx_word' id='word_1_47' title='bbox 507 1234 609 1286; x_wconf 90' lang='lat' dir='ltr'><strong>cetera</strong></span> <span class='ocrx_word' id='word_1_48' title='bbox 641 1226 729 1298; x_wconf 91' lang='lat' dir='ltr'><strong>regni</strong></span> <span class='ocrx_word' id='word_1_49' title='bbox 760 1224 925 1283; x_wconf 87' lang='lat' dir='ltr'><strong>Sclavonie</strong></span> <span class='ocrx_word' id='word_1_50' title='bbox 954 1223 1035 1292; x_wconf 83' lang='lat' dir='ltr'><strong>bani.</strong></span> <span class='ocrx_word' id='word_1_51' title='bbox 1067 1223 1188 1280; x_wconf 91' lang='lat' dir='ltr'><strong>Damus</strong></span> <span class='ocrx_word' id='word_1_52' title='bbox 1212 1235 1273 1296; x_wconf 93' lang='lat' dir='ltr'><strong>pro</strong></span> <span class='ocrx_word' id='word_1_53' title='bbox 1296 1222 1450 1289; x_wconf 86' lang='lat' dir='ltr'><strong>memoria,</strong></span> 
     </span>
     <span class='ocr_line' id='line_1_9' title="bbox 184 1327 1451 1413; baseline -0.009 -18"><span class='ocrx_word' id='word_1_54' title='bbox 184 1337 267 1413; x_wconf 93' lang='lat' dir='ltr'><strong>quod</strong></span> <span class='ocrx_word' id='word_1_55' title='bbox 299 1351 432 1406; x_wconf 89' lang='lat' dir='ltr'><strong>causam,</strong></span> <span class='ocrx_word' id='word_1_56' title='bbox 457 1350 552 1408; x_wconf 92' lang='lat' dir='ltr'><strong>quam</strong></span> <span class='ocrx_word' id='word_1_57' title='bbox 574 1332 806 1406; x_wconf 86' lang='lat' dir='ltr'><strong>circumspecti,</strong></span> <span class='ocrx_word' id='word_1_58' title='bbox 840 1329 943 1402; x_wconf 84' lang='lat' dir='ltr'><strong>iudex,</strong></span> <span class='ocrx_word' id='word_1_59' title='bbox 967 1329 1070 1400; x_wconf 87' lang='lat' dir='ltr'><strong>iurati,</strong></span> <span class='ocrx_word' id='word_1_60' title='bbox 1093 1329 1252 1402; x_wconf 86' lang='lat' dir='ltr'><strong>ceterique</strong></span> <span class='ocrx_word' id='word_1_61' title='bbox 1276 1329 1362 1386; x_wconf 81' lang='lat' dir='ltr'><strong>cives</strong></span> <span class='ocrx_word' id='word_1_62' title='bbox 1383 1327 1451 1385; x_wconf 84' lang='lat' dir='ltr'><strong>ciri·</strong></span> 
     </span>
     <span class='ocr_line' id='line_1_10' title="bbox 185 1433 1452 1516; baseline -0.008 -15"><span class='ocrx_word' id='word_1_63' title='bbox 185 1444 257 1502; x_wconf 91' lang='lat' dir='ltr'><strong>tatis</strong></span> <span class='ocrx_word' id='word_1_64' title='bbox 288 1442 402 1499; x_wconf 86' lang='lat' dir='ltr'><strong>montis</strong></span> <span class='ocrx_word' id='word_1_65' title='bbox 432 1441 604 1510; x_wconf 90' lang='lat' dir='ltr'><strong>Grecensis,</strong></span> <span class='ocrx_word' id='word_1_66' title='bbox 638 1438 676 1496; x_wconf 93' lang='lat' dir='ltr'><strong>de</strong></span> <span class='ocrx_word' id='word_1_67' title='bbox 705 1439 791 1496; x_wconf 88' lang='lat' dir='ltr'><strong>iuxta</strong></span> <span class='ocrx_word' id='word_1_68' title='bbox 823 1435 1017 1509; x_wconf 88' lang='lat' dir='ltr'><strong>Zagrabiam,</strong></span> <span class='ocrx_word' id='word_1_69' title='bbox 1048 1439 1155 1492; x_wconf 90' lang='lat' dir='ltr'><strong>contra</strong></span> <span class='ocrx_word' id='word_1_70' title='bbox 1178 1433 1385 1508; x_wconf 85' lang='lat' dir='ltr'><strong>magnificum</strong></span> <span class='ocrx_word' id='word_1_71' title='bbox 1405 1433 1452 1516; x_wconf 89' lang='lat' dir='ltr'><strong>Jo-</strong></span> 
     </span>
     <span class='ocr_line' id='line_1_11' title="bbox 186 1539 1452 1617; baseline -0.01 -8"><span class='ocrx_word' id='word_1_72' title='bbox 186 1551 320 1609; x_wconf 89' lang='lat' dir='ltr'><strong>hannem</strong></span> <span class='ocrx_word' id='word_1_73' title='bbox 344 1547 439 1604; x_wconf 78' lang='lat' dir='ltr'><strong>Thwz</strong></span> <span class='ocrx_word' id='word_1_74' title='bbox 462 1546 501 1604; x_wconf 91' lang='lat' dir='ltr'><strong>de</strong></span> <span class='ocrx_word' id='word_1_75' title='bbox 524 1545 598 1617; x_wconf 89' lang='lat' dir='ltr'><strong>Lak,</strong></span> <span class='ocrx_word' id='word_1_76' title='bbox 623 1546 708 1603; x_wconf 87' lang='lat' dir='ltr'><strong>iuxta</strong></span> <span class='ocrx_word' id='word_1_77' title='bbox 732 1543 952 1602; x_wconf 80' lang='lat' dir='ltr'><strong>continentiam</strong></span> <span class='ocrx_word' id='word_1_78' title='bbox 976 1542 1152 1599; x_wconf 90' lang='lat' dir='ltr'><strong>litterarum</strong></span> <span class='ocrx_word' id='word_1_79' title='bbox 1167 1540 1302 1614; x_wconf 91' lang='lat' dir='ltr'><strong>capituli</strong></span> <span class='ocrx_word' id='word_1_80' title='bbox 1323 1539 1452 1597; x_wconf 73' lang='lat' dir='ltr'><strong>albensis</strong></span> 
     </span>
     <span class='ocr_line' id='line_1_12' title="bbox 187 1644 1453 1721; baseline -0.008 -9"><span class='ocrx_word' id='word_1_81' title='bbox 187 1652 492 1721; x_wconf 90' lang='lat' dir='ltr'><strong>introductoriarum,</strong></span> <span class='ocrx_word' id='word_1_82' title='bbox 515 1651 750 1710; x_wconf 91' lang='lat' dir='ltr'><strong>statutoriarum</strong></span> <span class='ocrx_word' id='word_1_83' title='bbox 766 1656 796 1707; x_wconf 91' lang='lat' dir='ltr'><strong>et</strong></span> <span class='ocrx_word' id='word_1_84' title='bbox 812 1648 1060 1707; x_wconf 86' lang='lat' dir='ltr'><strong>evocatoriarum</strong></span> <span class='ocrx_word' id='word_1_85' title='bbox 1076 1662 1170 1721; x_wconf 89' lang='lat' dir='ltr'><strong>super</strong></span> <span class='ocrx_word' id='word_1_86' title='bbox 1186 1645 1278 1704; x_wconf 85' lang='lat' dir='ltr'><strong>factis</strong></span> <span class='ocrx_word' id='word_1_87' title='bbox 1294 1647 1327 1704; x_wconf 91' lang='lat' dir='ltr'><strong>in</strong></span> <span class='ocrx_word' id='word_1_88' title='bbox 1341 1644 1453 1704; x_wconf 89' lang='lat' dir='ltr'><strong>eisdem</strong></span> 
     </span>
     <span class='ocr_line' id='line_1_13' title="bbox 190 1749 1452 1832; baseline -0.009 -13"><span class='ocrx_word' id='word_1_89' title='bbox 190 1759 340 1819; x_wconf 90' lang='lat' dir='ltr'><strong>contentis</strong></span> <span class='ocrx_word' id='word_1_90' title='bbox 371 1759 403 1816; x_wconf 92' lang='lat' dir='ltr'><strong>in</strong></span> <span class='ocrx_word' id='word_1_91' title='bbox 433 1759 629 1832; x_wconf 85' lang='lat' dir='ltr'><strong>presentibus</strong></span> <span class='ocrx_word' id='word_1_92' title='bbox 660 1757 778 1814; x_wconf 88' lang='lat' dir='ltr'><strong>octavis</strong></span> <span class='ocrx_word' id='word_1_93' title='bbox 809 1755 879 1813; x_wconf 83' lang='lat' dir='ltr'><strong>sesti</strong></span> <span class='ocrx_word' id='word_1_94' title='bbox 906 1756 989 1813; x_wconf 88' lang='lat' dir='ltr'><strong>beati</strong></span> <span class='ocrx_word' id='word_1_95' title='bbox 1019 1753 1146 1826; x_wconf 83' lang='lat' dir='ltr'><strong>Georgii</strong></span> <span class='ocrx_word' id='word_1_96' title='bbox 1169 1752 1310 1811; x_wconf 85' lang='lat' dir='ltr'><strong>martiris</strong></span> <span class='ocrx_word' id='word_1_97' title='bbox 1332 1752 1366 1810; x_wconf 93' lang='lat' dir='ltr'><strong>in</strong></span> <span class='ocrx_word' id='word_1_98' title='bbox 1387 1749 1452 1808; x_wconf 88' lang='lat' dir='ltr'><strong>sede</strong></span> 
     </span>
     <span class='ocr_line' id='line_1_14' title="bbox 190 1855 1452 1938; baseline -0.007 -15"><span class='ocrx_word' id='word_1_99' title='bbox 190 1865 383 1938; x_wconf 89' lang='lat' dir='ltr'><strong>zagrabiensi</strong></span> <span class='ocrx_word' id='word_1_100' title='bbox 415 1879 543 1922; x_wconf 86' lang='lat' dir='ltr'><strong>movere</strong></span> <span class='ocrx_word' id='word_1_101' title='bbox 572 1864 731 1922; x_wconf 84' lang='lat' dir='ltr'><strong>habebant</strong></span> <span class='ocrx_word' id='word_1_102' title='bbox 761 1877 867 1920; x_wconf 89' lang='lat' dir='ltr'><strong>coram</strong></span> <span class='ocrx_word' id='word_1_103' title='bbox 895 1861 994 1933; x_wconf 92' lang='lat' dir='ltr'><strong>nobis,</strong></span> <span class='ocrx_word' id='word_1_104' title='bbox 1025 1859 1209 1918; x_wconf 87' lang='lat' dir='ltr'><strong>racionabili</strong></span> <span class='ocrx_word' id='word_1_105' title='bbox 1238 1858 1280 1916; x_wconf 90' lang='lat' dir='ltr'><strong>de</strong></span> <span class='ocrx_word' id='word_1_106' title='bbox 1304 1874 1395 1917; x_wconf 90' lang='lat' dir='ltr'><strong>causa</strong></span> <span class='ocrx_word' id='word_1_107' title='bbox 1416 1855 1452 1915; x_wconf 90' lang='lat' dir='ltr'><strong>ad</strong></span> 
     </span>
     <span class='ocr_line' id='line_1_15' title="bbox 189 1963 1453 2055; baseline -0.006 -25"><span class='ocrx_word' id='word_1_108' title='bbox 189 1978 314 2032; x_wconf 87' lang='lat' dir='ltr'><strong>octavas</strong></span> <span class='ocrx_word' id='word_1_109' title='bbox 337 1969 407 2028; x_wconf 82' lang='lat' dir='ltr'><strong>festi</strong></span> <span class='ocrx_word' id='word_1_110' title='bbox 428 1971 511 2028; x_wconf 90' lang='lat' dir='ltr'><strong>beati</strong></span> <span class='ocrx_word' id='word_1_111' title='bbox 533 1971 643 2055; x_wconf 88' lang='lat' dir='ltr'><strong>Jacobi</strong></span> <span class='ocrx_word' id='word_1_112' title='bbox 667 1969 810 2043; x_wconf 90' lang='lat' dir='ltr'><strong>apostoli,</strong></span> <span class='ocrx_word' id='word_1_113' title='bbox 832 1983 913 2026; x_wconf 93' lang='lat' dir='ltr'><strong>nunc</strong></span> <span class='ocrx_word' id='word_1_114' title='bbox 937 1973 1090 2032; x_wconf 86' lang='lat' dir='ltr'><strong>venturas,</strong></span> <span class='ocrx_word' id='word_1_115' title='bbox 1106 1971 1187 2024; x_wconf 90' lang='lat' dir='ltr'><strong>statu</strong></span> <span class='ocrx_word' id='word_1_116' title='bbox 1211 1966 1243 2024; x_wconf 94' lang='lat' dir='ltr'><strong>in</strong></span> <span class='ocrx_word' id='word_1_117' title='bbox 1267 1964 1380 2023; x_wconf 89' lang='lat' dir='ltr'><strong>eodem</strong></span> <span class='ocrx_word' id='word_1_118' title='bbox 1402 1963 1453 2021; x_wconf 89' lang='lat' dir='ltr'><strong>du·</strong></span> 
     </span>
     <span class='ocr_line' id='line_1_16' title="bbox 191 2073 1454 2151; baseline -0.007 -15"><span class='ocrx_word' id='word_1_119' title='bbox 191 2079 293 2136; x_wconf 84' lang='lat' dir='ltr'><strong>ximus</strong></span> <span class='ocrx_word' id='word_1_120' title='bbox 327 2076 567 2151; x_wconf 84' lang='lat' dir='ltr'><strong>prorogandam.</strong></span> <span class='ocrx_word' id='word_1_121' title='bbox 598 2076 757 2134; x_wconf 89' lang='lat' dir='ltr'><strong>Presentes</strong></span> <span class='ocrx_word' id='word_1_122' title='bbox 780 2080 885 2132; x_wconf 88' lang='lat' dir='ltr'><strong>autem</strong></span> <span class='ocrx_word' id='word_1_123' title='bbox 907 2074 1019 2146; x_wconf 90' lang='lat' dir='ltr'><strong>sigillis</strong></span> <span class='ocrx_word' id='word_1_124' title='bbox 1042 2073 1193 2131; x_wconf 90' lang='lat' dir='ltr'><strong>comitum</strong></span> <span class='ocrx_word' id='word_1_125' title='bbox 1215 2077 1396 2130; x_wconf 87' lang='lat' dir='ltr'><strong>nostrorum</strong></span> <span class='ocrx_word' id='word_1_126' title='bbox 1410 2084 1454 2127; x_wconf 88' lang='lat' dir='ltr'><strong>za·</strong></span> 
     </span>
     <span class='ocr_line' id='line_1_17' title="bbox 188 2175 1453 2258; baseline -0.006 -17"><span class='ocrx_word' id='word_1_127' title='bbox 188 2182 400 2258; x_wconf 89' lang='lat' dir='ltr'><strong>grabiensium</strong></span> <span class='ocrx_word' id='word_1_128' title='bbox 424 2183 554 2241; x_wconf 85' lang='lat' dir='ltr'><strong>fecimus</strong></span> <span class='ocrx_word' id='word_1_129' title='bbox 577 2181 759 2255; x_wconf 87' lang='lat' dir='ltr'><strong>consignari.</strong></span> <span class='ocrx_word' id='word_1_130' title='bbox 782 2181 899 2238; x_wconf 90' lang='lat' dir='ltr'><strong>Datum</strong></span> <span class='ocrx_word' id='word_1_131' title='bbox 922 2179 1073 2252; x_wconf 88' lang='lat' dir='ltr'><strong>Zagrabie</strong></span> <span class='ocrx_word' id='word_1_132' title='bbox 1095 2177 1250 2251; x_wconf 84' lang='lat' dir='ltr'><strong>vigesimo</strong></span> <span class='ocrx_word' id='word_1_133' title='bbox 1275 2182 1388 2251; x_wconf 87' lang='lat' dir='ltr'><strong>quarto</strong></span> <span class='ocrx_word' id='word_1_134' title='bbox 1408 2175 1453 2233; x_wconf 86' lang='lat' dir='ltr'><strong>die</strong></span> 
     </span>
     <span class='ocr_line' id='line_1_18' title="bbox 189 2282 1453 2362; baseline -0.004 -16"><span class='ocrx_word' id='word_1_135' title='bbox 189 2295 370 2347; x_wconf 85' lang='lat' dir='ltr'><strong>octavarum</strong></span> <span class='ocrx_word' id='word_1_136' title='bbox 395 2288 464 2346; x_wconf 85' lang='lat' dir='ltr'><strong>festi</strong></span> <span class='ocrx_word' id='word_1_137' title='bbox 488 2288 571 2345; x_wconf 92' lang='lat' dir='ltr'><strong>beati</strong></span> <span class='ocrx_word' id='word_1_138' title='bbox 594 2287 721 2360; x_wconf 85' lang='lat' dir='ltr'><strong>Georgii</strong></span> <span class='ocrx_word' id='word_1_139' title='bbox 745 2287 881 2345; x_wconf 91' lang='lat' dir='ltr'><strong>martiris</strong></span> <span class='ocrx_word' id='word_1_140' title='bbox 897 2286 1117 2362; x_wconf 88' lang='lat' dir='ltr'><strong>predictarum.</strong></span> <span class='ocrx_word' id='word_1_141' title='bbox 1142 2286 1234 2343; x_wconf 92' lang='lat' dir='ltr'><strong>Anno</strong></span> <span class='ocrx_word' id='word_1_142' title='bbox 1251 2284 1374 2343; x_wconf 90' lang='lat' dir='ltr'><strong>domini</strong></span> <span class='ocrx_word' id='word_1_143' title='bbox 1387 2282 1453 2341; x_wconf 87' lang='lat' dir='ltr'><strong>mil·</strong></span> 
     </span>
     <span class='ocr_line' id='line_1_19' title="bbox 191 2393 1012 2468; baseline -0.004 -15"><span class='ocrx_word' id='word_1_144' title='bbox 191 2396 301 2454; x_wconf 88' lang='lat' dir='ltr'><strong>lesimo</strong></span> <span class='ocrx_word' id='word_1_145' title='bbox 326 2394 631 2467; x_wconf 89' lang='lat' dir='ltr'><strong>quadringentesimo</strong></span> <span class='ocrx_word' id='word_1_146' title='bbox 654 2394 884 2468; x_wconf 89' lang='lat' dir='ltr'><strong>septuagesimo</strong></span> <span class='ocrx_word' id='word_1_147' title='bbox 907 2393 1012 2451; x_wconf 90' lang='lat' dir='ltr'><strong>tercio.</strong></span> 
     </span>
    </p>

    <p class='ocr_par' dir='ltr' id='par_1_6' title="bbox 191 2495 1453 2794">
     <span class='ocr_line' id='line_1_20' title="bbox 296 2495 1453 2574; baseline 0 -20"><span class='ocrx_word' id='word_1_148' title='bbox 296 2504 337 2569; x_wconf 77' lang='lat' dir='ltr'><strong>(a</strong></span> <span class='ocrx_word' id='word_1_149' title='bbox 358 2503 455 2570; x_wconf 76' lang='lat' dir='ltr'><strong>tergo).</strong></span> <span class='ocrx_word' id='word_1_150' title='bbox 477 2501 537 2558; x_wconf 87' lang='lat' dir='ltr'><strong>Pro</strong></span> <span class='ocrx_word' id='word_1_151' title='bbox 560 2500 791 2574; x_wconf 89' lang='lat' dir='ltr'><strong>circumspectis</strong></span> <span class='ocrx_word' id='word_1_152' title='bbox 815 2498 924 2571; x_wconf 85' lang='lat' dir='ltr'><strong>iudice,</strong></span> <span class='ocrx_word' id='word_1_153' title='bbox 954 2495 1064 2573; x_wconf 87' lang='lat' dir='ltr'><strong>juratis</strong></span> <span class='ocrx_word' id='word_1_154' title='bbox 1086 2512 1122 2555; x_wconf 90' lang='lat' dir='ltr'><strong>ac</strong></span> <span class='ocrx_word' id='word_1_155' title='bbox 1145 2496 1216 2555; x_wconf 89' lang='lat' dir='ltr'><strong>aliis</strong></span> <span class='ocrx_word' id='word_1_156' title='bbox 1239 2495 1364 2555; x_wconf 85' lang='lat' dir='ltr'><strong>civibus</strong></span> <span class='ocrx_word' id='word_1_157' title='bbox 1385 2495 1453 2554; x_wconf 85' lang='lat' dir='ltr'><strong>ciri-</strong></span> 
     </span>
     <span class='ocr_line' id='line_1_21' title="bbox 191 2601 1453 2686; baseline -0.011 -13"><span class='ocrx_word' id='word_1_158' title='bbox 191 2615 261 2672; x_wconf 93' lang='lat' dir='ltr'><strong>tatis</strong></span> <span class='ocrx_word' id='word_1_159' title='bbox 292 2610 406 2671; x_wconf 92' lang='lat' dir='ltr'><strong>montis</strong></span> <span class='ocrx_word' id='word_1_160' title='bbox 436 2607 599 2666; x_wconf 90' lang='lat' dir='ltr'><strong>Grecensis</strong></span> <span class='ocrx_word' id='word_1_161' title='bbox 623 2612 729 2664; x_wconf 90' lang='lat' dir='ltr'><strong>contra</strong></span> <span class='ocrx_word' id='word_1_162' title='bbox 754 2604 954 2678; x_wconf 91' lang='lat' dir='ltr'><strong>magnificum</strong></span> <span class='ocrx_word' id='word_1_163' title='bbox 978 2604 1141 2662; x_wconf 90' lang='lat' dir='ltr'><strong>dominum</strong></span> <span class='ocrx_word' id='word_1_164' title='bbox 1163 2603 1341 2686; x_wconf 70' lang='lat' dir='ltr'><strong>johannem</strong></span> <span class='ocrx_word' id='word_1_165' title='bbox 1363 2601 1453 2660; x_wconf 83' lang='lat' dir='ltr'><strong>Thwz</strong></span> 
     </span>
     <span class='ocr_line' id='line_1_22' title="bbox 191 2711 1453 2794; baseline -0.009 -16"><span class='ocrx_word' id='word_1_166' title='bbox 191 2720 230 2778; x_wconf 89' lang='lat' dir='ltr'><strong>de</strong></span> <span class='ocrx_word' id='word_1_167' title='bbox 253 2718 319 2777; x_wconf 82' lang='lat' dir='ltr'><strong>Lali</strong></span> <span class='ocrx_word' id='word_1_168' title='bbox 348 2715 388 2774; x_wconf 92' lang='lat' dir='ltr'><strong>ad</strong></span> <span class='ocrx_word' id='word_1_169' title='bbox 411 2718 537 2773; x_wconf 90' lang='lat' dir='ltr'><strong>octavas</strong></span> <span class='ocrx_word' id='word_1_170' title='bbox 570 2713 640 2770; x_wconf 85' lang='lat' dir='ltr'><strong>testi</strong></span> <span class='ocrx_word' id='word_1_171' title='bbox 670 2713 754 2770; x_wconf 91' lang='lat' dir='ltr'><strong>beati</strong></span> <span class='ocrx_word' id='word_1_172' title='bbox 776 2712 885 2794; x_wconf 91' lang='lat' dir='ltr'><strong>Jacobi</strong></span> <span class='ocrx_word' id='word_1_173' title='bbox 908 2711 1043 2786; x_wconf 90' lang='lat' dir='ltr'><strong>apostoli</strong></span> <span class='ocrx_word' id='word_1_174' title='bbox 1064 2726 1146 2768; x_wconf 91' lang='lat' dir='ltr'><strong>nunc</strong></span> <span class='ocrx_word' id='word_1_175' title='bbox 1167 2714 1329 2782; x_wconf 86' lang='lat' dir='ltr'><strong>venturas,</strong></span> <span class='ocrx_word' id='word_1_176' title='bbox 1350 2721 1453 2784; x_wconf 85' lang='lat' dir='ltr'><strong>proro-</strong></span> 
     </span>
    </p>
   </div>
   <div class='ocr_carea' id='block_1_6' title="bbox 190 2826 316 2900">
    <p class='ocr_par' dir='ltr' id='par_1_7' title="bbox 190 2826 316 2900">
     <span class='ocr_line' id='line_1_23' title="bbox 190 2826 316 2900; baseline -0.024 -15"><span class='ocrx_word' id='word_1_177' title='bbox 190 2826 316 2900; x_wconf 87' lang='lat' dir='ltr'><strong>gatorie.</strong></span> 
     </span>
    </p>
   </div>
   <div class='ocr_carea' id='block_1_7' title="bbox 191 2951 1451 3112">
    <p class='ocr_par' dir='ltr' id='par_1_8' title="bbox 191 2951 1451 3112">
     <span class='ocr_line' id='line_1_24' title="bbox 297 2951 1451 3022; baseline -0.005 -14"><span class='ocrx_word' id='word_1_178' title='bbox 297 2956 432 3022; x_wconf 87' lang='lat' dir='ltr'><strong>Originale</strong></span> <span class='ocrx_word' id='word_1_179' title='bbox 451 2957 478 3005; x_wconf 91' lang='lat' dir='ltr'><strong>in</strong></span> <span class='ocrx_word' id='word_1_180' title='bbox 496 2956 591 3007; x_wconf 77' lang='lat' dir='ltr'><strong>charta.</strong></span> <span class='ocrx_word' id='word_1_181' title='bbox 611 2956 639 3004; x_wconf 91' lang='lat' dir='ltr'>A</span> <span class='ocrx_word' id='word_1_182' title='bbox 658 2962 731 3019; x_wconf 87' lang='lat' dir='ltr'><strong>tergo</strong></span> <span class='ocrx_word' id='word_1_183' title='bbox 749 2961 874 3021; x_wconf 81' lang='lat' dir='ltr'><strong>apparent</strong></span> <span class='ocrx_word' id='word_1_184' title='bbox 892 2955 1002 3020; x_wconf 76' lang='lat' dir='ltr'><strong>vestigia</strong></span> <span class='ocrx_word' id='word_1_185' title='bbox 1020 2955 1129 3004; x_wconf 87' lang='lat' dir='ltr'><strong>duorum</strong></span> <span class='ocrx_word' id='word_1_186' title='bbox 1148 2953 1305 3019; x_wconf 84' lang='lat' dir='ltr'><strong>sigillorum.</strong></span> <span class='ocrx_word' id='word_1_187' title='bbox 1323 2951 1451 3004; x_wconf 67' lang='lat' dir='ltr'><strong>Inachis.</strong></span> 
     </span>
     <span class='ocr_line' id='line_1_25' title="bbox 191 3035 521 3112; baseline -0.018 -14"><span class='ocrx_word' id='word_1_188' title='bbox 191 3048 238 3101; x_wconf 86' lang='lat' dir='ltr'><strong>lib.</strong></span> <span class='ocrx_word' id='word_1_189' title='bbox 258 3064 311 3112; x_wconf 82' lang='lat' dir='ltr'><strong>reg.</strong></span> <span class='ocrx_word' id='word_1_190' title='bbox 331 3046 401 3097; x_wconf 85' lang='lat' dir='ltr'><strong>civit.</strong></span> <span class='ocrx_word' id='word_1_191' title='bbox 420 3035 521 3109; x_wconf 79' lang='lat' dir='ltr'><strong>zagrab.</strong></span> 
     </span>
    </p>
   </div>
   <div class='ocr_carea' id='block_1_8' title="bbox 298 3419 796 3486">
    <p class='ocr_par' dir='ltr' id='par_1_9' title="bbox 298 3419 796 3486">
     <span class='ocr_line' id='line_1_26' title="bbox 298 3419 796 3486; baseline -0.002 -14"><span class='ocrx_word' id='word_1_192' title='bbox 298 3424 379 3472; x_wconf 86' lang='lat' dir='ltr'><strong>Anno</strong></span> <span class='ocrx_word' id='word_1_193' title='bbox 401 3434 475 3486; x_wconf 83' lang='lat'><strong>1473,</strong></span> <span class='ocrx_word' id='word_1_194' title='bbox 497 3433 538 3483; x_wconf 81' lang='lat'><strong>²3·</strong></span> <span class='ocrx_word' id='word_1_195' title='bbox 558 3419 627 3470; x_wconf 87' lang='lat' dir='ltr'><strong>maii.</strong></span> <span class='ocrx_word' id='word_1_196' title='bbox 647 3419 796 3482; x_wconf 83' lang='lat' dir='ltr'><strong>Zagrabiae.</strong></span> 
     </span>
    </p>
   </div>
   <div class='ocr_carea' id='block_1_9' title="bbox 192 3546 1452 3620">
    <p class='ocr_par' dir='ltr' id='par_1_10' title="bbox 192 3546 1452 3620">
     <span class='ocr_line' id='line_1_27' title="bbox 192 3546 1452 3620; baseline -0.009 -9"><span class='ocrx_word' id='word_1_197' title='bbox 192 3552 221 3611; x_wconf 86' lang='grc' dir='ltr'><em>Α</em></span> <span class='ocrx_word' id='word_1_198' title='bbox 245 3552 442 3609; x_wconf 71' lang='lat' dir='ltr'><strong>corrrrnunitatc</strong></span> <span class='ocrx_word' id='word_1_199' title='bbox 464 3549 589 3606; x_wconf 81' lang='lat' dir='ltr'><strong>cr‘zu&#39;tatis</strong></span> <span class='ocrx_word' id='word_1_200' title='bbox 610 3550 713 3604; x_wconf 82' lang='lat' dir='ltr'><strong>montis</strong></span> <span class='ocrx_word' id='word_1_201' title='bbox 742 3546 892 3605; x_wconf 82' lang='lat' dir='ltr'><strong>Grecensis</strong></span> <span class='ocrx_word' id='word_1_202' title='bbox 912 3555 1011 3620; x_wconf 83' lang='lat' dir='ltr'><strong>patres</strong></span> <span class='ocrx_word' id='word_1_203' title='bbox 1023 3546 1245 3605; x_wconf 71' lang='lat' dir='ltr'><strong>praedicatores</strong></span> <span class='ocrx_word' id='word_1_204' title='bbox 1267 3547 1452 3620; x_wconf 55' lang='lat' dir='ltr'><strong>examinatur.</strong></span> 
     </span>
    </p>
   </div>
   <div class='ocr_carea' id='block_1_10' title="bbox 188 3689 1456 4942">
    <p class='ocr_par' dir='ltr' id='par_1_11' title="bbox 188 3689 1456 4942">
     <span class='ocr_line' id='line_1_28' title="bbox 298 3689 1452 3765; baseline -0.005 -14"><span class='ocrx_word' id='word_1_205' title='bbox 298 3694 361 3752; x_wconf 91' lang='lat' dir='ltr'><strong>Nos</strong></span> <span class='ocrx_word' id='word_1_206' title='bbox 393 3693 512 3749; x_wconf 88' lang='lat' dir='ltr'><strong>Blasius</strong></span> <span class='ocrx_word' id='word_1_207' title='bbox 535 3690 637 3765; x_wconf 83' lang='lat' dir='ltr'><strong>judex,</strong></span> <span class='ocrx_word' id='word_1_208' title='bbox 660 3692 744 3749; x_wconf 89' lang='lat' dir='ltr'><strong>filius</strong></span> <span class='ocrx_word' id='word_1_209' title='bbox 775 3691 911 3763; x_wconf 87' lang='lat' dir='ltr'><strong>Georgii,</strong></span> <span class='ocrx_word' id='word_1_210' title='bbox 935 3691 1040 3763; x_wconf 91' lang='lat' dir='ltr'><strong>Lucas,</strong></span> <span class='ocrx_word' id='word_1_211' title='bbox 1066 3691 1248 3762; x_wconf 64' lang='lat' dir='ltr'><strong>ammonius,</strong></span> <span class='ocrx_word' id='word_1_212' title='bbox 1272 3689 1452 3764; x_wconf 84' lang='lat' dir='ltr'><strong>Stephanus,</strong></span> 
     </span>
     <span class='ocr_line' id='line_1_29' title="bbox 194 3796 1454 3873; baseline -0.004 -14"><span class='ocrx_word' id='word_1_213' title='bbox 194 3800 341 3871; x_wconf 88' lang='lat' dir='ltr'><strong>Andreas,</strong></span> <span class='ocrx_word' id='word_1_214' title='bbox 366 3799 524 3868; x_wconf 87' lang='lat' dir='ltr'><strong>Martinus,</strong></span> <span class='ocrx_word' id='word_1_215' title='bbox 548 3797 731 3871; x_wconf 89' lang='lat' dir='ltr'><strong>Stephanus,</strong></span> <span class='ocrx_word' id='word_1_216' title='bbox 753 3798 906 3871; x_wconf 88' lang='lat' dir='ltr'><strong>Georgius</strong></span> <span class='ocrx_word' id='word_1_217' title='bbox 925 3812 960 3856; x_wconf 92' lang='lat' dir='ltr'><strong>ac</strong></span> <span class='ocrx_word' id='word_1_218' title='bbox 984 3798 1063 3855; x_wconf 92' lang='lat' dir='ltr'><strong>alter</strong></span> <span class='ocrx_word' id='word_1_219' title='bbox 1086 3796 1240 3870; x_wconf 86' lang='lat' dir='ltr'><strong>Georgius</strong></span> <span class='ocrx_word' id='word_1_220' title='bbox 1262 3796 1365 3873; x_wconf 86' lang='lat' dir='ltr'><strong>jurati,</strong></span> <span class='ocrx_word' id='word_1_221' title='bbox 1389 3809 1454 3854; x_wconf 90' lang='lat' dir='ltr'><strong>oon·</strong></span> 
     </span>
     <span class='ocr_line' id='line_1_30' title="bbox 191 3903 1453 3965; baseline -0.004 0"><span class='ocrx_word' id='word_1_222' title='bbox 191 3906 300 3965; x_wconf 89' lang='lat' dir='ltr'><strong>siliarii</strong></span> <span class='ocrx_word' id='word_1_223' title='bbox 324 3911 353 3963; x_wconf 89' lang='lat' dir='ltr'><strong>et</strong></span> <span class='ocrx_word' id='word_1_224' title='bbox 376 3903 512 3961; x_wconf 86' lang='lat' dir='ltr'><strong>universi</strong></span> <span class='ocrx_word' id='word_1_225' title='bbox 537 3904 618 3960; x_wconf 86' lang='lat' dir='ltr'><strong>cives</strong></span> <span class='ocrx_word' id='word_1_226' title='bbox 642 3905 775 3962; x_wconf 90' lang='lat' dir='ltr'><strong>civitatis</strong></span> <span class='ocrx_word' id='word_1_227' title='bbox 796 3904 910 3962; x_wconf 91' lang='lat' dir='ltr'><strong>montis</strong></span> <span class='ocrx_word' id='word_1_228' title='bbox 933 3904 1102 3963; x_wconf 87' lang='lat' dir='ltr'><strong>Grecensis.</strong></span> <span class='ocrx_word' id='word_1_229' title='bbox 1126 3904 1278 3962; x_wconf 76' lang='lat' dir='ltr'><strong>Memoris</strong></span> <span class='ocrx_word' id='word_1_230' title='bbox 1300 3919 1453 3963; x_wconf 85' lang='lat' dir='ltr'><strong>commen·</strong></span> 
     </span>
     <span class='ocr_line' id='line_1_31' title="bbox 191 4008 1453 4086; baseline 0 -16"><span class='ocrx_word' id='word_1_231' title='bbox 191 4013 302 4070; x_wconf 89' lang='lat' dir='ltr'><strong>damus</strong></span> <span class='ocrx_word' id='word_1_232' title='bbox 325 4016 429 4068; x_wconf 88' lang='lat' dir='ltr'><strong>tenore</strong></span> <span class='ocrx_word' id='word_1_233' title='bbox 454 4011 649 4083; x_wconf 86' lang='lat' dir='ltr'><strong>presencium</strong></span> <span class='ocrx_word' id='word_1_234' title='bbox 672 4012 887 4083; x_wconf 87' lang='lat' dir='ltr'><strong>significantes,</strong></span> <span class='ocrx_word' id='word_1_235' title='bbox 908 4012 1022 4085; x_wconf 92' lang='lat' dir='ltr'><strong>quibus</strong></span> <span class='ocrx_word' id='word_1_236' title='bbox 1046 4011 1172 4084; x_wconf 86' lang='lat' dir='ltr'><strong>expedit</strong></span> <span class='ocrx_word' id='word_1_237' title='bbox 1187 4011 1356 4070; x_wconf 82' lang='lat' dir='ltr'><strong>universis:</strong></span> <span class='ocrx_word' id='word_1_238' title='bbox 1373 4008 1453 4086; x_wconf 87' lang='lat' dir='ltr'><strong>quod</strong></span> 
     </span>
     <span class='ocr_line' id='line_1_32' title="bbox 189 4115 1453 4191; baseline -0.002 -15"><span class='ocrx_word' id='word_1_239' title='bbox 189 4118 328 4190; x_wconf 91' lang='lat' dir='ltr'><strong>religiosi</strong></span> <span class='ocrx_word' id='word_1_240' title='bbox 351 4116 419 4187; x_wconf 85' lang='lat' dir='ltr'><strong>viri,</strong></span> <span class='ocrx_word' id='word_1_241' title='bbox 443 4115 589 4174; x_wconf 88' lang='lat' dir='ltr'><strong>videlicet</strong></span> <span class='ocrx_word' id='word_1_242' title='bbox 613 4115 708 4175; x_wconf 86' lang='lat' dir='ltr'><strong>frater</strong></span> <span class='ocrx_word' id='word_1_243' title='bbox 733 4118 873 4189; x_wconf 84' lang='lat' dir='ltr'><strong>llichael,</strong></span> <span class='ocrx_word' id='word_1_244' title='bbox 897 4132 983 4175; x_wconf 91' lang='lat' dir='ltr'><strong>sacre</strong></span> <span class='ocrx_word' id='word_1_245' title='bbox 1015 4117 1170 4191; x_wconf 86' lang='lat' dir='ltr'><strong>theologie</strong></span> <span class='ocrx_word' id='word_1_246' title='bbox 1193 4117 1301 4190; x_wconf 90' lang='lat' dir='ltr'><strong>lector,</strong></span> <span class='ocrx_word' id='word_1_247' title='bbox 1324 4116 1453 4177; x_wconf 76' lang='lat' dir='ltr'><strong>vicarius</strong></span> 
     </span>
     <span class='ocr_line' id='line_1_33' title="bbox 188 4221 1455 4297; baseline -0.001 -16"><span class='ocrx_word' id='word_1_248' title='bbox 188 4223 326 4282; x_wconf 89' lang='lat' dir='ltr'><strong>nacionis</strong></span> <span class='ocrx_word' id='word_1_249' title='bbox 356 4221 514 4281; x_wconf 88' lang='lat' dir='ltr'><strong>slavonice</strong></span> <span class='ocrx_word' id='word_1_250' title='bbox 543 4238 579 4280; x_wconf 89' lang='lat' dir='ltr'><strong>ac</strong></span> <span class='ocrx_word' id='word_1_251' title='bbox 611 4223 705 4281; x_wconf 85' lang='lat' dir='ltr'><strong>frater</strong></span> <span class='ocrx_word' id='word_1_252' title='bbox 736 4224 890 4292; x_wconf 88' lang='lat' dir='ltr'><strong>Clemens,</strong></span> <span class='ocrx_word' id='word_1_253' title='bbox 915 4224 1002 4297; x_wconf 90' lang='lat' dir='ltr'><strong>prior</strong></span> <span class='ocrx_word' id='word_1_254' title='bbox 1025 4229 1194 4283; x_wconf 83' lang='lat' dir='ltr'><strong>conventus</strong></span> <span class='ocrx_word' id='word_1_255' title='bbox 1217 4225 1315 4284; x_wconf 90' lang='lat' dir='ltr'><strong>sancti</strong></span> <span class='ocrx_word' id='word_1_256' title='bbox 1337 4222 1455 4282; x_wconf 88' lang='lat' dir='ltr'><strong>Nicolai</strong></span> 
     </span>
     <span class='ocr_line' id='line_1_34' title="bbox 189 4329 1454 4403; baseline -0.001 -15"><span class='ocrx_word' id='word_1_257' title='bbox 189 4330 307 4389; x_wconf 91' lang='lat' dir='ltr'><strong>ordinis</strong></span> <span class='ocrx_word' id='word_1_258' title='bbox 338 4329 578 4402; x_wconf 90' lang='lat' dir='ltr'><strong>Predicatorum,</strong></span> <span class='ocrx_word' id='word_1_259' title='bbox 608 4335 696 4389; x_wconf 86' lang='lat' dir='ltr'><strong>extra</strong></span> <span class='ocrx_word' id='word_1_260' title='bbox 721 4347 825 4389; x_wconf 90' lang='lat' dir='ltr'><strong>muros</strong></span> <span class='ocrx_word' id='word_1_261' title='bbox 850 4331 963 4388; x_wconf 91' lang='lat' dir='ltr'><strong>montis</strong></span> <span class='ocrx_word' id='word_1_262' title='bbox 989 4330 1150 4390; x_wconf 88' lang='lat' dir='ltr'><strong>Grecensis</strong></span> <span class='ocrx_word' id='word_1_263' title='bbox 1175 4329 1306 4403; x_wconf 81' lang='lat' dir='ltr'><strong>fundati,</strong></span> <span class='ocrx_word' id='word_1_264' title='bbox 1339 4331 1454 4390; x_wconf 89' lang='lat' dir='ltr'><strong>suiset</strong></span> 
     </span>
     <span class='ocr_line' id='line_1_35' title="bbox 189 4436 1453 4512; baseline 0.001 -18"><span class='ocrx_word' id='word_1_265' title='bbox 189 4437 330 4495; x_wconf 89' lang='lat' dir='ltr'><strong>omnium</strong></span> <span class='ocrx_word' id='word_1_266' title='bbox 355 4436 429 4495; x_wconf 92' lang='lat' dir='ltr'><strong>dicti</strong></span> <span class='ocrx_word' id='word_1_267' title='bbox 452 4443 620 4495; x_wconf 88' lang='lat' dir='ltr'><strong>conventus</strong></span> <span class='ocrx_word' id='word_1_268' title='bbox 645 4437 776 4494; x_wconf 84' lang='lat' dir='ltr'><strong>fratrum</strong></span> <span class='ocrx_word' id='word_1_269' title='bbox 800 4439 831 4496; x_wconf 94' lang='lat' dir='ltr'><strong>in</strong></span> <span class='ocrx_word' id='word_1_270' title='bbox 855 4438 996 4511; x_wconf 88' lang='lat' dir='ltr'><strong>personis</strong></span> <span class='ocrx_word' id='word_1_271' title='bbox 1010 4441 1226 4512; x_wconf 89' lang='lat' dir='ltr'><strong>presentarunt</strong></span> <span class='ocrx_word' id='word_1_272' title='bbox 1244 4438 1345 4511; x_wconf 90' lang='lat' dir='ltr'><strong>nobis,</strong></span> <span class='ocrx_word' id='word_1_273' title='bbox 1368 4450 1453 4496; x_wconf 89' lang='lat' dir='ltr'><strong>more</strong></span> 
     </span>
     <span class='ocr_line' id='line_1_36' title="bbox 190 4543 1456 4619; baseline 0.002 -18"><span class='ocrx_word' id='word_1_274' title='bbox 190 4543 282 4602; x_wconf 89' lang='lat' dir='ltr'><strong>solito</strong></span> <span class='ocrx_word' id='word_1_275' title='bbox 306 4545 338 4602; x_wconf 92' lang='lat' dir='ltr'><strong>in</strong></span> <span class='ocrx_word' id='word_1_276' title='bbox 358 4544 539 4602; x_wconf 89' lang='lat' dir='ltr'><strong>consistorio</strong></span> <span class='ocrx_word' id='word_1_277' title='bbox 562 4552 665 4602; x_wconf 89' lang='lat' dir='ltr'><strong>nostre</strong></span> <span class='ocrx_word' id='word_1_278' title='bbox 689 4545 920 4603; x_wconf 88' lang='lat' dir='ltr'><strong>communitatis</strong></span> <span class='ocrx_word' id='word_1_279' title='bbox 944 4546 1146 4619; x_wconf 88' lang='lat' dir='ltr'><strong>congregatis,</strong></span> <span class='ocrx_word' id='word_1_280' title='bbox 1169 4544 1322 4619; x_wconf 86' lang='lat' dir='ltr'><strong>quasdam</strong></span> <span class='ocrx_word' id='word_1_281' title='bbox 1338 4545 1456 4604; x_wconf 82' lang='lat' dir='ltr'><strong>litteras</strong></span> 
     </span>
     <span class='ocr_line' id='line_1_37' title="bbox 190 4649 1456 4725; baseline 0.005 -19"><span class='ocrx_word' id='word_1_282' title='bbox 190 4651 377 4709; x_wconf 90' lang='lat' dir='ltr'><strong>serenissimi</strong></span> <span class='ocrx_word' id='word_1_283' title='bbox 409 4650 557 4724; x_wconf 90' lang='lat' dir='ltr'><strong>principis</strong></span> <span class='ocrx_word' id='word_1_284' title='bbox 580 4657 610 4708; x_wconf 92' lang='lat' dir='ltr'><strong>et</strong></span> <span class='ocrx_word' id='word_1_285' title='bbox 642 4649 760 4709; x_wconf 91' lang='lat' dir='ltr'><strong>domini</strong></span> <span class='ocrx_word' id='word_1_286' title='bbox 792 4653 916 4724; x_wconf 81' lang='lat' dir='ltr'><strong>ilathie,</strong></span> <span class='ocrx_word' id='word_1_287' title='bbox 947 4653 1030 4725; x_wconf 90' lang='lat' dir='ltr'><strong>regis</strong></span> <span class='ocrx_word' id='word_1_288' title='bbox 1060 4650 1219 4725; x_wconf 88' lang='lat' dir='ltr'><strong>Hungarie</strong></span> <span class='ocrx_word' id='word_1_289' title='bbox 1248 4655 1304 4711; x_wconf 91' lang='lat' dir='ltr'><strong>etc.</strong></span> <span class='ocrx_word' id='word_1_290' title='bbox 1338 4651 1456 4712; x_wconf 86' lang='lat' dir='ltr'><strong>domini</strong></span> 
     </span>
     <span class='ocr_line' id='line_1_38' title="bbox 188 4757 1456 4832; baseline 0.006 -21"><span class='ocrx_word' id='word_1_291' title='bbox 188 4757 285 4815; x_wconf 90' lang='lat' dir='ltr'><strong>nostri</strong></span> <span class='ocrx_word' id='word_1_292' title='bbox 315 4757 466 4815; x_wconf 90' lang='lat' dir='ltr'><strong>naturalis</strong></span> <span class='ocrx_word' id='word_1_293' title='bbox 497 4764 589 4831; x_wconf 90' lang='lat' dir='ltr'><strong>atque</strong></span> <span class='ocrx_word' id='word_1_294' title='bbox 619 4758 761 4830; x_wconf 89' lang='lat' dir='ltr'><strong>graciosi,</strong></span> <span class='ocrx_word' id='word_1_295' title='bbox 793 4774 890 4831; x_wconf 89' lang='lat' dir='ltr'><strong>sanas,</strong></span> <span class='ocrx_word' id='word_1_296' title='bbox 929 4759 1033 4816; x_wconf 92' lang='lat' dir='ltr'><strong>salvas</strong></span> <span class='ocrx_word' id='word_1_297' title='bbox 1064 4764 1094 4816; x_wconf 91' lang='lat' dir='ltr'><strong>et</strong></span> <span class='ocrx_word' id='word_1_298' title='bbox 1124 4758 1270 4832; x_wconf 87' lang='lat' dir='ltr'><strong>integras,</strong></span> <span class='ocrx_word' id='word_1_299' title='bbox 1299 4759 1367 4818; x_wconf 91' lang='lat' dir='ltr'><strong>eius</strong></span> <span class='ocrx_word' id='word_1_300' title='bbox 1398 4759 1456 4818; x_wconf 88' lang='lat' dir='ltr'><strong>sub</strong></span> 
     </span>
     <span class='ocr_line' id='line_1_39' title="bbox 189 4860 1456 4942; baseline 0.006 -24"><span class='ocrx_word' id='word_1_301' title='bbox 189 4860 295 4935; x_wconf 91' lang='lat' dir='ltr'><strong>sigillo</strong></span> <span class='ocrx_word' id='word_1_302' title='bbox 318 4864 349 4922; x_wconf 93' lang='lat' dir='ltr'><strong>in</strong></span> <span class='ocrx_word' id='word_1_303' title='bbox 373 4864 470 4921; x_wconf 88' lang='lat' dir='ltr'><strong>serico</strong></span> <span class='ocrx_word' id='word_1_304' title='bbox 503 4863 657 4937; x_wconf 90' lang='lat' dir='ltr'><strong>pendenti,</strong></span> <span class='ocrx_word' id='word_1_305' title='bbox 684 4879 773 4923; x_wconf 88' lang='lat' dir='ltr'><strong>veras</strong></span> <span class='ocrx_word' id='word_1_306' title='bbox 795 4881 857 4923; x_wconf 90' lang='lat' dir='ltr'><strong>non</strong></span> <span class='ocrx_word' id='word_1_307' title='bbox 882 4866 1017 4939; x_wconf 87' lang='lat' dir='ltr'><strong>viciatas,</strong></span> <span class='ocrx_word' id='word_1_308' title='bbox 1041 4865 1096 4924; x_wconf 89' lang='lat' dir='ltr'><strong>sed</strong></span> <span class='ocrx_word' id='word_1_309' title='bbox 1119 4865 1206 4924; x_wconf 90' lang='lat' dir='ltr'><strong>omni</strong></span> <span class='ocrx_word' id='word_1_310' title='bbox 1229 4880 1360 4942; x_wconf 89' lang='lat' dir='ltr'><strong>prorsus</strong></span> <span class='ocrx_word' id='word_1_311' title='bbox 1374 4866 1456 4927; x_wconf 87' lang='lat' dir='ltr'><strong>vicio</strong></span> 
     </span>
    </p>
   </div>
   <div class='ocr_carea' id='block_1_11' title="bbox 0 0 1654 5348">
    <p class='ocr_par' dir='ltr' id='par_1_12' title="bbox 0 0 1654 5348">
     <span class='ocr_line' id='line_1_40' title="bbox 0 0 1654 5348; baseline 0 0"><span class='ocrx_word' id='word_1_312' title='bbox 0 0 1654 5348; x_wconf 95' lang='lat' dir='ltr'><strong> </strong></span> 
     </span>
    </p>
   </div>
  </div>
 </body>
</html>
