<?xml version="1.0" encoding="UTF-8"?>
<!DOCTYPE html PUBLIC "-//W3C//DTD XHTML 1.0 Transitional//EN"
    "http://www.w3.org/TR/xhtml1/DTD/xhtml1-transitional.dtd">
<html xmlns="http://www.w3.org/1999/xhtml" xml:lang="en" lang="en">
 <head>
  <title>
</title>
<meta http-equiv="Content-Type" content="text/html;charset=utf-8" />
  <meta name='ocr-system' content='tesseract 3.04.00' />
  <meta name='ocr-capabilities' content='ocr_page ocr_carea ocr_par ocr_line ocrx_word'/>
</head>
<body>
  <div class='ocr_page' id='page_1' title='image "./monumentahistor01laszgoog_0793.png"; bbox 0 0 3278 5348; ppageno 0'>
   <div class='ocr_carea' id='block_1_1' title="bbox 562 443 1032 525">
    <p class='ocr_par' dir='ltr' id='par_1_1' title="bbox 562 443 1032 525">
     <span class='ocr_line' id='line_1_1' title="bbox 562 443 1032 525; baseline 0.002 -21"><span class='ocrx_word' id='word_1_1' title='bbox 562 443 718 506; x_wconf 81' lang='lat' dir='ltr'>Addenda.</span> <span class='ocrx_word' id='word_1_2' title='bbox 743 460 771 505; x_wconf 87' lang='lat'>2.</span> <span class='ocrx_word' id='word_1_3' title='bbox 798 479 836 490; x_wconf 91' lang='lat'><em>-</em></span> <span class='ocrx_word' id='word_1_4' title='bbox 860 446 918 505; x_wconf 84' lang='lat' dir='ltr'>An.</span> <span class='ocrx_word' id='word_1_5' title='bbox 941 445 1032 525; x_wconf 70' lang='lat'><em>1436.</em></span> 
     </span>
    </p>
   </div>
   <div class='ocr_carea' id='block_1_2' title="bbox 286 676 828 864">
    <p class='ocr_par' dir='ltr' id='par_1_2' title="bbox 286 676 828 864">
     <span class='ocr_line' id='line_1_2' title="bbox 798 676 828 740; baseline -0.067 0"><span class='ocrx_word' id='word_1_6' title='bbox 798 676 828 740; x_wconf 83' lang='lat'>2.</span> 
     </span>
     <span class='ocr_line' id='line_1_3' title="bbox 286 798 602 864; baseline 0.009 -16"><span class='ocrx_word' id='word_1_7' title='bbox 286 801 367 849; x_wconf 82' lang='lat' dir='ltr'>Anno</span> <span class='ocrx_word' id='word_1_8' title='bbox 389 799 455 863; x_wconf 82' lang='lat'>1436</span> <span class='ocrx_word' id='word_1_9' title='bbox 485 813 507 862; x_wconf 81' lang='lat'>3.</span> <span class='ocrx_word' id='word_1_10' title='bbox 525 798 602 864; x_wconf 85' lang='lat' dir='ltr'>Julii.</span> 
     </span>
    </p>
   </div>
   <div class='ocr_carea' id='block_1_3' title="bbox 183 925 1449 1107">
    <p class='ocr_par' dir='ltr' id='par_1_3' title="bbox 183 925 1449 1107">
     <span class='ocr_line' id='line_1_4' title="bbox 183 925 1449 1006; baseline 0.001 -22"><span class='ocrx_word' id='word_1_11' title='bbox 183 928 211 984; x_wconf 82' lang='lat' dir='ltr'><em>A</em></span> <span class='ocrx_word' id='word_1_12' title='bbox 235 926 418 1000; x_wconf 56' lang='lat' dir='ltr'>Sepismundo</span> <span class='ocrx_word' id='word_1_13' title='bbox 440 928 618 1000; x_wconf 79' lang='lat' dir='ltr'>Hunguriae</span> <span class='ocrx_word' id='word_1_14' title='bbox 640 934 687 984; x_wconf 81' lang='lat' dir='ltr'>etc.</span> <span class='ocrx_word' id='word_1_15' title='bbox 713 944 788 1000; x_wconf 79' lang='lat' dir='ltr'>rege,</span> <span class='ocrx_word' id='word_1_16' title='bbox 811 925 982 982; x_wconf 81' lang='lat' dir='ltr'>Eberhardr&#39;</span> <span class='ocrx_word' id='word_1_17' title='bbox 1001 925 1093 983; x_wconf 76' lang='lat' dir='ltr'>Alben</span> <span class='ocrx_word' id='word_1_18' title='bbox 1126 928 1249 1001; x_wconf 76' lang='lat' dir='ltr'><em>episcopi</em></span> <span class='ocrx_word' id='word_1_19' title='bbox 1269 928 1391 1006; x_wconf 82' lang='lat' dir='ltr'>zagrob.</span> <span class='ocrx_word' id='word_1_20' title='bbox 1411 929 1449 985; x_wconf 82' lang='lat' dir='ltr'>le-</span> 
     </span>
     <span class='ocr_line' id='line_1_5' title="bbox 387 1028 1230 1107; baseline 0.002 -18"><span class='ocrx_word' id='word_1_21' title='bbox 387 1041 489 1107; x_wconf 81' lang='lat' dir='ltr'>gatum</span> <span class='ocrx_word' id='word_1_22' title='bbox 513 1051 584 1090; x_wconf 83' lang='lat' dir='ltr'>arae</span> <span class='ocrx_word' id='word_1_23' title='bbox 607 1051 629 1090; x_wconf 90' lang='lat' dir='ltr'>s.</span> <span class='ocrx_word' id='word_1_24' title='bbox 651 1033 744 1092; x_wconf 83' lang='lat' dir='ltr'>cruris</span> <span class='ocrx_word' id='word_1_25' title='bbox 767 1033 798 1088; x_wconf 87' lang='lat' dir='ltr'>in</span> <span class='ocrx_word' id='word_1_26' title='bbox 820 1033 881 1092; x_wconf 83' lang='lat' dir='ltr'>eccl.</span> <span class='ocrx_word' id='word_1_27' title='bbox 906 1028 1068 1090; x_wconf 70' lang='lat' dir='ltr'>cathedrali</span> <span class='ocrx_word' id='word_1_28' title='bbox 1090 1035 1230 1091; x_wconf 75' lang='lat' dir='ltr'>sancriur.</span> 
     </span>
    </p>
   </div>
   <div class='ocr_carea' id='block_1_4' title="bbox 660 1171 1378 1237">
    <p class='ocr_par' dir='ltr' id='par_1_4' title="bbox 660 1171 1378 1237">
     <span class='ocr_line' id='line_1_6' title="bbox 660 1171 1378 1237; baseline 0.001 -16"><span class='ocrx_word' id='word_1_29' title='bbox 660 1173 705 1221; x_wconf 87' lang='lat' dir='ltr'>Ad</span> <span class='ocrx_word' id='word_1_30' title='bbox 725 1171 906 1231; x_wconf 87' lang='lat' dir='ltr'>litteratorium</span> <span class='ocrx_word' id='word_1_31' title='bbox 924 1171 1072 1220; x_wconf 83' lang='lat' dir='ltr'>mandatum</span> <span class='ocrx_word' id='word_1_32' title='bbox 1090 1172 1188 1221; x_wconf 89' lang='lat' dir='ltr'>domini</span> <span class='ocrx_word' id='word_1_33' title='bbox 1208 1173 1378 1237; x_wconf 87' lang='lat' dir='ltr'>imperatoris.</span> 
     </span>
    </p>
   </div>
   <div class='ocr_carea' id='block_1_5' title="bbox 181 1302 1448 4988">
    <p class='ocr_par' dir='ltr' id='par_1_5' title="bbox 181 1302 1448 4988">
     <span class='ocr_line' id='line_1_7' title="bbox 288 1302 1446 1377; baseline 0 -16"><span class='ocrx_word' id='word_1_34' title='bbox 288 1302 505 1376; x_wconf 77' lang='lat' dir='ltr'><strong>sigismundus</strong></span> <span class='ocrx_word' id='word_1_35' title='bbox 536 1303 587 1362; x_wconf 92' lang='lat' dir='ltr'>dei</span> <span class='ocrx_word' id='word_1_36' title='bbox 617 1303 721 1376; x_wconf 83' lang='lat' dir='ltr'>gracia</span> <span class='ocrx_word' id='word_1_37' title='bbox 751 1303 964 1359; x_wconf 91' lang='lat' dir='ltr'>Romanorum</span> <span class='ocrx_word' id='word_1_38' title='bbox 995 1302 1175 1377; x_wconf 89' lang='lat' dir='ltr'>imperator,</span> <span class='ocrx_word' id='word_1_39' title='bbox 1198 1317 1323 1376; x_wconf 86' lang='lat' dir='ltr'>semper</span> <span class='ocrx_word' id='word_1_40' title='bbox 1346 1317 1446 1375; x_wconf 83' lang='lat' dir='ltr'>augu-</span> 
     </span>
     <span class='ocr_line' id='line_1_8' title="bbox 186 1407 1448 1482; baseline 0 -16"><span class='ocrx_word' id='word_1_41' title='bbox 186 1414 261 1481; x_wconf 92' lang='lat' dir='ltr'>stus,</span> <span class='ocrx_word' id='word_1_42' title='bbox 284 1425 320 1467; x_wconf 91' lang='lat' dir='ltr'>ac</span> <span class='ocrx_word' id='word_1_43' title='bbox 342 1409 509 1482; x_wconf 84' lang='lat' dir='ltr'>Hungarie,</span> <span class='ocrx_word' id='word_1_44' title='bbox 526 1409 680 1480; x_wconf 89' lang='lat' dir='ltr'>Bohemie,</span> <span class='ocrx_word' id='word_1_45' title='bbox 703 1408 873 1479; x_wconf 89' lang='lat' dir='ltr'>Dalmacie,</span> <span class='ocrx_word' id='word_1_46' title='bbox 896 1407 1032 1479; x_wconf 89' lang='lat' dir='ltr'>Croacie,</span> <span class='ocrx_word' id='word_1_47' title='bbox 1048 1408 1154 1478; x_wconf 82' lang='lat' dir='ltr'>Reme,</span> <span class='ocrx_word' id='word_1_48' title='bbox 1170 1407 1285 1479; x_wconf 86' lang='lat' dir='ltr'>Seruie,</span> <span class='ocrx_word' id='word_1_49' title='bbox 1307 1407 1448 1480; x_wconf 90' lang='lat' dir='ltr'>Gallicie,</span> 
     </span>
     <span class='ocr_line' id='line_1_9' title="bbox 184 1513 1448 1589; baseline 0.001 -17"><span class='ocrx_word' id='word_1_50' title='bbox 184 1514 377 1587; x_wconf 73' lang='lat' dir='ltr'>lodomerie,</span> <span class='ocrx_word' id='word_1_51' title='bbox 401 1516 558 1588; x_wconf 88' lang='lat' dir='ltr'>Comanie,</span> <span class='ocrx_word' id='word_1_52' title='bbox 581 1514 788 1588; x_wconf 80' lang='lat' dir='ltr'>Bulgarieque</span> <span class='ocrx_word' id='word_1_53' title='bbox 810 1529 873 1572; x_wconf 88' lang='lat' dir='ltr'>rex.</span> <span class='ocrx_word' id='word_1_54' title='bbox 898 1514 1058 1573; x_wconf 87' lang='lat' dir='ltr'>Universis</span> <span class='ocrx_word' id='word_1_55' title='bbox 1082 1514 1198 1573; x_wconf 90' lang='lat' dir='ltr'>Christi</span> <span class='ocrx_word' id='word_1_56' title='bbox 1214 1513 1362 1573; x_wconf 89' lang='lat' dir='ltr'>fidelibus</span> <span class='ocrx_word' id='word_1_57' title='bbox 1379 1530 1448 1589; x_wconf 89' lang='lat' dir='ltr'>pre·</span> 
     </span>
     <span class='ocr_line' id='line_1_10' title="bbox 185 1620 1448 1694; baseline 0.002 -17"><span class='ocrx_word' id='word_1_58' title='bbox 185 1621 324 1679; x_wconf 84' lang='lat' dir='ltr'>sentibus</span> <span class='ocrx_word' id='word_1_59' title='bbox 356 1627 386 1678; x_wconf 92' lang='lat' dir='ltr'>et</span> <span class='ocrx_word' id='word_1_60' title='bbox 418 1620 531 1680; x_wconf 84' lang='lat' dir='ltr'>futuris</span> <span class='ocrx_word' id='word_1_61' title='bbox 554 1636 680 1694; x_wconf 88' lang='lat' dir='ltr'>presens</span> <span class='ocrx_word' id='word_1_62' title='bbox 703 1621 854 1694; x_wconf 89' lang='lat' dir='ltr'>scriptum</span> <span class='ocrx_word' id='word_1_63' title='bbox 878 1621 1070 1694; x_wconf 89' lang='lat' dir='ltr'>inspecturis,</span> <span class='ocrx_word' id='word_1_64' title='bbox 1097 1621 1230 1679; x_wconf 90' lang='lat' dir='ltr'>salutem</span> <span class='ocrx_word' id='word_1_65' title='bbox 1252 1621 1284 1679; x_wconf 94' lang='lat' dir='ltr'>in</span> <span class='ocrx_word' id='word_1_66' title='bbox 1307 1622 1448 1679; x_wconf 92' lang='lat' dir='ltr'>omnium</span> 
     </span>
     <span class='ocr_line' id='line_1_11' title="bbox 183 1725 1448 1800; baseline -0.001 -16"><span class='ocrx_word' id='word_1_67' title='bbox 183 1726 347 1784; x_wconf 83' lang='lat' dir='ltr'>salvatore.</span> <span class='ocrx_word' id='word_1_68' title='bbox 383 1727 428 1784; x_wconf 91' lang='lat' dir='ltr'>Ne</span> <span class='ocrx_word' id='word_1_69' title='bbox 463 1725 537 1800; x_wconf 93' lang='lat' dir='ltr'>quid</span> <span class='ocrx_word' id='word_1_70' title='bbox 574 1725 761 1799; x_wconf 80' lang='lat' dir='ltr'>plenitudini</span> <span class='ocrx_word' id='word_1_71' title='bbox 795 1725 874 1784; x_wconf 85' lang='lat' dir='ltr'>desit</span> <span class='ocrx_word' id='word_1_72' title='bbox 906 1725 1053 1798; x_wconf 89' lang='lat' dir='ltr'>operibus</span> <span class='ocrx_word' id='word_1_73' title='bbox 1088 1726 1220 1799; x_wconf 88' lang='lat' dir='ltr'>pietatis,</span> <span class='ocrx_word' id='word_1_74' title='bbox 1255 1726 1380 1800; x_wconf 87' lang='lat' dir='ltr'>expedit</span> <span class='ocrx_word' id='word_1_75' title='bbox 1413 1732 1448 1784; x_wconf 93' lang='lat' dir='ltr'>ut</span> 
     </span>
     <span class='ocr_line' id='line_1_12' title="bbox 184 1830 1448 1906; baseline -0.002 -15"><span class='ocrx_word' id='word_1_76' title='bbox 184 1833 334 1906; x_wconf 88' lang='lat' dir='ltr'>principis</span> <span class='ocrx_word' id='word_1_77' title='bbox 357 1832 541 1906; x_wconf 90' lang='lat' dir='ltr'>presidentis</span> <span class='ocrx_word' id='word_1_78' title='bbox 566 1833 699 1905; x_wconf 85' lang='lat' dir='ltr'>benigna</span> <span class='ocrx_word' id='word_1_79' title='bbox 722 1830 931 1891; x_wconf 89' lang='lat' dir='ltr'>consideracio</span> <span class='ocrx_word' id='word_1_80' title='bbox 955 1833 1071 1889; x_wconf 90' lang='lat' dir='ltr'>bonum</span> <span class='ocrx_word' id='word_1_81' title='bbox 1095 1846 1174 1906; x_wconf 91' lang='lat' dir='ltr'>opus</span> <span class='ocrx_word' id='word_1_82' title='bbox 1199 1831 1239 1890; x_wconf 90' lang='lat' dir='ltr'>ad</span> <span class='ocrx_word' id='word_1_83' title='bbox 1262 1832 1361 1891; x_wconf 92' lang='lat' dir='ltr'>divini</span> <span class='ocrx_word' id='word_1_84' title='bbox 1382 1832 1448 1890; x_wconf 92' lang='lat' dir='ltr'>cul·</span> 
     </span>
     <span class='ocr_line' id='line_1_13' title="bbox 183 1936 1448 1997; baseline 0.001 -1"><span class='ocrx_word' id='word_1_85' title='bbox 183 1944 231 1996; x_wconf 93' lang='lat' dir='ltr'>tus</span> <span class='ocrx_word' id='word_1_86' title='bbox 262 1939 488 1997; x_wconf 91' lang='lat' dir='ltr'>incrementum</span> <span class='ocrx_word' id='word_1_87' title='bbox 521 1936 638 1997; x_wconf 87' lang='lat' dir='ltr'>iactum</span> <span class='ocrx_word' id='word_1_88' title='bbox 668 1943 699 1996; x_wconf 92' lang='lat' dir='ltr'>et</span> <span class='ocrx_word' id='word_1_89' title='bbox 729 1952 910 1997; x_wconf 89' lang='lat' dir='ltr'>concessum</span> <span class='ocrx_word' id='word_1_90' title='bbox 944 1937 1050 1996; x_wconf 91' lang='lat' dir='ltr'>stabili</span> <span class='ocrx_word' id='word_1_91' title='bbox 1081 1952 1185 1995; x_wconf 92' lang='lat' dir='ltr'>rerum</span> <span class='ocrx_word' id='word_1_92' title='bbox 1209 1938 1448 1997; x_wconf 88' lang='lat' dir='ltr'>confirmacione</span> 
     </span>
     <span class='ocr_line' id='line_1_14' title="bbox 182 2043 1446 2120; baseline 0.001 -18"><span class='ocrx_word' id='word_1_93' title='bbox 182 2043 323 2119; x_wconf 86' lang='lat' dir='ltr'>perficiat</span> <span class='ocrx_word' id='word_1_94' title='bbox 354 2044 539 2103; x_wconf 92' lang='lat' dir='ltr'>roborando.</span> <span class='ocrx_word' id='word_1_95' title='bbox 573 2043 706 2103; x_wconf 88' lang='lat' dir='ltr'>Proinde</span> <span class='ocrx_word' id='word_1_96' title='bbox 737 2043 778 2102; x_wconf 90' lang='lat' dir='ltr'>ad</span> <span class='ocrx_word' id='word_1_97' title='bbox 801 2045 1020 2103; x_wconf 85' lang='lat' dir='ltr'>universorum</span> <span class='ocrx_word' id='word_1_98' title='bbox 1046 2051 1109 2102; x_wconf 91' lang='lat' dir='ltr'>tam</span> <span class='ocrx_word' id='word_1_99' title='bbox 1132 2045 1328 2118; x_wconf 89' lang='lat' dir='ltr'>presencium</span> <span class='ocrx_word' id='word_1_100' title='bbox 1352 2061 1446 2120; x_wconf 92' lang='lat' dir='ltr'>quam</span> 
     </span>
     <span class='ocr_line' id='line_1_15' title="bbox 181 2149 1447 2224; baseline 0.001 -16"><span class='ocrx_word' id='word_1_101' title='bbox 181 2149 360 2209; x_wconf 80' lang='lat' dir='ltr'>futurorum</span> <span class='ocrx_word' id='word_1_102' title='bbox 389 2150 535 2209; x_wconf 88' lang='lat' dir='ltr'>noticiam</span> <span class='ocrx_word' id='word_1_103' title='bbox 567 2151 678 2208; x_wconf 90' lang='lat' dir='ltr'>harum</span> <span class='ocrx_word' id='word_1_104' title='bbox 709 2156 815 2208; x_wconf 86' lang='lat' dir='ltr'>tenore</span> <span class='ocrx_word' id='word_1_105' title='bbox 844 2151 991 2209; x_wconf 89' lang='lat' dir='ltr'>volumus</span> <span class='ocrx_word' id='word_1_106' title='bbox 1022 2151 1194 2224; x_wconf 88' lang='lat' dir='ltr'>pervenire,</span> <span class='ocrx_word' id='word_1_107' title='bbox 1224 2150 1308 2224; x_wconf 94' lang='lat' dir='ltr'>quod</span> <span class='ocrx_word' id='word_1_108' title='bbox 1344 2151 1447 2211; x_wconf 88' lang='lat' dir='ltr'>fidelis</span> 
     </span>
     <span class='ocr_line' id='line_1_16' title="bbox 181 2256 1448 2328; baseline 0.001 -13"><span class='ocrx_word' id='word_1_109' title='bbox 181 2262 287 2316; x_wconf 90' lang='lat' dir='ltr'>noster</span> <span class='ocrx_word' id='word_1_110' title='bbox 316 2256 510 2315; x_wconf 88' lang='lat' dir='ltr'>honorabilis</span> <span class='ocrx_word' id='word_1_111' title='bbox 539 2257 588 2314; x_wconf 88' lang='lat' dir='ltr'>vir</span> <span class='ocrx_word' id='word_1_112' title='bbox 617 2256 764 2328; x_wconf 84' lang='lat' dir='ltr'>Thomas,</span> <span class='ocrx_word' id='word_1_113' title='bbox 796 2256 1031 2316; x_wconf 89' lang='lat' dir='ltr'>archidiaconus</span> <span class='ocrx_word' id='word_1_114' title='bbox 1063 2256 1279 2316; x_wconf 87' lang='lat' dir='ltr'>warosdiensis</span> <span class='ocrx_word' id='word_1_115' title='bbox 1302 2263 1332 2316; x_wconf 91' lang='lat' dir='ltr'>et</span> <span class='ocrx_word' id='word_1_116' title='bbox 1356 2274 1448 2317; x_wconf 91' lang='lat' dir='ltr'>cano-</span> 
     </span>
     <span class='ocr_line' id='line_1_17' title="bbox 182 2363 1448 2437; baseline 0.001 -15"><span class='ocrx_word' id='word_1_117' title='bbox 182 2364 269 2422; x_wconf 90' lang='lat' dir='ltr'>nicus</span> <span class='ocrx_word' id='word_1_118' title='bbox 291 2364 323 2423; x_wconf 93' lang='lat' dir='ltr'>in</span> <span class='ocrx_word' id='word_1_119' title='bbox 346 2363 478 2422; x_wconf 86' lang='lat' dir='ltr'>ecclesia</span> <span class='ocrx_word' id='word_1_120' title='bbox 499 2363 700 2437; x_wconf 83' lang='lat' dir='ltr'>zagrabiensi,</span> <span class='ocrx_word' id='word_1_121' title='bbox 724 2367 888 2437; x_wconf 84' lang='lat' dir='ltr'>rectorque</span> <span class='ocrx_word' id='word_1_122' title='bbox 911 2365 1021 2423; x_wconf 88' lang='lat' dir='ltr'>altaris</span> <span class='ocrx_word' id='word_1_123' title='bbox 1045 2370 1149 2422; x_wconf 89' lang='lat' dir='ltr'>sancte</span> <span class='ocrx_word' id='word_1_124' title='bbox 1172 2365 1271 2422; x_wconf 91' lang='lat' dir='ltr'>crucis</span> <span class='ocrx_word' id='word_1_125' title='bbox 1294 2364 1448 2427; x_wconf 88' lang='lat' dir='ltr'>ineadem</span> 
     </span>
     <span class='ocr_line' id='line_1_18' title="bbox 183 2468 1445 2543; baseline 0.002 -15"><span class='ocrx_word' id='word_1_126' title='bbox 183 2469 312 2528; x_wconf 88' lang='lat' dir='ltr'>ecclesia</span> <span class='ocrx_word' id='word_1_127' title='bbox 343 2469 537 2543; x_wconf 84' lang='lat' dir='ltr'>zagrabiensi</span> <span class='ocrx_word' id='word_1_128' title='bbox 571 2468 693 2529; x_wconf 81' lang='lat' dir='ltr'>fundati</span> <span class='ocrx_word' id='word_1_129' title='bbox 715 2471 748 2529; x_wconf 90' lang='lat' dir='ltr'>in</span> <span class='ocrx_word' id='word_1_130' title='bbox 770 2485 833 2541; x_wconf 93' lang='lat' dir='ltr'>sua,</span> <span class='ocrx_word' id='word_1_131' title='bbox 866 2484 985 2528; x_wconf 91' lang='lat' dir='ltr'>necnon</span> <span class='ocrx_word' id='word_1_132' title='bbox 1007 2470 1206 2529; x_wconf 89' lang='lat' dir='ltr'>dominorum</span> <span class='ocrx_word' id='word_1_133' title='bbox 1229 2472 1445 2530; x_wconf 91' lang='lat' dir='ltr'>canonicorum</span> 
     </span>
     <span class='ocr_line' id='line_1_19' title="bbox 181 2575 1447 2651; baseline 0.001 -17"><span class='ocrx_word' id='word_1_134' title='bbox 181 2576 312 2651; x_wconf 88' lang='lat' dir='ltr'>capituli</span> <span class='ocrx_word' id='word_1_135' title='bbox 341 2575 438 2651; x_wconf 88' lang='lat' dir='ltr'>ipsius</span> <span class='ocrx_word' id='word_1_136' title='bbox 467 2575 596 2634; x_wconf 87' lang='lat' dir='ltr'>ecclesie</span> <span class='ocrx_word' id='word_1_137' title='bbox 626 2576 834 2649; x_wconf 86' lang='lat' dir='ltr'>zagrabiensis</span> <span class='ocrx_word' id='word_1_138' title='bbox 866 2577 1007 2651; x_wconf 90' lang='lat' dir='ltr'>personis</span> <span class='ocrx_word' id='word_1_139' title='bbox 1036 2577 1132 2634; x_wconf 88' lang='lat' dir='ltr'>nostri</span> <span class='ocrx_word' id='word_1_140' title='bbox 1163 2576 1308 2635; x_wconf 91' lang='lat' dir='ltr'>culminis</span> <span class='ocrx_word' id='word_1_141' title='bbox 1341 2576 1447 2637; x_wconf 90' lang='lat' dir='ltr'>adiens</span> 
     </span>
     <span class='ocr_line' id='line_1_20' title="bbox 182 2681 1448 2757; baseline 0.002 -17"><span class='ocrx_word' id='word_1_142' title='bbox 182 2687 393 2757; x_wconf 87' lang='lat' dir='ltr'>conspectum,</span> <span class='ocrx_word' id='word_1_143' title='bbox 411 2681 553 2741; x_wconf 85' lang='lat' dir='ltr'>exhibuit</span> <span class='ocrx_word' id='word_1_144' title='bbox 575 2683 666 2740; x_wconf 93' lang='lat' dir='ltr'>nobis</span> <span class='ocrx_word' id='word_1_145' title='bbox 689 2681 767 2739; x_wconf 92' lang='lat' dir='ltr'>duas</span> <span class='ocrx_word' id='word_1_146' title='bbox 789 2683 908 2740; x_wconf 87' lang='lat' dir='ltr'>litteras</span> <span class='ocrx_word' id='word_1_147' title='bbox 931 2681 1144 2755; x_wconf 80' lang='lat' dir='ltr'>privilegiales</span> <span class='ocrx_word' id='word_1_148' title='bbox 1167 2682 1297 2757; x_wconf 89' lang='lat' dir='ltr'>capituli</span> <span class='ocrx_word' id='word_1_149' title='bbox 1319 2683 1448 2742; x_wconf 91' lang='lat' dir='ltr'>ecclesie</span> 
     </span>
     <span class='ocr_line' id='line_1_21' title="bbox 183 2786 1446 2861; baseline 0.002 -15"><span class='ocrx_word' id='word_1_150' title='bbox 183 2789 383 2859; x_wconf 90' lang='lat' dir='ltr'>chasmensis,</span> <span class='ocrx_word' id='word_1_151' title='bbox 414 2802 509 2845; x_wconf 91' lang='lat' dir='ltr'>unam</span> <span class='ocrx_word' id='word_1_152' title='bbox 531 2786 689 2856; x_wconf 85' lang='lat' dir='ltr'>videlicet,</span> <span class='ocrx_word' id='word_1_153' title='bbox 712 2803 773 2861; x_wconf 91' lang='lat' dir='ltr'>qua</span> <span class='ocrx_word' id='word_1_154' title='bbox 796 2787 952 2845; x_wconf 91' lang='lat' dir='ltr'>mediante</span> <span class='ocrx_word' id='word_1_155' title='bbox 976 2787 1117 2861; x_wconf 83' lang='lat' dir='ltr'>egregius</span> <span class='ocrx_word' id='word_1_156' title='bbox 1140 2793 1170 2845; x_wconf 92' lang='lat' dir='ltr'>et</span> <span class='ocrx_word' id='word_1_157' title='bbox 1193 2788 1308 2847; x_wconf 91' lang='lat' dir='ltr'>nobilis</span> <span class='ocrx_word' id='word_1_158' title='bbox 1331 2789 1446 2849; x_wconf 88' lang='lat' dir='ltr'>Rodol·</span> 
     </span>
     <span class='ocr_line' id='line_1_22' title="bbox 183 2891 1446 2970; baseline 0.002 -18"><span class='ocrx_word' id='word_1_159' title='bbox 183 2894 273 2966; x_wconf 90' lang='lat' dir='ltr'>phus,</span> <span class='ocrx_word' id='word_1_160' title='bbox 303 2893 388 2951; x_wconf 88' lang='lat' dir='ltr'>filius</span> <span class='ocrx_word' id='word_1_161' title='bbox 418 2891 591 2967; x_wconf 86' lang='lat' dir='ltr'>Rodolphy</span> <span class='ocrx_word' id='word_1_162' title='bbox 625 2892 664 2951; x_wconf 92' lang='lat' dir='ltr'>de</span> <span class='ocrx_word' id='word_1_163' title='bbox 688 2892 817 2966; x_wconf 87' lang='lat' dir='ltr'>Medwe,</span> <span class='ocrx_word' id='word_1_164' title='bbox 840 2893 919 2951; x_wconf 88' lang='lat' dir='ltr'>alias</span> <span class='ocrx_word' id='word_1_165' title='bbox 941 2892 979 2951; x_wconf 92' lang='lat' dir='ltr'>de</span> <span class='ocrx_word' id='word_1_166' title='bbox 1003 2893 1114 2965; x_wconf 86' lang='lat' dir='ltr'>Alben,</span> <span class='ocrx_word' id='word_1_167' title='bbox 1138 2908 1244 2952; x_wconf 88' lang='lat' dir='ltr'>coram</span> <span class='ocrx_word' id='word_1_168' title='bbox 1268 2895 1337 2968; x_wconf 91' lang='lat' dir='ltr'>ipso</span> <span class='ocrx_word' id='word_1_169' title='bbox 1360 2896 1446 2970; x_wconf 92' lang='lat' dir='ltr'>capi·</span> 
     </span>
     <span class='ocr_line' id='line_1_23' title="bbox 184 2997 1447 3073; baseline 0.004 -17"><span class='ocrx_word' id='word_1_170' title='bbox 184 2999 251 3056; x_wconf 92' lang='lat' dir='ltr'>tulo</span> <span class='ocrx_word' id='word_1_171' title='bbox 282 2997 487 3073; x_wconf 88' lang='lat' dir='ltr'>personaliter</span> <span class='ocrx_word' id='word_1_172' title='bbox 517 3000 711 3066; x_wconf 86' lang='lat' dir='ltr'>constitutus,</span> <span class='ocrx_word' id='word_1_173' title='bbox 742 3014 834 3057; x_wconf 90' lang='lat' dir='ltr'>onere</span> <span class='ocrx_word' id='word_1_174' title='bbox 866 2999 1027 3070; x_wconf 89' lang='lat' dir='ltr'>Leonardi,</span> <span class='ocrx_word' id='word_1_175' title='bbox 1060 2998 1119 3057; x_wconf 91' lang='lat' dir='ltr'>filii</span> <span class='ocrx_word' id='word_1_176' title='bbox 1148 3001 1197 3059; x_wconf 92' lang='lat' dir='ltr'>sui</span> <span class='ocrx_word' id='word_1_177' title='bbox 1220 3001 1251 3059; x_wconf 93' lang='lat' dir='ltr'>in</span> <span class='ocrx_word' id='word_1_178' title='bbox 1273 3017 1307 3060; x_wconf 91' lang='lat' dir='ltr'>se</span> <span class='ocrx_word' id='word_1_179' title='bbox 1329 3017 1447 3060; x_wconf 90' lang='lat' dir='ltr'>assum·</span> 
     </span>
     <span class='ocr_line' id='line_1_24' title="bbox 184 3104 1448 3181; baseline 0.004 -19"><span class='ocrx_word' id='word_1_180' title='bbox 184 3120 280 3175; x_wconf 89' lang='lat' dir='ltr'>mens,</span> <span class='ocrx_word' id='word_1_181' title='bbox 312 3104 520 3179; x_wconf 87' lang='lat' dir='ltr'>possessiones</span> <span class='ocrx_word' id='word_1_182' title='bbox 551 3120 622 3163; x_wconf 91' lang='lat' dir='ltr'>suas</span> <span class='ocrx_word' id='word_1_183' title='bbox 645 3105 820 3177; x_wconf 84' lang='lat' dir='ltr'>Kralyoucz</span> <span class='ocrx_word' id='word_1_184' title='bbox 843 3121 878 3163; x_wconf 91' lang='lat' dir='ltr'>ac</span> <span class='ocrx_word' id='word_1_185' title='bbox 902 3104 1025 3178; x_wconf 89' lang='lat' dir='ltr'>Czerye,</span> <span class='ocrx_word' id='word_1_186' title='bbox 1049 3104 1089 3162; x_wconf 90' lang='lat' dir='ltr'>ad</span> <span class='ocrx_word' id='word_1_187' title='bbox 1118 3105 1248 3164; x_wconf 90' lang='lat' dir='ltr'>eandem</span> <span class='ocrx_word' id='word_1_188' title='bbox 1272 3108 1448 3181; x_wconf 84' lang='lat' dir='ltr'>Kralyoucz</span> 
     </span>
     <span class='ocr_line' id='line_1_25' title="bbox 183 3210 1447 3288; baseline 0.003 -20"><span class='ocrx_word' id='word_1_189' title='bbox 183 3211 389 3284; x_wconf 87' lang='lat' dir='ltr'>pertinentem</span> <span class='ocrx_word' id='word_1_190' title='bbox 412 3226 484 3269; x_wconf 92' lang='lat' dir='ltr'>cum</span> <span class='ocrx_word' id='word_1_191' title='bbox 508 3211 626 3269; x_wconf 88' lang='lat' dir='ltr'>tributo</span> <span class='ocrx_word' id='word_1_192' title='bbox 649 3212 681 3270; x_wconf 90' lang='lat' dir='ltr'>in</span> <span class='ocrx_word' id='word_1_193' title='bbox 697 3210 806 3269; x_wconf 87' lang='lat' dir='ltr'>eadem</span> <span class='ocrx_word' id='word_1_194' title='bbox 829 3210 944 3284; x_wconf 87' lang='lat' dir='ltr'>Czerye</span> <span class='ocrx_word' id='word_1_195' title='bbox 967 3211 1049 3284; x_wconf 85' lang='lat' dir='ltr'>exigi</span> <span class='ocrx_word' id='word_1_196' title='bbox 1072 3212 1174 3279; x_wconf 83' lang='lat' dir='ltr'>solito,</span> <span class='ocrx_word' id='word_1_197' title='bbox 1197 3227 1315 3273; x_wconf 87' lang='lat' dir='ltr'>necnon</span> <span class='ocrx_word' id='word_1_198' title='bbox 1338 3215 1447 3288; x_wconf 84' lang='lat' dir='ltr'>Koby·</span> 
     </span>
     <span class='ocr_line' id='line_1_26' title="bbox 182 3317 1445 3393; baseline 0.002 -18"><span class='ocrx_word' id='word_1_199' title='bbox 182 3317 265 3390; x_wconf 87' lang='lat' dir='ltr'>lyalr,</span> <span class='ocrx_word' id='word_1_200' title='bbox 297 3318 447 3391; x_wconf 86' lang='lat' dir='ltr'>Zwyblye</span> <span class='ocrx_word' id='word_1_201' title='bbox 478 3324 509 3376; x_wconf 92' lang='lat' dir='ltr'>et</span> <span class='ocrx_word' id='word_1_202' title='bbox 540 3318 638 3378; x_wconf 90' lang='lat' dir='ltr'>Narth</span> <span class='ocrx_word' id='word_1_203' title='bbox 670 3325 804 3390; x_wconf 89' lang='lat' dir='ltr'>vocatas,</span> <span class='ocrx_word' id='word_1_204' title='bbox 827 3320 858 3377; x_wconf 93' lang='lat' dir='ltr'>in</span> <span class='ocrx_word' id='word_1_205' title='bbox 881 3321 1029 3377; x_wconf 91' lang='lat' dir='ltr'>comitatu</span> <span class='ocrx_word' id='word_1_206' title='bbox 1056 3320 1248 3393; x_wconf 83' lang='lat' dir='ltr'>zagrabieusi</span> <span class='ocrx_word' id='word_1_207' title='bbox 1271 3321 1445 3393; x_wconf 86' lang='lat' dir='ltr'>existentes,</span> 
     </span>
     <span class='ocr_line' id='line_1_27' title="bbox 184 3423 1443 3502; baseline 0.002 -21"><span class='ocrx_word' id='word_1_208' title='bbox 184 3439 262 3497; x_wconf 90' lang='lat' dir='ltr'>quas</span> <span class='ocrx_word' id='word_1_209' title='bbox 285 3423 417 3483; x_wconf 91' lang='lat' dir='ltr'>condam</span> <span class='ocrx_word' id='word_1_210' title='bbox 441 3424 631 3483; x_wconf 87' lang='lat' dir='ltr'>reverendus</span> <span class='ocrx_word' id='word_1_211' title='bbox 653 3425 685 3484; x_wconf 87' lang='lat' dir='ltr'>in</span> <span class='ocrx_word' id='word_1_212' title='bbox 709 3425 832 3483; x_wconf 91' lang='lat' dir='ltr'>Christo</span> <span class='ocrx_word' id='word_1_213' title='bbox 856 3431 953 3499; x_wconf 84' lang='lat' dir='ltr'>pater,</span> <span class='ocrx_word' id='word_1_214' title='bbox 978 3425 1121 3484; x_wconf 92' lang='lat' dir='ltr'>dominus</span> <span class='ocrx_word' id='word_1_215' title='bbox 1144 3426 1355 3502; x_wconf 88' lang='lat' dir='ltr'>Eberhardus,</span> <span class='ocrx_word' id='word_1_216' title='bbox 1378 3428 1443 3502; x_wconf 88' lang='lat' dir='ltr'>epi·</span> 
     </span>
     <span class='ocr_line' id='line_1_28' title="bbox 183 3529 1445 3605; baseline 0.003 -17"><span class='ocrx_word' id='word_1_217' title='bbox 183 3545 296 3605; x_wconf 90' lang='lat' dir='ltr'>scopus</span> <span class='ocrx_word' id='word_1_218' title='bbox 320 3529 401 3588; x_wconf 91' lang='lat' dir='ltr'>dicte</span> <span class='ocrx_word' id='word_1_219' title='bbox 424 3532 553 3589; x_wconf 84' lang='lat' dir='ltr'>ecclesie</span> <span class='ocrx_word' id='word_1_220' title='bbox 574 3531 782 3605; x_wconf 85' lang='lat' dir='ltr'>zagrabiensis</span> <span class='ocrx_word' id='word_1_221' title='bbox 805 3546 823 3589; x_wconf 93' lang='lat' dir='ltr'>a</span> <span class='ocrx_word' id='word_1_222' title='bbox 847 3538 953 3590; x_wconf 91' lang='lat' dir='ltr'>nostra</span> <span class='ocrx_word' id='word_1_223' title='bbox 977 3532 1139 3590; x_wconf 89' lang='lat' dir='ltr'>serenitate</span> <span class='ocrx_word' id='word_1_224' title='bbox 1162 3532 1357 3605; x_wconf 84' lang='lat' dir='ltr'>exigentibus</span> <span class='ocrx_word' id='word_1_225' title='bbox 1380 3535 1445 3592; x_wconf 90' lang='lat' dir='ltr'>suis</span> 
     </span>
     <span class='ocr_line' id='line_1_29' title="bbox 184 3635 1446 3722; baseline 0.002 -27"><span class='ocrx_word' id='word_1_226' title='bbox 184 3635 389 3695; x_wconf 91' lang='lat' dir='ltr'>fidelitatibus</span> <span class='ocrx_word' id='word_1_227' title='bbox 419 3637 481 3695; x_wconf 92' lang='lat' dir='ltr'>sibi</span> <span class='ocrx_word' id='word_1_228' title='bbox 511 3653 547 3695; x_wconf 89' lang='lat' dir='ltr'>ac</span> <span class='ocrx_word' id='word_1_229' title='bbox 577 3638 711 3696; x_wconf 91' lang='lat' dir='ltr'>condam</span> <span class='ocrx_word' id='word_1_230' title='bbox 734 3637 905 3696; x_wconf 87' lang='lat' dir='ltr'>reverendo</span> <span class='ocrx_word' id='word_1_231' title='bbox 927 3638 960 3697; x_wconf 94' lang='lat' dir='ltr'>in</span> <span class='ocrx_word' id='word_1_232' title='bbox 982 3636 1107 3696; x_wconf 87' lang='lat' dir='ltr'>Christo</span> <span class='ocrx_word' id='word_1_233' title='bbox 1131 3638 1222 3712; x_wconf 88' lang='lat' dir='ltr'>patri,</span> <span class='ocrx_word' id='word_1_234' title='bbox 1245 3637 1372 3697; x_wconf 92' lang='lat' dir='ltr'>domino</span> <span class='ocrx_word' id='word_1_235' title='bbox 1394 3639 1446 3722; x_wconf 91' lang='lat' dir='ltr'>Jo-</span> 
     </span>
     <span class='ocr_line' id='line_1_30' title="bbox 185 3742 1447 3818; baseline 0.003 -17"><span class='ocrx_word' id='word_1_236' title='bbox 185 3742 289 3814; x_wconf 89' lang='lat' dir='ltr'>hanni,</span> <span class='ocrx_word' id='word_1_237' title='bbox 319 3742 464 3802; x_wconf 92' lang='lat' dir='ltr'>similiter</span> <span class='ocrx_word' id='word_1_238' title='bbox 494 3744 642 3818; x_wconf 90' lang='lat' dir='ltr'>episcopo</span> <span class='ocrx_word' id='word_1_239' title='bbox 665 3743 803 3803; x_wconf 90' lang='lat' dir='ltr'>eiusdem</span> <span class='ocrx_word' id='word_1_240' title='bbox 827 3744 954 3803; x_wconf 89' lang='lat' dir='ltr'>ecclesie</span> <span class='ocrx_word' id='word_1_241' title='bbox 976 3744 1192 3817; x_wconf 79' lang='lat' dir='ltr'>zagrabiensis‚</span> <span class='ocrx_word' id='word_1_242' title='bbox 1214 3759 1333 3802; x_wconf 91' lang='lat' dir='ltr'>necnon</span> <span class='ocrx_word' id='word_1_243' title='bbox 1356 3745 1447 3805; x_wconf 89' lang='lat' dir='ltr'>Petro</span> 
     </span>
     <span class='ocr_line' id='line_1_31' title="bbox 183 3849 1446 3933; baseline 0.002 -26"><span class='ocrx_word' id='word_1_244' title='bbox 183 3854 214 3908; x_wconf 91' lang='lat' dir='ltr'>et</span> <span class='ocrx_word' id='word_1_245' title='bbox 235 3849 369 3933; x_wconf 89' lang='lat' dir='ltr'>Johanni</span> <span class='ocrx_word' id='word_1_246' title='bbox 392 3849 548 3907; x_wconf 91' lang='lat' dir='ltr'>dictorum</span> <span class='ocrx_word' id='word_1_247' title='bbox 571 3865 740 3923; x_wconf 79' lang='lat' dir='ltr'>regnorum</span> <span class='ocrx_word' id='word_1_248' title='bbox 761 3856 940 3909; x_wconf 91' lang='lat' dir='ltr'>nostrorum</span> <span class='ocrx_word' id='word_1_249' title='bbox 957 3850 1119 3908; x_wconf 89' lang='lat' dir='ltr'>Dalmacie</span> <span class='ocrx_word' id='word_1_250' title='bbox 1143 3855 1174 3908; x_wconf 88' lang='lat' dir='ltr'>et</span> <span class='ocrx_word' id='word_1_251' title='bbox 1197 3849 1325 3909; x_wconf 92' lang='lat' dir='ltr'>Croacie</span> <span class='ocrx_word' id='word_1_252' title='bbox 1348 3851 1446 3922; x_wconf 89' lang='lat' dir='ltr'>banis,</span> 
     </span>
     <span class='ocr_line' id='line_1_32' title="bbox 183 3954 1446 4030; baseline 0.002 -17"><span class='ocrx_word' id='word_1_253' title='bbox 183 3954 335 4014; x_wconf 82' lang='lat' dir='ltr'>iratribus</span> <span class='ocrx_word' id='word_1_254' title='bbox 365 3954 542 4014; x_wconf 88' lang='lat' dir='ltr'>carnalibus</span> <span class='ocrx_word' id='word_1_255' title='bbox 573 3956 671 4029; x_wconf 90' lang='lat' dir='ltr'>ipsius</span> <span class='ocrx_word' id='word_1_256' title='bbox 694 3955 863 4029; x_wconf 90' lang='lat' dir='ltr'>Rodolphi,</span> <span class='ocrx_word' id='word_1_257' title='bbox 886 3957 1009 4030; x_wconf 91' lang='lat' dir='ltr'>ipsique</span> <span class='ocrx_word' id='word_1_258' title='bbox 1031 3956 1198 4030; x_wconf 90' lang='lat' dir='ltr'>Rodolpho</span> <span class='ocrx_word' id='word_1_259' title='bbox 1221 3962 1251 4015; x_wconf 93' lang='lat' dir='ltr'>et</span> <span class='ocrx_word' id='word_1_260' title='bbox 1274 3957 1337 4015; x_wconf 91' lang='lat' dir='ltr'>suis</span> <span class='ocrx_word' id='word_1_261' title='bbox 1360 3958 1446 4015; x_wconf 91' lang='lat' dir='ltr'>here·</span> 
     </span>
     <span class='ocr_line' id='line_1_33' title="bbox 183 4061 1446 4138; baseline 0 -17"><span class='ocrx_word' id='word_1_262' title='bbox 183 4061 277 4121; x_wconf 86' lang='lat' dir='ltr'>dibus</span> <span class='ocrx_word' id='word_1_263' title='bbox 304 4061 337 4120; x_wconf 95' lang='lat' dir='ltr'>in</span> <span class='ocrx_word' id='word_1_264' title='bbox 364 4067 552 4136; x_wconf 88' lang='lat' dir='ltr'>perpetuum</span> <span class='ocrx_word' id='word_1_265' title='bbox 583 4061 789 4136; x_wconf 89' lang='lat' dir='ltr'>impetrasset,</span> <span class='ocrx_word' id='word_1_266' title='bbox 824 4077 894 4120; x_wconf 91' lang='lat' dir='ltr'>cum</span> <span class='ocrx_word' id='word_1_267' title='bbox 918 4063 1071 4120; x_wconf 88' lang='lat' dir='ltr'>universis</span> <span class='ocrx_word' id='word_1_268' title='bbox 1094 4062 1274 4121; x_wconf 92' lang='lat' dir='ltr'>earumdem</span> <span class='ocrx_word' id='word_1_269' title='bbox 1298 4064 1446 4138; x_wconf 86' lang='lat' dir='ltr'>possessi·</span> 
     </span>
     <span class='ocr_line' id='line_1_34' title="bbox 183 4166 1446 4242; baseline 0.002 -17"><span class='ocrx_word' id='word_1_270' title='bbox 183 4182 279 4226; x_wconf 92' lang='lat' dir='ltr'>onum</span> <span class='ocrx_word' id='word_1_271' title='bbox 313 4167 496 4239; x_wconf 86' lang='lat' dir='ltr'>Kralyoucz,</span> <span class='ocrx_word' id='word_1_272' title='bbox 528 4167 643 4241; x_wconf 87' lang='lat' dir='ltr'>Czerye</span> <span class='ocrx_word' id='word_1_273' title='bbox 677 4166 712 4226; x_wconf 92' lang='lat' dir='ltr'>a&#39;c</span> <span class='ocrx_word' id='word_1_274' title='bbox 747 4168 855 4227; x_wconf 89' lang='lat' dir='ltr'>tributi</span> <span class='ocrx_word' id='word_1_275' title='bbox 891 4183 1009 4227; x_wconf 87' lang='lat' dir='ltr'>necnon</span> <span class='ocrx_word' id='word_1_276' title='bbox 1044 4168 1219 4241; x_wconf 85' lang='lat' dir='ltr'>Kobylyak,</span> <span class='ocrx_word' id='word_1_277' title='bbox 1243 4169 1394 4242; x_wconf 85' lang='lat' dir='ltr'>Zwyblye</span> <span class='ocrx_word' id='word_1_278' title='bbox 1416 4178 1446 4228; x_wconf 97' lang='lat' dir='ltr'>et</span> 
     </span>
     <span class='ocr_line' id='line_1_35' title="bbox 183 4269 1445 4348; baseline 0.001 -17"><span class='ocrx_word' id='word_1_279' title='bbox 183 4269 282 4331; x_wconf 90' lang='lat' dir='ltr'>Narth</span> <span class='ocrx_word' id='word_1_280' title='bbox 312 4273 543 4347; x_wconf 81' lang='lat' dir='ltr'>appellaturum</span> <span class='ocrx_word' id='word_1_281' title='bbox 575 4275 769 4345; x_wconf 88' lang='lat' dir='ltr'>utilitatibus,</span> <span class='ocrx_word' id='word_1_282' title='bbox 794 4275 906 4348; x_wconf 87' lang='lat' dir='ltr'>quovis</span> <span class='ocrx_word' id='word_1_283' title='bbox 941 4275 1064 4332; x_wconf 90' lang='lat' dir='ltr'>nomine</span> <span class='ocrx_word' id='word_1_284' title='bbox 1089 4276 1232 4334; x_wconf 89' lang='lat' dir='ltr'>vocitatis</span> <span class='ocrx_word' id='word_1_285' title='bbox 1257 4275 1297 4332; x_wconf 89' lang='lat' dir='ltr'>ad</span> <span class='ocrx_word' id='word_1_286' title='bbox 1320 4275 1445 4333; x_wconf 91' lang='lat' dir='ltr'>easdem</span> 
     </span>
     <span class='ocr_line' id='line_1_36' title="bbox 183 4378 1445 4455; baseline 0.002 -18"><span class='ocrx_word' id='word_1_287' title='bbox 183 4384 214 4437; x_wconf 89' lang='lat' dir='ltr'>et</span> <span class='ocrx_word' id='word_1_288' title='bbox 245 4378 328 4437; x_wconf 90' lang='lat' dir='ltr'>idern</span> <span class='ocrx_word' id='word_1_289' title='bbox 362 4380 403 4438; x_wconf 91' lang='lat' dir='ltr'>ab</span> <span class='ocrx_word' id='word_1_290' title='bbox 433 4381 562 4453; x_wconf 89' lang='lat' dir='ltr'>antiquo</span> <span class='ocrx_word' id='word_1_291' title='bbox 586 4382 807 4454; x_wconf 91' lang='lat' dir='ltr'>spectantibus,</span> <span class='ocrx_word' id='word_1_292' title='bbox 831 4380 961 4455; x_wconf 84' lang='lat' dir='ltr'>prefatis</span> <span class='ocrx_word' id='word_1_293' title='bbox 986 4381 1121 4439; x_wconf 90' lang='lat' dir='ltr'>dominis</span> <span class='ocrx_word' id='word_1_294' title='bbox 1144 4381 1298 4440; x_wconf 88' lang='lat' dir='ltr'>canonicis</span> <span class='ocrx_word' id='word_1_295' title='bbox 1314 4380 1353 4439; x_wconf 90' lang='lat' dir='ltr'>de</span> <span class='ocrx_word' id='word_1_296' title='bbox 1376 4397 1445 4455; x_wconf 89' lang='lat' dir='ltr'>pre·</span> 
     </span>
     <span class='ocr_line' id='line_1_37' title="bbox 184 4485 1446 4561; baseline 0.002 -18"><span class='ocrx_word' id='word_1_297' title='bbox 184 4485 268 4544; x_wconf 89' lang='lat' dir='ltr'>dicto</span> <span class='ocrx_word' id='word_1_298' title='bbox 301 4487 438 4560; x_wconf 90' lang='lat' dir='ltr'>capitulo</span> <span class='ocrx_word' id='word_1_299' title='bbox 470 4486 604 4544; x_wconf 73' lang='lat' dir='ltr'>antelato</span> <span class='ocrx_word' id='word_1_300' title='bbox 635 4488 764 4546; x_wconf 89' lang='lat' dir='ltr'>ecclesie</span> <span class='ocrx_word' id='word_1_301' title='bbox 784 4488 993 4561; x_wconf 84' lang='lat' dir='ltr'>zagrabiensis</span> <span class='ocrx_word' id='word_1_302' title='bbox 1012 4493 1042 4544; x_wconf 92' lang='lat' dir='ltr'>et</span> <span class='ocrx_word' id='word_1_303' title='bbox 1066 4488 1206 4560; x_wconf 91' lang='lat' dir='ltr'>predicto</span> <span class='ocrx_word' id='word_1_304' title='bbox 1229 4487 1319 4545; x_wconf 91' lang='lat' dir='ltr'>altari</span> <span class='ocrx_word' id='word_1_305' title='bbox 1343 4494 1446 4545; x_wconf 91' lang='lat' dir='ltr'>sancte</span> 
     </span>
     <span class='ocr_line' id='line_1_38' title="bbox 184 4593 1445 4666; baseline 0.001 -16"><span class='ocrx_word' id='word_1_306' title='bbox 184 4593 290 4664; x_wconf 89' lang='lat' dir='ltr'>crucis,</span> <span class='ocrx_word' id='word_1_307' title='bbox 321 4600 604 4666; x_wconf 89' lang='lat' dir='ltr'>consequenterque</span> <span class='ocrx_word' id='word_1_308' title='bbox 635 4595 747 4653; x_wconf 89' lang='lat' dir='ltr'>rectori</span> <span class='ocrx_word' id='word_1_309' title='bbox 778 4593 916 4652; x_wconf 89' lang='lat' dir='ltr'>eiusdem</span> <span class='ocrx_word' id='word_1_310' title='bbox 940 4593 1048 4650; x_wconf 89' lang='lat' dir='ltr'>altaris</span> <span class='ocrx_word' id='word_1_311' title='bbox 1071 4608 1109 4651; x_wconf 89' lang='lat' dir='ltr'>ex</span> <span class='ocrx_word' id='word_1_312' title='bbox 1131 4594 1308 4652; x_wconf 85' lang='lat' dir='ltr'>racionibus</span> <span class='ocrx_word' id='word_1_313' title='bbox 1330 4601 1360 4651; x_wconf 88' lang='lat' dir='ltr'>et</span> <span class='ocrx_word' id='word_1_314' title='bbox 1384 4593 1445 4651; x_wconf 84' lang='lat' dir='ltr'>ior·</span> 
     </span>
     <span class='ocr_line' id='line_1_39' title="bbox 183 4698 1445 4774; baseline 0.001 -19"><span class='ocrx_word' id='word_1_315' title='bbox 183 4699 243 4756; x_wconf 93' lang='lat' dir='ltr'>mis</span> <span class='ocrx_word' id='word_1_316' title='bbox 266 4714 301 4757; x_wconf 89' lang='lat' dir='ltr'>ac</span> <span class='ocrx_word' id='word_1_317' title='bbox 325 4698 557 4757; x_wconf 89' lang='lat' dir='ltr'>condicionibus</span> <span class='ocrx_word' id='word_1_318' title='bbox 580 4698 659 4758; x_wconf 86' lang='lat' dir='ltr'>inira</span> <span class='ocrx_word' id='word_1_319' title='bbox 684 4701 713 4759; x_wconf 92' lang='lat' dir='ltr'>in</span> <span class='ocrx_word' id='word_1_320' title='bbox 738 4706 843 4759; x_wconf 90' lang='lat' dir='ltr'>tenore</span> <span class='ocrx_word' id='word_1_321' title='bbox 865 4700 963 4774; x_wconf 91' lang='lat' dir='ltr'>ipsius</span> <span class='ocrx_word' id='word_1_322' title='bbox 976 4699 1079 4757; x_wconf 89' lang='lat' dir='ltr'>littere</span> <span class='ocrx_word' id='word_1_323' title='bbox 1101 4699 1264 4773; x_wconf 90' lang='lat' dir='ltr'>limpidius</span> <span class='ocrx_word' id='word_1_324' title='bbox 1280 4699 1445 4774; x_wconf 87' lang='lat' dir='ltr'>explicatis</span> 
     </span>
     <span class='ocr_line' id='line_1_40' title="bbox 183 4803 1444 4880; baseline 0.001 -18"><span class='ocrx_word' id='word_1_325' title='bbox 183 4809 213 4862; x_wconf 89' lang='lat' dir='ltr'>et</span> <span class='ocrx_word' id='word_1_326' title='bbox 236 4806 385 4864; x_wconf 89' lang='lat' dir='ltr'>contentis</span> <span class='ocrx_word' id='word_1_327' title='bbox 415 4803 482 4880; x_wconf 88' lang='lat' dir='ltr'>jure</span> <span class='ocrx_word' id='word_1_328' title='bbox 514 4812 665 4880; x_wconf 90' lang='lat' dir='ltr'>perpetuo</span> <span class='ocrx_word' id='word_1_329' title='bbox 688 4813 719 4864; x_wconf 91' lang='lat' dir='ltr'>et</span> <span class='ocrx_word' id='word_1_330' title='bbox 740 4806 987 4865; x_wconf 88' lang='lat' dir='ltr'>irrevocabiliter</span> <span class='ocrx_word' id='word_1_331' title='bbox 1011 4804 1141 4876; x_wconf 87' lang='lat' dir='ltr'>dedisse,</span> <span class='ocrx_word' id='word_1_332' title='bbox 1165 4805 1295 4863; x_wconf 90' lang='lat' dir='ltr'>donasse</span> <span class='ocrx_word' id='word_1_333' title='bbox 1320 4810 1351 4864; x_wconf 92' lang='lat' dir='ltr'>et</span> <span class='ocrx_word' id='word_1_334' title='bbox 1374 4821 1444 4865; x_wconf 91' lang='lat' dir='ltr'>con·</span> 
     </span>
     <span class='ocr_line' id='line_1_41' title="bbox 182 4910 1443 4988; baseline 0.002 -21"><span class='ocrx_word' id='word_1_335' title='bbox 182 4910 291 4969; x_wconf 80' lang='lat' dir='ltr'>tulisse</span> <span class='ocrx_word' id='word_1_336' title='bbox 322 4911 508 4981; x_wconf 73' lang='lat' dir='ltr'>dinoscitur,</span> <span class='ocrx_word' id='word_1_337' title='bbox 531 4920 561 4970; x_wconf 92' lang='lat' dir='ltr'>et</span> <span class='ocrx_word' id='word_1_338' title='bbox 593 4914 688 4972; x_wconf 86' lang='lat' dir='ltr'>aliam</span> <span class='ocrx_word' id='word_1_339' title='bbox 711 4928 804 4987; x_wconf 90' lang='lat' dir='ltr'>super</span> <span class='ocrx_word' id='word_1_340' title='bbox 828 4913 982 4988; x_wconf 86' lang='lat' dir='ltr'>legittima</span> <span class='ocrx_word' id='word_1_341' title='bbox 1005 4910 1187 4970; x_wconf 90' lang='lat' dir='ltr'>earumdem</span> <span class='ocrx_word' id='word_1_342' title='bbox 1212 4911 1443 4984; x_wconf 90' lang='lat' dir='ltr'>possessionum</span> 
     </span>
    </p>
   </div>
   <div class='ocr_carea' id='block_1_6' title="bbox 0 0 1644 5348">
    <p class='ocr_par' dir='ltr' id='par_1_6' title="bbox 0 0 1644 5348">
     <span class='ocr_line' id='line_1_42' title="bbox 0 0 1644 5348; baseline 0 0"><span class='ocrx_word' id='word_1_343' title='bbox 0 0 1644 5348; x_wconf 95' lang='lat' dir='ltr'> </span> 
     </span>
    </p>
   </div>
  </div>
 </body>
</html>
