3278 5348
621 457 698 515 Doc.
718 468 793 533 354.
818 489 859 498 —
884 458 939 514 An.
965 452 1059 534 1489.

1391 474 1451 533 475

183 676 269 733 situs.
293 674 491 732 Presentibus
514 646 656 731 discretis
680 672 840 736 dominus:
865 674 1022 731 anthonio
1045 679 1163 731 rectore
1186 672 1350 747 hospitalis
1366 672 1456 730 beate

183 783 280 840 Marie
304 782 433 854 virginis
458 783 488 839 in
512 796 583 839 area
608 781 690 838 dicte
714 780 847 838 civitatis
869 781 1044 850 constructi,
1068 779 1225 853 Stephano
1249 778 1455 851 prebendario

183 889 321 947 eiusdem
357 887 531 962 hospitalis,
567 886 702 959 Georgio
733 892 853 945 rectore
886 902 937 944 are
971 887 1067 943 sancti
1103 885 1222 944 Nicolai
1258 885 1289 942 in
1326 885 1454 942 ecclesia

184 996 281 1053 sancti
307 996 400 1053 Marci
425 993 555 1069 prefata,
580 994 770 1067 presbiteris,
794 999 824 1052 et
847 993 988 1051 Emerico
1021 992 1060 1050 de
1083 992 1184 1050 Crisio
1207 992 1320 1049 clerico
1352 1006 1456 1063 zagra-

184 1102 300 1159 biensis
324 1101 472 1160 dioecesis
495 1102 527 1159 in
551 1101 763 1158 testimonium
788 1100 1010 1174 premissorum
1035 1099 1199 1172 requisitis.

290 1273 322 1320 In
341 1272 436 1325 archiv.
456 1288 513 1326 ven.
534 1274 609 1338 capit.
630 1273 731 1337 zagrab.
750 1273 811 1322 Act.
832 1288 887 1336 cap.
907 1279 959 1325 ant.
980 1273 1041 1323 fasc.
1065 1284 1103 1322 10.
1124 1288 1161 1322 nr.
1184 1283 1224 1333 14.

781 1553 865 1619 354.

294 1697 374 1746 Auno
396 1698 471 1760 1489,
492 1709 513 1746 2,
535 1696 687 1745 decembris.
707 1695 855 1760 Zagrabiae.

184 1805 299 1880 Augen,
325 1807 398 1864 sedis
429 1806 600 1879 apostolicae
622 1806 717 1877 legati,
733 1805 831 1880 siesse,
862 1804 1007 1877 Georgius
1022 1803 1243 1861 archidiaconus
1265 1811 1351 1877 atquc
1372 1822 1457 1861 cerro·

184 1913 266 1969 m'cus
299 1913 418 1986 angrnb.
454 1913 612 1970 Baltasari
643 1924 669 1970 et
697 1913 876 1970 Catharr'nae
909 1911 1077 1988 conjugibus
1110 1910 1239 1980 mandat,
1270 1917 1305 1967 ut
1327 1910 1455 1967 Mcolao

467 2020 527 2078 civi
547 2022 663 2093 ‘trosque
686 2021 777 2077 texori
796 2027 893 2092 crota
916 2018 990 2076 botta
1014 2018 1141 2077 reddant.

293 2163 562 2222 Reverendissimo
586 2165 616 2222 in
639 2164 763 2223 Christo
788 2164 867 2238 patri
891 2170 922 2221 et
945 2163 1081 2234 domine,
1105 2163 1232 2221 domino
1257 2162 1377 2234 Angelo
1404 2160 1456 2218 dei

183 2272 288 2345 gracia
310 2271 457 2345 episcopo
487 2262 675 2348 ortan(ensi)‚
699 2270 739 2327 ad
752 2269 961 2340 Germaniam,
985 2270 1187 2342 Hungariam‚
1206 2269 1376 2339 Poloniam,
1400 2267 1456 2325 Bo·

185 2378 332 2445 hemam,
346 2376 474 2449 illisque
496 2376 670 2434 adiacentes
694 2384 797 2450 partes
820 2382 913 2449 atque
936 2391 1031 2449 regna
1054 2375 1239 2434 sanctissimi
1263 2373 1380 2432 domini
1400 2387 1454 2431 no·

184 2484 241 2541 stri
265 2489 295 2541 et
310 2482 391 2541 sedis
415 2483 585 2556 apostolice
607 2498 679 2541 curn
702 2483 795 2557 plena
829 2487 982 2558 potestate
1009 2462 1104 2555 legati
1140 2481 1178 2539 de
1213 2481 1317 2551 latere,
1342 2480 1455 2553 legato,

184 2589 312 2648 domino
335 2589 395 2647 sibi
418 2590 654 2661 graciosissimo,
678 2589 829 2662 Georgius
853 2588 1086 2646 archidiaconus
1110 2587 1148 2645 de
1164 2588 1268 2659 Bexin‚
1292 2587 1456 2645 canonicus

185 2701 215 2754 et
239 2695 375 2753 vicarius
398 2695 429 2753 in
445 2695 661 2769 spiritualibus
676 2695 837 2753 reverendi
855 2696 885 2752 in
910 2693 1033 2753 Christo
1058 2695 1164 2767 patris,
1182 2693 1302 2751 domini
1318 2691 1457 2764 Osualdi,

185 2801 390 2860 consimiliter
413 2801 462 2859 dei
486 2807 516 2859 et
530 2802 699 2875 apostolice
715 2802 797 2859 sedis
819 2801 924 2874 gracia
940 2801 1078 2874 episcopi
1102 2800 1230 2858 ecclesie
1242 2799 1457 2872 zagrabiensis,

185 2908 342 2967 oraciones
365 2908 396 2965 in
419 2907 545 2965 domino
581 2906 709 2965 devotas
740 2923 812 2966 cum
835 2922 958 2965 summa
983 2907 1175 2964 obediencia.
1203 2906 1313 2964 Vestra
1336 2906 1458 2964 noverit

182 3013 439 3073 reverendissima
464 3015 639 3089 paternitas,
656 3030 706 3072 me
730 3020 890 3087 tamquam
907 3014 1009 3072 filium
1028 3013 1216 3084 obediencie,
1236 3013 1355 3071 litteras
1378 3012 1457 3070 eius·

183 3121 255 3179 dem
277 3122 468 3180 executorias
485 3136 542 3196 pro
559 3127 645 3196 parte
662 3121 781 3179 Nicolai
794 3121 945 3179 Horwath
960 3122 1042 3193 layci
1058 3120 1265 3193 zagrabiensis
1281 3123 1311 3178 et
1334 3121 1456 3192 Agnese

185 3229 289 3286 uxoris
302 3227 441 3287 eiusdem
459 3234 565 3285 contra
589 3234 618 3285 et
634 3226 783 3284 adversus
800 3227 1012 3285 Balthasarem
1036 3233 1066 3284 et
1086 3226 1221 3298 ‚Catham
1246 3227 1311 3285 eius
1328 3240 1458 3283 uxorem

184 3334 328 3393 similiter
351 3334 457 3407 laycos
478 3334 693 3407 zagrabienses
716 3340 874 3393 emanatas
898 3341 928 3392 et
953 3340 1105 3392 extractas
1129 3349 1202 3390 curn
1225 3348 1261 3389 ea
1285 3347 1346 3406 qua
1369 3331 1457 3390 decet

185 3442 361 3500 reverencia
384 3446 570 3515 acceptasse,
602 3457 662 3514 que
686 3457 757 3499 curn
782 3441 876 3498 michi
901 3457 957 3515 per
979 3440 1111 3498 eundern
1128 3439 1293 3498 Nicolaum
1306 3436 1457 3495 Horwath

185 3548 321 3606 exhibite
336 3545 471 3617 fuissent,
497 3563 570 3606 mox
595 3546 670 3605 feria
694 3549 788 3606 tercia
804 3548 948 3622 proxima
973 3553 1043 3621 post
1056 3547 1168 3604 testum
1185 3547 1268 3604 beati
1287 3545 1456 3602 Clementis

187 3669 267 3728 pape
290 3653 329 3711 ad
353 3652 483 3711 domum
506 3655 595 3711 solite
619 3654 821 3713 habitacionis
850 3653 1003 3711 dictorum
1021 3653 1183 3710 Balthasar
1207 3661 1236 3710 et
1271 3651 1368 3709 Cathe
1391 3652 1456 3708 eius

185 3760 291 3819 uxoris
306 3760 337 3818 in
354 3767 458 3818 monte
474 3758 621 3818 Grecensi
636 3761 758 3827 accessi,
771 3759 875 3832 ibique
892 3758 1022 3817 eandem
1034 3759 1165 3817 Catham
1182 3758 1385 3832 personaliter
1409 3773 1456 3815 re·
1548 3780 1553 3787 ·

190 3873 311 3940 pertam
335 3871 365 3924 et
382 3881 438 3938 per
461 3881 530 3924 eam
553 3867 657 3940 ipsum
680 3867 893 3924 Baithasarem
916 3868 981 3924 eius
1006 3868 1153 3923 maritum
1179 3866 1348 3937 absentem,
1372 3865 1457 3923 iuxta

188 3974 263 4045 viru,
299 3973 435 4032 formam
459 3983 488 4032 et
519 3980 657 4031 tenorem
687 3976 862 4033 litterarum
897 3974 1036 4032 eiusdem
1068 3981 1170 4032 vestre
1202 3971 1457 4031 reverendissime

190 4080 383 4154 paternitatis
406 4081 465 4138 sub
489 4096 569 4153 pena
593 4082 923 4140 excommunicacionis
940 4081 1002 4137 late
1019 4082 1171 4138 sentencie
1195 4087 1224 4137 et
1248 4078 1453 4136 ducentorum

189 4185 375 4244 llorenorurn
400 4188 467 4244 auri
498 4203 620 4245 camere
644 4188 813 4262 apostolice
844 4185 1105 4259 applicandorum
1129 4185 1311 4243 auctoritate
1334 4189 1457 4256 aposto·

187 4292 247 4350 lica
271 4292 348 4367 milti
372 4295 537 4351 commissa
555 4295 669 4364 monui,
682 4293 831 4365 requisivi
856 4294 952 4349 verbo
976 4293 1093 4362 salutis,
1117 4300 1150 4349 ut
1174 4292 1233 4364 ipsi
1256 4291 1404 4347 Bathasar
1426 4294 1456 4345 et

186 4398 284 4457 Catha
296 4399 362 4457 eius
378 4415 457 4457 uxor
473 4401 551 4458 intra
560 4416 673 4458 novem
690 4399 959 4472 dierumspacium
976 4414 993 4454 a
1010 4397 1059 4455 die
1074 4396 1253 4456 huiusmodi
1269 4395 1454 4454 municionis

191 4520 258 4563 mee
274 4505 453 4563 immediate
469 4506 686 4580 computando,
703 4521 780 4579 quos
796 4505 861 4562 dies
885 4506 960 4578 ipsis
984 4519 1042 4577 pro
1066 4506 1177 4577 prime,
1194 4502 1337 4575 seeundo,
1361 4501 1457 4559 tercio

188 4617 218 4670 et
241 4612 454 4685 peremptorio
479 4613 610 4670 termino
635 4612 797 4683 assignavi,
822 4612 968 4669 canoniea
992 4611 1164 4668 monicione
1189 4610 1348 4683 premissa,
1372 4600 1454 4685 (re)s,

191 4717 270 4775 bona
288 4718 417 4776 mobilia
434 4723 463 4776 et
479 4718 656 4776 immobilia
672 4733 708 4775 ac
725 4717 851 4787 tructus,
868 4719 894 4775 si
917 4718 971 4790 qui
983 4716 1064 4774 forte
1088 4715 1158 4773 inle
1184 4715 1321 4789 percepti
1342 4714 1456 4784 forent,

190 4838 249 4895 que
273 4830 302 4881 et
326 4839 403 4896 quas
426 4825 486 4897 ipsi
510 4823 671 4881 Balthasar
687 4829 717 4882 et
733 4822 831 4881 Catha
855 4824 920 4881 eius
946 4838 1032 4892 uxor,
1057 4829 1091 4881 ut
1114 4822 1235 4893 dicitur,
1260 4822 1362 4879 minus
1376 4818 1457 4896 juste

192 4943 248 5001 pro
279 4944 311 4987 se
344 4939 553 5003 occupassent,
584 4929 622 4987 ad
648 4929 800 4987 dictorum
833 4929 949 4986 scilicet
973 4928 1137 4986 Nicolaum
1160 4934 1190 4986 et
1213 4930 1369 5001 Agnesam
1392 4926 1468 4984 eius'
