3278 5348
187 399 247 473 306
561 395 636 452 θοι.
659 388 732 470 ²48·
755 405 827 469 249·
854 426 892 438 -
918 393 975 450 An.
997 389 1091 469 1466.

184 611 330 669 fensionis
354 627 385 667 se
409 610 488 667 tueri
509 610 688 680 valuissent,
712 610 820 683 utique
844 607 963 667 ibidem
986 614 1086 666 certos
1102 615 1133 665 et
1155 623 1256 681 quam
1279 608 1386 683 plures
1412 624 1444 666 er

184 717 301 775 eisdem
324 718 445 774 civibus
466 732 539 774 nece
562 716 734 774 miserabili
757 714 937 773 tradidisset
958 720 989 773 et
1012 715 1204 788 peremisset
1228 715 1275 772 Eo
1297 730 1359 773 non
1384 729 1446 772 con·

185 829 286 880 tentus
316 822 455 896 prelatus
487 822 642 904 Johannes
675 822 826 893 Marathy,
850 820 928 878 dum
951 821 1018 894 ipse
1038 817 1134 895 judex
1156 835 1297 878 unacum
1319 821 1389 879 aliis
1409 821 1446 878 ci·

185 930 277 986 vibus
307 928 389 986 dicte
419 928 554 986 civitatis
584 928 699 986 montis
729 927 892 986 Greoensis
923 927 1022 985 nostri
1051 926 1082 985 in
1106 925 1250 984 medium
1282 925 1323 983 ad
1354 928 1447 1000 ipsam

184 1036 443 1108 protestacionem
467 1040 573 1091 contra
589 1035 692 1108 ipsum
713 1032 886 1092 faciendam
910 1034 1094 1103 advenisset,
1118 1040 1192 1090 tunc
1216 1034 1286 1105 ipse
1301 1033 1447 1116 Johannes

184 1143 334 1213 hlarathy,
358 1139 474 1198 ibidem
497 1140 702 1214 personaliter
724 1154 830 1197 coram
853 1140 943 1197 nobis
966 1139 1127 1206 adherens,
1150 1138 1275 1212 prelato
1296 1139 1445 1196 Anthonio

183 1245 279 1321 judici
302 1248 405 1305 taliter
426 1245 608 1317 diffidasset,
621 1251 654 1304 ut
678 1247 868 1320 ubicumque
884 1245 1017 1304 eundem
1039 1246 1178 1304 invenire
1201 1261 1256 1302 seu
1283 1246 1447 1319 apprehen·

184 1353 257 1411 dere
287 1359 398 1427 posset,
428 1355 533 1427 ipsum
564 1369 639 1410 nece
663 1354 837 1411 miserabili
865 1353 1043 1411 interimere
1066 1352 1162 1410 vellet
1185 1359 1216 1409 et
1238 1352 1446 1423 niteretur,iu

183 1459 388 1533 preludicium
412 1461 510 1534 ipsius
531 1456 643 1535 judicis
659 1468 688 1516 et
704 1459 803 1517 tocius
826 1459 1057 1517 communitatis
1081 1457 1161 1516 dicte
1184 1458 1324 1516 civitatis
1340 1458 1447 1516 montis

183 1565 345 1624 Grecensis
375 1581 411 1623 ac
442 1565 613 1639 dampnum
648 1564 854 1623 manifestum.
882 1564 983 1638 Super
1015 1565 1130 1637 quibus
1152 1563 1251 1622 iidem
1279 1565 1446 1623 Anthonius

180 1671 273 1747 judex
290 1672 457 1730 modernus
473 1680 504 1729 et
529 1672 720 1743 Valentinus,
744 1672 821 1729 alias
843 1670 946 1747 judex,
969 1672 1030 1729 sibi
1053 1670 1129 1744 ipsis
1152 1676 1185 1728 et
1208 1669 1281 1728 aliis
1306 1669 1445 1745 predictis

183 1785 339 1852 presentes
371 1779 490 1835 litteras
521 1784 642 1835 nostras
674 1779 907 1852 protestatorias
938 1778 1006 1836 dari
1036 1777 1207 1850 pecierunt,
1231 1791 1311 1850 quas
1333 1775 1444 1834 eisdem

182 1885 389 1941 concessimus
406 1885 564 1941 communi
579 1882 701 1958 justicia
716 1884 865 1942 suadente
880 1892 910 1941 et
934 1885 1020 1956 regni
1043 1883 1112 1956 lege
1135 1885 1322 1956 requirente.
1337 1883 1444 1940 Datum

182 1990 317 2047 secundo
349 1990 398 2047 die
433 1989 502 2046 testi
531 1990 613 2047 beati
647 1991 729 2062 regis
752 1990 901 2064 Stephani
927 1991 1089 2065 prenotati.
1124 1991 1216 2047 Anno
1239 1989 1360 2048 domini
1382 1989 1444 2046 mil·

183 2097 293 2154 lesimo
317 2095 622 2168 quadringentesimo
645 2097 841 2168 sexagesimo
864 2097 983 2169 quinto.

289 2284 424 2348 Originale
444 2285 471 2333 in
489 2284 585 2333 charta¹
607 2285 633 2332 A
654 2292 726 2347 tergo
745 2285 882 2347 vestigium
902 2285 1020 2348 impressi
1039 2282 1127 2347 sigilli.
1148 2285 1181 2331 In
1199 2284 1317 2334 archivio
1335 2284 1380 2333 lib.
1399 2299 1445 2346 reg.

182 2377 229 2425 civ.
249 2375 348 2437 zagrab.

772 2603 860 2667 248.

287 2798 368 2845 Anno
391 2797 464 2858 1466,
486 2797 524 2846 16.
544 2797 641 2860 aprilis.

287 2928 402 2984 Paulus
433 2928 467 2984 ll.
500 2942 581 3000 papa
615 2926 747 2983 llathiae
778 2927 844 2997 regi
875 2926 991 2996 scribit,
1023 2924 1107 2998 quod
1130 2941 1232 2999 nuper
1256 2927 1447 2986 Demetrium

181 3035 364 3108 episcopum
394 3034 624 3105 zagrabiensem
656 3031 692 3088 ad
726 3028 933 3105 jaurinensem
956 3032 1170 3104 episcopatum
1195 3035 1400 3103 transtulerit,
1421 3039 1448 3091 et

181 3140 355 3197 Osvaldum
386 3142 416 3196 in
447 3141 511 3196 eius
543 3138 647 3194 locum
678 3138 770 3195 faciat
801 3139 984 3211 episcopum
1014 3139 1256 3211 zagrabiensem.
1289 3141 1371 3199 XVI.
1400 3141 1448 3199 lta·

182 3247 290 3304 lendas
315 3247 396 3303 maii.

287 3434 393 3495 Georgii
414 3431 584 3487 hiarceluvid;
605 3432 731 3494 Regesta‚
751 3439 777 3479 ut
799 3446 882 3495 supra.

773 3714 861 3780 249.

288 3910 367 3956 Anno
391 3908 465 3969 1466,
486 3908 526 3958 26.
547 3908 645 3972 aprilis.

287 4041 418 4096 Mathias
442 4056 496 4096 rex
520 4039 571 4095 dat
594 4040 721 4111 litteras,
746 4042 860 4113 quibus
885 4040 1049 4114 profitetur
1072 4055 1104 4098 se
1127 4039 1286 4114 deponere
1308 4041 1347 4099 ad
1376 4057 1447 4101 non·

179 4148 340 4205 nullorum
371 4146 630 4218 supplicationem
663 4161 787 4203 omnem
818 4145 1069 4219 indignationem,
1100 4160 1194 4218 quam
1225 4153 1335 4206 contra
1365 4149 1445 4222 capi·

180 4254 282 4311 tulum
313 4258 494 4325 conceperat
524 4258 553 4308 et
584 4253 755 4323 canonicos,
786 4269 832 4324 eo,
861 4253 944 4325 quod
975 4254 1035 4327 ipsi
1058 4251 1345 4313 archidiaconatum
1369 4254 1447 4328 gori-

179 4375 317 4417 czensem
340 4359 464 4416 cuidam
487 4357 647 4417 Demetrio
670 4357 789 4416 doctori
812 4360 977 4418 contulerit
992 4365 1097 4418 contra
1113 4358 1317 4418 collationem
1331 4361 1446 4433 regiam

180 4464 294 4522 factam
317 4466 347 4522 in
380 4465 519 4522 favorem
551 4464 693 4535 magistri
726 4466 859 4539 Martini,
884 4467 1121 4540 capitulumque
1143 4466 1175 4524 in
1197 4466 1338 4538 graciam
1361 4479 1446 4524 suam

179 4571 298 4644 recipit.

286 4761 393 4826 Georgii
412 4759 583 4810 Marcelovid:
603 4760 731 4825 Regesta.
751 4767 881 4828 utsupra
