3278 5348
193 400 255 473 360
571 393 645 452 Doc.
668 405 740 466 290.
765 404 834 466 291.
862 423 899 433 -
925 391 1095 468 An.1473.

191 620 220 672 et
236 614 371 670 aliorum
388 610 582 683 ingeniorum
599 608 829 666 ordinacionem
847 606 1065 666 concluserunt
1076 605 1211 665 firmiter
1223 605 1468 675 observandum,

191 719 275 794 quod
299 718 431 792 quilibet
455 716 653 774 dominorum
679 714 873 787 presencium
897 720 927 771 et
950 729 1008 788 pro
1032 729 1159 771 currens
1184 715 1372 774 absencimn
1396 727 1461 787 pro

191 827 276 900 prios
307 827 448 898 ipsorum
478 825 605 882 colonos
635 822 675 880 ad
706 821 958 880 commissionem
992 799 1025 878 et
1058 819 1242 879 mandatum
1267 821 1460 879 dominorum

191 933 423 1005 capitaneorum
454 930 492 988 ad
526 930 557 989 id
589 931 811 1004 deputatorum
843 944 902 1003 pro
931 928 1094 987 laboribus
1124 935 1155 986 et
1178 928 1457 988 municionibusiu

190 1038 259 1112 ipso
282 1038 421 1111 capitulo
444 1037 591 1095 faciendis
611 1035 802 1110 compellere
825 1035 989 1106 tenebitur,
1009 1050 1045 1092 ac
1067 1034 1144 1092 dum
1159 1035 1221 1109 ipsi
1239 1035 1369 1094 labores
1381 1032 1455 1103 dent,

191 1158 247 1218 per
271 1159 303 1200 se
327 1144 378 1201 vel
400 1145 540 1217 ipsorum
563 1143 731 1212 hominem,
755 1143 836 1198 circa
860 1156 912 1199 eos
935 1141 1061 1199 stabunt
1090 1147 1121 1198 et
1151 1140 1280 1200 labores
1314 1139 1452 1216 perficere

192 1256 300 1320 cogent
332 1250 447 1307 tociens
479 1249 625 1321 quociens
655 1264 734 1321 opus
767 1246 860 1306 fuerit
894 1254 923 1304 et
952 1262 1085 1309 necesse.
1109 1246 1196 1318 Item,
1220 1246 1309 1320 quod
1330 1246 1454 1319 quilibet

192 1355 320 1412 colonus
344 1354 382 1413 de
405 1370 592 1428 unoquoque
615 1354 698 1413 bove
721 1369 818 1412 unum
847 1370 974 1412 currum
999 1353 1208 1425 virgultarum
1231 1352 1386 1410 adducere
1408 1351 1453 1409 de·

191 1461 287 1533 bebit,
310 1460 359 1518 illi
383 1475 465 1531 vero,
490 1462 544 1533 qui
567 1461 670 1519 bobus
693 1465 823 1534 carrent,
841 1461 976 1532 virgulta
999 1459 1172 1531 seccabunt,
1196 1461 1340 1518 curribus
1361 1459 1452 1532 impo

191 1576 263 1623 nent
293 1572 323 1623 et
352 1582 441 1639 sepes
476 1567 560 1624 iuxta
596 1567 819 1624 limitacionem
854 1565 1036 1623 eorumdem
1067 1566 1305 1639 capitaneorum
1342 1563 1451 1622 facient

190 1671 386 1744 Quicumque
409 1679 513 1729 autem
537 1672 748 1745 predictorum
765 1671 964 1729 dominorum
986 1671 1052 1729 sive
1076 1679 1315 1746 procuratorum
1337 1672 1396 1728 hoc
1414 1669 1450 1726 f-

190 1792 259 1834 cere
282 1777 476 1849 neglexerint
499 1779 530 1835 in
554 1794 632 1851 pena
656 1778 791 1836 duorum
814 1777 1002 1835 florenorum
1034 1779 1101 1835 auri
1123 1779 1193 1852 ipso
1218 1777 1300 1835 iacto
1324 1777 1363 1834 sit
1387 1791 1449 1833 cou-

191 1883 299 1955 victus,
322 1884 409 1941 nulla
434 1885 556 1956 penitus
578 1886 681 1957 gracia
703 1886 735 1942 in
759 1884 875 1942 eisdem
899 1885 958 1941 sibi
983 1883 1133 1943 facienda.

296 2019 375 2068 Liber
394 2020 488 2069 rubeus
508 2037 565 2072 ven.
586 2021 667 2085 Capit,
687 2020 840 2085 zagrab.1u
859 2019 954 2072 archiv.
974 2020 1033 2071 iucL
1054 2021 1138 2071 Acad.
1158 2020 1252 2082 Scieut
1275 2020 1345 2071 slav.
1367 2017 1440 2068 merid

795 2248 887 2316 290.

297 2393 378 2441 Anno
401 2403 474 2455 1473,
499 2404 537 2455 17.
558 2392 682 2454 Augusti.
701 2391 849 2455 Zagrabiae.

278 2503 407 2578 Pyxides
426 2503 487 2560 sive
509 2502 680 2560 bombardae
702 2502 850 2559 manuales
873 2501 950 2560 inter
971 2502 1121 2559 canonicos
1142 2502 1365 2561 distribuuntur.

296 2645 448 2703 Dominus
471 2647 647 2720 prepositus
670 2646 777 2703 maior.
802 2645 954 2703 Dominus
979 2646 1083 2716 lector,
1107 2646 1201 2703 habet
1226 2645 1278 2703 IV.
1306 2647 1449 2704 Dominus

189 2755 303 2822 cantor,
324 2752 420 2808 habet
442 2752 475 2809 ll.
498 2752 652 2809 Dominus
669 2753 843 2825 prepositus
867 2752 1063 2809 chasmensis.
1088 2751 1242 2810 Dominus
1257 2752 1450 2811 kathedralis.

189 2856 342 2914 Dominus
365 2858 548 2929 dubicensis,
571 2859 665 2916 habet
696 2858 745 2917 IV.
776 2859 929 2915 Dominus
951 2856 1187 2917 kamarchensis
1212 2859 1450 2918 Archidiaeonus

189 2964 330 3035 Kemlelr‚
363 2967 456 3023 habet
487 2965 535 3022 Ill.
568 2965 811 3022 Archidiaconus
840 2965 953 3023 Vaslra.
987 2965 1230 3024 archidiaconus
1260 2966 1449 3025 chasmensis.

190 3071 432 3129 Archidiaconus
458 3072 559 3141 Dexin,
584 3072 677 3127 habet
695 3071 728 3128 ll.
754 3071 996 3128 Archidiaconus
1020 3071 1150 3143 Varosd,
1169 3073 1263 3130 habet
1288 3073 1325 3130 ΙΙ.
1349 3072 1450 3131 Archi·

189 3177 335 3234 diaconus
359 3179 520 3247 Vrbowcz,
545 3178 637 3233 habet
663 3177 696 3233 ll.
728 3176 845 3234 Custos.
876 3178 1011 3257 Jacobus
1037 3177 1152 3236 doctor.
1176 3178 1280 3249 Elyas,
1303 3181 1398 3239 habet
1420 3179 1449 3236 ll.

189 3283 324 3340 Thomas
348 3284 498 3355 Thompa.
523 3282 680 3340 Gerardus
704 3281 741 3339 de
766 3282 891 3354 Pathalr,
915 3284 1009 3342 habet
1026 3285 1059 3342 ll.
1088 3283 1208 3342 Blasius
1224 3283 1345 3358 doctor,
1361 3288 1448 3345 habet

189 3389 237 3447 ΙΙΙ.
262 3391 393 3446 Michael
416 3390 583 3460 Rayffnicz‚
607 3389 701 3445 habet
726 3388 759 3445 ll.
784 3388 935 3462 Georgius
952 3390 1210 3463 Medzthregnew,
1227 3393 1322 3452 habet
1339 3391 1373 3451 ll.
1397 3393 1449 3452 Ge·

191 3497 295 3566 orgius
327 3496 364 3551 de
388 3496 543 3552 Gorhana.
568 3496 721 3552 Fabianus
746 3495 784 3553 de
807 3496 947 3567 Zemche‚
970 3497 1065 3554 habet
1095 3497 1131 3555 ll.
1161 3497 1307 3556 Galasius
1339 3499 1448 3557 doctor.

188 3599 362 3672 Stephanus
386 3600 424 3655 de
447 3600 588 3671 Vizlicza‚
612 3602 705 3658 habet
729 3601 763 3659 ll.
796 3602 902 3660 Petrus
926 3604 964 3661 de
987 3602 1102 3661 Vizoka
1126 3619 1198 3661 cum
1222 3606 1374 3678 magistro
1397 3605 1449 3664 Ge·

188 3705 288 3761 rardo.
312 3706 466 3787 Johannes
491 3705 528 3761 de
554 3707 685 3778 lloycha.
709 3709 862 3766 Dominus
886 3709 1037 3782 Georgius
1054 3709 1277 3783 suffraganeus.
1302 3712 1448 3785 Georgius

189 3809 225 3867 de
249 3802 415 3868 Miletincz.
440 3810 591 3883 Georgius
616 3814 653 3871 de
677 3814 892 3873 Zthenichnak.

294 3947 372 3995 Liber
390 3946 484 3995 rubeus
503 3963 560 3996 ven.
581 3948 664 4013 Capit
684 3953 786 4015 zagrab.
806 3954 837 4000 In
856 3952 924 4004 arch.
944 3953 1004 4007 incl.
1024 3955 1108 4006 Acad.
1128 3955 1224 4006 Scicut.
1244 3955 1315 4009 Slav.
1330 3956 1416 4007 merid.

781 4130 860 4196 291.

291 4264 372 4314 Anno
395 4277 469 4330 1473,
491 4278 531 4329 24.
551 4268 674 4330 Augusti.
695 4270 844 4333 Zagrabiae.

187 4390 331 4448 Nicolam
362 4392 452 4468 ΟΜ
475 4402 503 4451 et
522 4394 695 4453 Damianus
717 4397 844 4469 Honor,
868 4399 944 4468 batti,
968 4399 998 4455 in
1022 4416 1122 4476 causa,
1145 4417 1221 4474 quac
1242 4400 1449 4461 inteream

229 4500 347 4556 nitatem
369 4501 493 4559 civitatis
508 4508 537 4559 et
543 4501 714 4578 johannem
742 4505 805 4561 Tus
829 4508 936 4578 agetur,
959 4505 1032 4562 diem
1054 4506 1204 4563 identidem
1224 4509 1407 4566 constituunt.

291 4642 356 4701 Nos
380 4643 525 4704 Nicolaus
555 4647 605 4704 dei
633 4649 737 4720 gracia
767 4665 822 4708 rex
846 4650 944 4708 Bozne
967 4656 998 4709 et
1022 4651 1202 4724 Damyanus
1231 4650 1389 4711 Horwath
1413 4649 1450 4710 de

184 4748 336 4821 Linthwa‚
359 4751 438 4809 inter
461 4761 560 4811 cetera
583 4754 671 4827 regni
694 4753 839 4814 Slavonie
863 4757 943 4814 bani.
968 4757 1087 4815 Damus
1112 4771 1171 4833 pro
1187 4757 1350 4832 memoria,
1365 4755 1448 4832 quod

184 4870 318 4930 causam,
331 4871 425 4930 quam
443 4860 659 4935 circumspecti
682 4861 783 4934 iudex,
802 4863 902 4935 iurati,
920 4865 1076 4938 ceterique
1089 4864 1173 4928 cives
1185 4864 1321 4924 civitatis
1338 4864 1450 4924 montis
