3278 5348
186 355 227 412 40
624 335 696 392 Dec.
714 349 769 412 32.
795 366 832 377 -
857 333 914 391 An.
937 347 1027 411 1422.

184 551 275 610 dictis
298 551 329 610 in
353 548 519 625 loquendo,
543 549 715 622 vendendo,
738 550 879 621 emendo,
911 549 1133 623 conversando,
1165 551 1369 625 comedendo,
1404 555 1448 614 bi·

184 656 295 729 bendo,
320 656 475 726 molendo,
500 656 670 730 coquendo,
693 655 866 726 serviendo,
890 656 994 729 ignem
1019 656 1071 715 rel
1094 671 1209 731 aquam
1224 659 1269 717 eis
1284 660 1339 718 rel
1362 661 1450 719 alteri

184 765 325 839 ipsorum
348 764 450 822 dando
474 764 526 820 vel
550 763 669 836 aliquid
689 763 797 821 solacii
821 762 998 821 exhibendo
1021 778 1075 821 seu
1099 763 1163 821 alio
1183 764 1297 837 quovis
1313 766 1450 826 humano

183 871 371 929 commercio
383 871 612 929 communicent
625 869 864 943 quomodolibet
879 870 1110 929 communicare
1126 877 1308 944 presumant
1324 879 1356 930 et
1371 874 1453 932 alter

183 977 325 1050 ipsorum
348 991 519 1051 presumas,
542 976 606 1034 illis
630 975 793 1034 dumtaxat
817 975 961 1050 demptis,
985 976 1040 1050 qui
1063 983 1094 1034 et
1117 991 1178 1051 que
1211 979 1412 1052 excipiuntur
1434 995 1453 1038 a

183 1079 260 1157 jure,
283 1083 423 1154 alioquin
446 1082 624 1140 huiusmodi
648 1082 723 1155 ipsis
747 1082 1023 1140 excommunicatis
1045 1087 1076 1140 et
1098 1082 1268 1141 interdictis
1292 1090 1453 1144 contuma-

185 1189 260 1246 citer
282 1189 545 1246 communicantes
568 1189 668 1246 eciam
691 1187 998 1245 excommunicamus
1020 1188 1216 1247 nominanter
1240 1195 1270 1248 et
1294 1191 1326 1249 in
1349 1193 1454 1265 specie

184 1309 220 1352 ac
243 1294 417 1367 quemlibet
440 1295 581 1369 ipsorum
605 1296 703 1352 eciam
719 1295 751 1353 in
766 1294 825 1352 hiis
840 1293 973 1367 scriptis,
996 1294 1208 1367 precipientes
1232 1296 1332 1354 eciam
1355 1298 1453 1356 talem

185 1415 246 1458 una
269 1417 341 1459 cum
363 1401 480 1460 eisdem
505 1416 522 1458 a
546 1401 662 1459 Christi
685 1400 832 1459 fidelibus
855 1400 1008 1458 universis
1042 1401 1144 1459 arcius
1167 1401 1290 1477 evitari,
1313 1404 1356 1461 ab
1380 1403 1453 1462 inde

185 1521 246 1565 non
271 1513 431 1579 cessantes,
454 1506 552 1564 donec
576 1506 662 1565 aliud
686 1522 703 1563 a
726 1507 817 1564 nobis
837 1506 1003 1564 habuerint
1033 1506 1065 1564 in
1096 1507 1250 1565 mandatis
1282 1510 1454 1583 superinde

184 1618 214 1672 et
248 1613 342 1671 iidem
366 1613 510 1685 sacrilegi
533 1613 792 1671 excommunicati
815 1620 845 1670 et
868 1611 1023 1671 interdicti
1046 1612 1086 1670 ad
1108 1627 1162 1671 cor
1191 1616 1310 1673 reversi
1345 1615 1452 1675 debile

184 1719 393 1777 absolucionis
429 1719 614 1777 beneficium
649 1720 819 1776 meruerint
851 1720 991 1778 obtinere
1025 1725 1055 1777 et
1089 1719 1179 1778 dictis
1214 1723 1392 1781 enormiter
1422 1729 1453 1783 et

185 1826 402 1898 multipliciter
434 1826 508 1883 lesis
542 1825 730 1883 satisfaciant
765 1825 803 1882 de
835 1826 995 1899 premissis
1030 1826 1134 1900 quoad
1170 1826 1308 1900 plenum,
1332 1844 1390 1887 nos
1414 1830 1453 1889 de

186 1931 381 2005 presencium
403 1932 586 1989 execucione
609 1930 773 1989 reddentes
796 1933 947 1991 cerciores
971 1949 1028 2007 per
1050 1932 1170 1991 litteras
1194 1939 1313 1992 vestras
1345 1941 1453 1995 auten·

184 2039 260 2096 ticas
294 2044 346 2094 aut
381 2037 509 2110 publica
545 2039 755 2095 instrumenta.
791 2038 825 2097 In
861 2053 997 2111 quorum
1028 2039 1170 2097 omnium
1200 2046 1230 2097 et
1253 2041 1453 2114 singulorum

184 2143 281 2201 sidem
304 2159 340 2201 ac
363 2144 577 2202 testimonium
599 2145 826 2218 premissorum
851 2149 1009 2219 presentes
1044 2146 1163 2204 litteras
1193 2152 1315 2204 nostras
1345 2148 1453 2207 huius·

184 2248 268 2308 modi
292 2264 472 2322 processum
496 2257 638 2309 nostrum
661 2252 692 2307 in
715 2267 748 2307 se
771 2251 959 2308 continentes
982 2266 1040 2324 per
1063 2250 1231 2309 discretum
1255 2253 1362 2311 virum
1387 2269 1453 2312 ma·

184 2356 316 2428 gistrum
340 2356 524 2413 Michaelem
548 2356 585 2413 de
609 2357 679 2414 vico
703 2357 893 2426 Latinorum,
907 2357 1063 2414 notarium
1086 2373 1140 2415 seu
1156 2358 1292 2415 scribam
1309 2366 1453 2418 nostrum

184 2461 348 2536 publicum
371 2461 614 2535 infrascriptum,
646 2462 801 2520 subscribi
831 2467 862 2519 et
892 2461 1050 2536 publicari
1072 2462 1257 2521 mandamus
1290 2465 1454 2540 nostrique

184 2567 370 2642 pontificalis
393 2574 423 2625 et
447 2570 592 2627 autentici
615 2569 712 2640 sigilii
728 2568 875 2625 iussimus
898 2569 1087 2642 appensione
1111 2571 1309 2628 communiri.
1332 2572 1453 2631 Datum

184 2680 215 2732 et
239 2680 343 2732 actum
370 2675 512 2746 Chasme,
536 2683 640 2733 nostre
663 2674 871 2746 zagrabiensis
895 2673 1033 2746 diocesis,
1057 2675 1088 2732 in
1109 2675 1194 2733 curia
1205 2691 1259 2733 seu
1282 2676 1378 2736 domo
1401 2679 1456 2737 ha·

183 2781 347 2839 bitacionis
370 2787 472 2838 nostre
496 2790 526 2839 et
549 2788 655 2839 nostro
671 2781 841 2854 episcopali
857 2779 993 2854 pallacio
1009 2780 1122 2840 domus
1137 2782 1285 2854 eiusdem,
1302 2782 1354 2842 die
1370 2784 1452 2856 lune,

182 2888 314 2959 septima
338 2888 453 2944 mensis
475 2889 662 2960 septembris
685 2887 743 2945 sub
767 2901 846 2944 anno
862 2886 1086 2945 incarnacionis
1102 2887 1259 2947 dominice
1279 2890 1452 2952 millesimo

185 2993 490 3066 quadringentesimo
519 2995 667 3051 vicesimo
695 2992 838 3063 secund0,
871 2992 1041 3050 indiccione
1072 2993 1139 3066 XV,
1169 2995 1248 3052 hora
1278 2997 1450 3057 terciarum

184 3100 235 3156 uel
260 3101 359 3172 quasi.
382 3100 479 3157 Nobis
503 3100 579 3157 inibi
604 3098 808 3172 personaliter
825 3097 864 3155 ad
887 3098 1068 3157 huiusmodi
1083 3106 1113 3157 et
1128 3099 1189 3158 alia
1206 3097 1275 3175 jura
1291 3102 1451 3163 reddenda

183 3205 360 3263 sedentibus
384 3221 442 3278 pro
464 3207 621 3263 tribunali.
645 3205 843 3263 Presentibus
867 3206 1105 3263 honorabilibus
1129 3207 1206 3265 viris
1229 3205 1366 3267 dominis
1390 3211 1451 3270 De·

183 3312 294 3368 metrio
318 3312 438 3369 Thoma
463 3311 500 3368 de
524 3312 639 3385 Garyg,
663 3312 763 3369 altero
786 3311 907 3368 Thoma
929 3312 1067 3384 plebano
1089 3314 1121 3370 in
1155 3313 1301 3386 Iwanych
1336 3323 1366 3374 et
1400 3317 1451 3400 Ja-

186 3418 265 3473 cobo
288 3418 394 3489 Longo
418 3420 571 3476 canonicis
594 3426 624 3476 et
647 3418 828 3491 presbiteris
850 3418 1050 3491 prebendatis
1074 3419 1202 3478 ecclesie
1230 3427 1335 3480 nostre
1356 3423 1453 3483 oolle·

185 3524 266 3595 giate
290 3524 386 3580 sancti
410 3524 544 3597 Spiritus
567 3526 764 3597 chasmensis,
789 3540 929 3583 necnon
953 3525 1082 3584 Nicolao
1105 3525 1189 3584 dicto
1212 3526 1385 3600 Praudych,
1409 3530 1452 3589 si·

183 3630 301 3686 militer
323 3631 444 3688 notario
468 3632 604 3704 publico,
628 3633 787 3691 nobilibus
811 3634 887 3691 viris
911 3633 1040 3704 Thoma,
1064 3633 1182 3691 vicario
1204 3639 1311 3692 nostro
1327 3640 1450 3711 tempo·

183 3735 241 3792 rali
265 3741 294 3792 et
318 3780 323 3792 .
348 3781 354 3793 .
379 3735 462 3793 dicto
485 3739 699 3811 Hyersperger
715 3741 847 3813 aliisque
864 3756 958 3813 quam
975 3740 1120 3814 pluribus
1137 3739 1301 3812 fidedignis
1317 3743 1452 3803 testibus

182 3840 221 3896 ad
247 3843 397 3913 premissa
421 3846 538 3901 vocatis
562 3845 739 3917 specialiter
757 3853 786 3903 et
802 3848 928 3918 rogatis.
954 3845 1153 3904 Pontificatus
1170 3862 1246 3906 vero
1262 3848 1452 3909 sanctissimi

182 3947 213 4004 in
233 3947 358 4004 Christo
381 3950 479 4022 patris
502 3957 531 4008 et
555 3950 671 4009 domini
695 3954 800 4023 nostri,
825 3953 943 4010 domini
967 3954 1099 4025 Martini,
1126 3952 1231 4012 divina
1246 3954 1451 4029 providencia

183 4070 264 4128 pape
288 4056 395 4128 quinti,
420 4071 500 4114 anno
523 4059 619 4131 ipsius
644 4059 758 4131 quinto.

183 4192 372 4272 „si-anem„

238 4283 338 4333 notarii.

287 4377 324 4432 Et
347 4391 405 4447 ego
439 4377 572 4433 Michael
607 4378 699 4434 illasii
731 4376 768 4434 de
801 4379 868 4435 vico
901 4380 1082 4438 Latinorum
1117 4396 1217 4456 prope
1252 4381 1449 4454 Zagrabiam,

182 4481 311 4539 clericus
345 4483 573 4553 zagrabiensis‚
608 4484 753 4557 publicus
787 4485 944 4559 imperiali
976 4489 1157 4546 auctoritate
1191 4490 1339 4561 notarius,
1375 4489 1449 4561 quia

182 4587 341 4661 premissis
364 4587 508 4645 omnibus
532 4595 561 4646 et
584 4590 714 4660 singulis
738 4589 813 4647 dum
843 4592 896 4662 sic,
927 4599 961 4649 ut
995 4594 1195 4668 premittitur,
1229 4598 1396 4668 agerentur
1418 4599 1449 4653 et

181 4692 291 4750 fierent
329 4708 460 4751 unacum
492 4696 663 4767 prenotatis
694 4697 823 4754 testibus
861 4714 986 4770 presens
1025 4701 1170 4773 interlui,
1208 4715 1306 4775 eaque
1343 4702 1449 4762 omnia

181 4808 211 4855 et
240 4799 362 4871 singula
393 4801 437 4857 sic
469 4799 536 4858 fieri
568 4800 633 4859 uidi
666 4809 695 4860 et
726 4803 840 4874 audivi,
871 4804 1003 4877 ideoque
1035 4806 1094 4863 hoc
1125 4822 1251 4881 presens
1282 4808 1447 4883 publicum
