3278 5348
615 421 688 478 Doc.
711 434 783 494 2⁰9·
810 453 846 462 -
873 421 929 478 An.
953 415 1045 496 1458.

399 525 484 531 ---·-—*
512 525 527 530 -·
930 528 933 530 -
972 527 1441 535 —————————-

778 735 867 800 209.

291 931 372 979 Anno
394 929 468 993 1458,
489 941 529 978 21.
549 928 670 991 Augusti
695 928 844 991 Zagrabiae.

188 1057 328 1115 Al'colaus
360 1055 451 1131 Vylak
473 1063 503 1112 et
516 1054 671 1130 lohannes
702 1054 812 1112 Verona
842 1054 914 1111 bani
941 1056 1067 1129 capitulo
1096 1056 1289 1129 zagrabiensi
1307 1055 1447 1123 mandant,

185 1172 219 1220 u!
246 1164 377 1237 inquirat
407 1162 544 1219 damnum
575 1173 668 1218 2000.
686 1159 734 1233 fl,
763 1160 849 1235 quod,
870 1180 958 1235 quum
995 1162 1109 1219 elneus
1138 1180 1228 1220 coines
1266 1162 1357 1220 alsae
1386 1162 1446 1218 civi

185 1277 270 1327 talem
294 1268 463 1341 occupabat,
487 1267 630 1325 Ai'colaus
660 1266 814 1340 aurifaber
835 1275 864 1323 c!
883 1267 1000 1325 Paulus
1022 1269 1134 1325 villicus
1155 1268 1191 1325 de
1222 1269 1324 1325 l'im‘ca
1346 1269 1446 1326 ctbr'bus

739 1374 906 1430 attulerunt.

290 1519 407 1575 Amicis
429 1519 494 1574 suis
518 1517 695 1576 reverendis
719 1518 856 1591 capitulo
880 1518 1010 1576 ecclesie
1025 1518 1226 1590 zagrabiensi,
1252 1517 1400 1576 Nicolaus
1416 1516 1450 1574 de

185 1624 289 1696 Vylalr
321 1629 351 1680 et
380 1624 438 1707 Jan
472 1623 644 1695 Bythouecz
668 1624 706 1681 de
731 1623 856 1681 Greben
880 1624 968 1696 regni
991 1623 1154 1681 Sclauonie
1178 1623 1261 1694 bani,
1278 1624 1447 1682 amiciciam

184 1737 325 1804 paratam
349 1745 421 1786 cum
444 1730 568 1786 honore.
593 1730 713 1787 Dicitur
737 1731 828 1787 nobis
852 1730 883 1786 in
906 1730 1048 1802 personis
1073 1727 1193 1803 judicis,
1216 1726 1393 1803 juratorum
1416 1744 1448 1786 ac

183 1838 400 1894 universorum
437 1836 554 1893 civium
585 1851 703 1894 necnon
736 1844 799 1893 tote
822 1837 1053 1894 communitatis
1076 1836 1211 1894 civitatis
1234 1837 1351 1893 montis
1378 1835 1448 1893 (ire

183 1943 289 2010 censis,
314 1940 473 2014 quomodo
505 1941 651 1998 Nicolaus
686 1941 852 2011 aurifaber,
876 1943 953 1999 alias
976 1943 1054 1999 civis
1077 1942 1157 1999 dicte
1181 1942 1317 1999 civitatis
1341 1942 1450 1999 montis

184 2048 344 2106 Grecensis
366 2062 484 2104 necnon
502 2047 615 2103 Paulus
639 2049 771 2121 valpoth
793 2047 832 2104 de
849 2048 991 2119 Vynicza,
1015 2047 1209 2121 temporibus
1232 2047 1353 2105 scilicet
1377 2046 1449 2105 dum

183 2154 297 2211 illustri
330 2153 502 2226 principes,
534 2151 665 2210 condam
696 2153 815 2211 domini
845 2154 1019 2211 Fridericus
1053 2160 1083 2211 et
1117 2153 1252 2224 Vlricus,
1277 2153 1365 2212 Cilee
1396 2160 1449 2211 etc.

183 2260 310 2316 comites
340 2268 369 2316 et
405 2260 487 2326 bani,
526 2275 597 2316 cum
629 2274 736 2316 eorum
761 2261 897 2318 exercitu
925 2261 1129 2333 prescriptam
1157 2260 1316 2318 civitatem
1342 2260 1450 2318 montis

183 2365 345 2423 Grecensis
375 2364 552 2422 obsidentes
575 2367 808 2439 impugnassent
832 2375 862 2423 et
885 2367 1015 2424 eandem
1038 2372 1250 2441 expugnatam
1273 2367 1316 2424 ab
1333 2367 1445 2424 eisdem

183 2472 408 2545 exponentibus
432 2486 489 2543 pro
513 2472 657 2529 manibus
681 2473 822 2544 ipsorum
845 2474 1039 2546 recepissent.
1063 2473 1150 2530 Tunc
1172 2471 1286 2545 prelati
1303 2471 1448 2529 Nicolaus

182 2577 342 2635 aurifaber
374 2584 403 2634 et
428 2578 544 2635 Paulus
567 2578 707 2652 walpoth
731 2584 873 2652 tempore
896 2581 1047 2653 premisse
1068 2578 1284 2652 occupacionis
1309 2576 1449 2635 eiusdem

182 2686 315 2742 civitatis
350 2686 529 2742 memoratis
563 2686 788 2758 exponentibus
823 2687 853 2742 in
885 2687 975 2742 certis
1007 2687 1100 2742 rebus
1132 2691 1162 2741 et
1187 2685 1278 2742 bonis
1311 2685 1449 2758 ipsorum

182 2792 407 2862 exponencium
438 2792 605 2864 plusquam
638 2791 699 2848 duo
731 2791 830 2848 millia
862 2791 1050 2849 florenorum
1071 2795 1137 2849 auri
1160 2790 1298 2865 dampna
1330 2791 1449 2848 intulis·

182 2903 247 2952 sent
271 2901 300 2952 et
333 2895 474 2953 iecissent
505 2898 647 2969 potencia
679 2896 841 2965 mediante,
870 2898 901 2954 in
926 2897 1132 2969 preludicium
1156 2903 1376 2955 annotatorum
1400 2912 1448 2954 ex·

183 3003 366 3073 ponenclum
402 3010 431 3058 et
463 3002 635 3075 dampnum
668 3003 761 3059 valde
784 3018 944 3075 magnum.
968 3002 1069 3076 Super
1094 3018 1156 3076 quo
1183 3009 1322 3060 vestram
1345 3003 1447 3060 amici·

182 3108 259 3179 ciam
296 3109 489 3180 presentibus
522 3110 654 3180 petimus
687 3109 860 3181 diligenter,
887 3117 1042 3181 quatenus
1072 3116 1212 3166 vestrum
1243 3109 1374 3166 mittatis
1397 3109 1448 3165 ho·

183 3215 297 3268 minem
332 3229 388 3286 pro
420 3216 595 3271 testimonio
627 3214 828 3286 fidedignum,
851 3231 913 3287 quo
937 3222 1088 3288 presente,
1121 3213 1272 3272 Martinus
1295 3215 1334 3272 de
1356 3213 1448 3285 Schy-

182 3326 307 3389 taryew‚
341 3321 521 3377 Valentinus
558 3321 596 3377 de
620 3321 837 3391 Chernkowcz,
867 3336 984 3377 necnon
1016 3320 1155 3378 Andreas
1178 3328 1209 3377 et
1229 3320 1389 3403 Johannes
1411 3318 1449 3376 de

181 3424 389 3497 Brezowycza,
408 3427 477 3483 aliis
494 3427 682 3497 absentibus,
701 3427 794 3484 homo
818 3432 930 3495 noster,
947 3428 987 3483 ab
1004 3428 1148 3485 omnibus
1165 3426 1280 3500 quibus
1297 3426 1448 3485 incumbit

181 3548 298 3588 meram
331 3533 369 3589 de
401 3536 559 3606 premissis
584 3536 725 3606 exquirat
759 3535 931 3604 veritatem,
966 3549 1060 3607 quam
1084 3532 1209 3591 tandem
1232 3527 1335 3604 nobis,
1360 3547 1444 3590 more

183 3639 276 3695 solito
307 3640 491 3697 rescribatis.
525 3640 682 3696 l’resentes
702 3645 805 3697 autem
830 3641 942 3713 sigillis
966 3641 1116 3699 comitum
1137 3647 1317 3698 nostrorum
1343 3653 1445 3711 ragra-

182 3744 333 3802 biensium
366 3745 494 3802 fecimus
527 3747 706 3818 consignari.
731 3747 846 3803 Datum
872 3747 1022 3819 Zagrabie
1046 3746 1121 3804 teria
1145 3744 1279 3804 secunda
1303 3746 1447 3820 proxima

186 3858 257 3923 post
273 3850 385 3907 testum
409 3853 492 3907 beati
515 3854 596 3924 regis
616 3852 774 3925 Stephani.
792 3855 881 3911 Anno
906 3854 1023 3911 domini
1048 3854 1218 3911 millesimo
1241 3852 1447 3926 quadringen-

181 3957 292 4013 tesimo
317 3957 573 4029 quinquagesimo
597 3968 717 4020 octavo.

286 4084 328 4143 (A
349 4087 444 4146 tergo).
477 4083 592 4138 Amicis
623 4084 685 4139 suis
710 4083 887 4140 reverendis
910 4083 1046 4157 capitulo
1070 4083 1198 4141 ecclesie
1220 4085 1441 4157 ambiensis,

180 4202 237 4258 pro
270 4185 378 4260 judice,
411 4186 519 4260 juratis
551 4198 579 4245 et
604 4190 724 4247 civibus
748 4191 880 4247 civitatis
905 4191 1017 4248 montis
1042 4190 1211 4262 Grecensis,
1239 4191 1440 4266 inquisitoris.

285 4376 418 4439 originale
443 4379 468 4424 in
495 4378 588 4427 charta.
617 4380 642 4424 A
670 4387 741 4441 tergo
767 4381 903 4442 vestigium
923 4382 999 4429 unius
1018 4380 1105 4444 sigilli.
1126 4382 1217 4429 Exstat
1238 4382 1267 4430 in
1286 4387 1443 4447 transumpto

181 4465 288 4529 capituli
307 4466 445 4515 dasmeusis
468 4469 540 4530 1458.
