3278 5348
635 436 708 498 Doc.
726 451 802 515 32⁰·
826 471 869 481 —
892 438 948 497 An.
971 432 1064 517 1480.
1410 456 1471 518 403

199 652 355 712 decanum
390 653 443 711 vel
477 654 663 727 magistrum
694 654 875 714 huiusmodi
904 654 1059 712 societatis
1090 655 1275 712 constituere
1306 655 1410 728 posint
1442 660 1473 713 et

198 759 335 831 valeant,
370 759 424 832 qui
457 759 561 833 ipsam
595 761 774 819 societatem
808 767 895 834 regat
927 767 957 818 et
991 761 1151 820 universas
1184 776 1290 819 causas
1325 765 1469 835 pretextu

199 865 322 922 arcium
345 870 376 922 et
402 864 550 925 laborum
582 865 723 940 ipsorum
759 881 795 925 ac
828 867 906 925 alias
936 867 1206 940 qualitercumque
1238 865 1381 925 oriendas
1412 867 1471 925 im·

198 970 313 1045 primis
339 969 451 1042 videat,
475 970 601 1030 dirimat
624 977 655 1030 et
678 972 842 1044 discuciat;
866 978 896 1032 et
922 972 1005 1046 quod
1029 973 1136 1031 nullus
1158 972 1284 1031 omnino
1307 973 1471 1031 hominum

198 1076 286 1151 ipsos
308 1075 361 1133 vel
384 1076 525 1150 aliquem
548 1093 588 1135 ex
610 1077 687 1150 ipsis
709 1078 741 1136 in
765 1079 1016 1152 quibuscumque
1036 1079 1136 1137 causis
1152 1080 1275 1137 racione
1290 1079 1471 1140 huiusmodi

197 1183 320 1242 arcium
351 1188 381 1241 et
413 1183 560 1241 laborum
581 1184 723 1257 ipsorum
753 1184 785 1243 in
818 1185 1011 1259 presenciam
1041 1184 1152 1243 iudicis
1177 1191 1207 1243 et
1229 1185 1403 1243 iuratorum
1426 1186 1468 1244 ci·

198 1289 290 1347 vium
312 1287 452 1348 eiusdem
476 1289 610 1348 civitatis
634 1295 739 1348 nostre
762 1289 815 1348 vel
837 1290 973 1348 aliorum
996 1290 1136 1348 iudicum
1155 1292 1254 1363 aliter,
1272 1304 1367 1364 quam
1383 1291 1470 1365 prius

198 1394 382 1453 huiusmodi
408 1410 499 1454 cause
523 1410 580 1470 per
602 1396 788 1469 magistrum
812 1396 893 1455 dicte
915 1397 1069 1455 societatis
1101 1397 1242 1470 ipsorum
1271 1395 1409 1454 discusse
1439 1401 1470 1454 ct

197 1500 334 1560 iudicate
356 1500 480 1574 fuerint,
502 1502 668 1560 convenire
691 1503 797 1577 possit.
819 1502 905 1574 Item,
929 1502 1013 1576 quod
1035 1517 1127 1560 nemo
1149 1503 1230 1561 inter
1252 1516 1305 1561 eos
1321 1503 1469 1575 magister

198 1607 323 1666 arcium
347 1613 378 1666 et
401 1608 546 1666 laborum
570 1608 713 1682 ipsorum
732 1607 801 1666 fieri
824 1609 930 1682 possit,
954 1608 1012 1667 nisi
1036 1609 1071 1678 is,
1095 1608 1147 1682 qui
1167 1607 1284 1666 eisdem
1309 1614 1339 1665 et
1373 1609 1470 1667 socie·

198 1713 255 1772 tati
279 1728 388 1772 eorum
411 1712 451 1771 ad
474 1712 653 1773 huiusmodi
676 1719 757 1773 artes
780 1713 937 1773 sufficiens
966 1713 1133 1786 videbitur,
1157 1721 1187 1772 et
1210 1713 1250 1772 ad
1273 1713 1378 1787 ipsum
1401 1728 1467 1772 ma·

197 1819 362 1893 gisterium
383 1819 502 1877 arcium
525 1826 555 1878 et
577 1821 757 1879 societatem
779 1837 837 1894 per
859 1820 1044 1893 magistrum
1067 1819 1207 1878 eiusdem
1230 1820 1392 1891 societatis,
1410 1820 1464 1893 qui

198 1940 259 2000 pro
282 1931 424 2001 tempore
455 1923 549 1985 fuerit
575 1927 766 1998 constitutus,
789 1930 968 2001 acceptatus
991 1924 1094 1997 fuerit,
1117 1932 1147 1984 et
1169 1925 1241 1984 talis
1264 1925 1296 1983 in
1320 1906 1465 1998 magiste-

195 2031 281 2090 rium
314 2031 530 2107 acceptandus,
561 2034 665 2107 primo
695 2033 910 2091 communitati
944 2032 1098 2090 societatis
1133 2031 1210 2090 duos
1233 2012 1365 2090 florenos
1396 2032 1466 2091 auri

200 2143 230 2195 et
255 2143 390 2211 quatuor
412 2138 511 2196 libras
534 2152 604 2197 cere
625 2139 764 2210 solverit,
787 2139 839 2197 vel
862 2139 1013 2211 magistro
1028 2136 1165 2195 eiusdem
1182 2137 1336 2196 societatis
1351 2140 1381 2194 et
1396 2137 1466 2195 aliis

195 2244 355 2318 magistris
376 2260 474 2302 unum
497 2244 667 2318 prandium
691 2244 819 2302 dederit.
841 2244 994 2316 Preterea,
1019 2243 1104 2316 quod
1127 2243 1233 2301 nullus
1248 2241 1388 2316 pellifex,
1404 2242 1466 2300 sel-

194 2349 279 2424 lipar
302 2355 333 2409 et
354 2349 467 2409 artifex
490 2349 650 2409 frenorum
673 2357 702 2410 et
726 2350 981 2424 corrigiariarum
1007 2357 1094 2407 extra
1118 2349 1296 2419 societatem
1319 2348 1462 2423 ipsorum

194 2455 387 2527 constitutus,
410 2455 522 2514 audeat
542 2472 597 2514 seu
620 2464 780 2531 presumat
802 2457 834 2515 in
850 2457 919 2530 ipsa
942 2456 1067 2514 civitate
1083 2461 1164 2513 artes
1180 2452 1359 2512 huiusmodi
1376 2468 1463 2512 exer·

193 2576 271 2632 cere,
295 2561 399 2635 siqui
429 2576 504 2620 vero
534 2569 720 2634 exercerent,
751 2563 863 2621 talium
886 2562 1069 2637 pellificum,
1095 2562 1292 2637 selliparium
1314 2561 1367 2621 vel
1390 2561 1464 2620 arti·

193 2666 291 2725 ficum
312 2667 438 2726 labores
461 2668 609 2741 magister
630 2668 729 2742 ipsius
752 2669 905 2729 societatis
928 2669 1027 2728 libere
1057 2669 1176 2728 auffere
1210 2667 1315 2743 possit
1348 2667 1463 2726 Nullus

193 2774 293 2833 eciam
316 2778 472 2833 mercator
494 2774 546 2832 vel
569 2775 649 2833 alter
670 2775 766 2833 homo
789 2776 968 2850 negociator
991 2775 1139 2850 pelliceas
1171 2775 1223 2834 vel
1254 2774 1332 2832 alios
1362 2780 1463 2832 extra·

191 2893 267 2938 neos
298 2878 423 2938 labores
455 2879 574 2938 arcium
606 2880 851 2955 prescriptamm
881 2882 913 2940 in
947 2881 1015 2955 ipsa
1046 2881 1170 2939 civitate
1193 2885 1300 2939 nostra
1322 2880 1460 2939 vendere

192 2991 362 3061 presumat,
392 2986 450 3044 nisi
482 2991 624 3061 tempore
653 2988 862 3047 nundinarum
893 3003 945 3045 seu
976 2985 1117 3045 fororum
1150 2985 1342 3057 annualium,
1373 2991 1404 3045 et
1436 2986 1463 3044 si

192 3092 358 3167 quippiam
391 3092 573 3152 huiusmodi
607 3094 755 3168 pelliceas
787 3094 838 3153 vel
873 3093 952 3151 alios
982 3098 1144 3152 extraneos
1174 3092 1299 3150 labores
1328 3091 1462 3150 vendere

190 3198 453 3272 attemptaverint,
477 3199 625 3272 magister
647 3199 728 3258 dicte
751 3201 906 3260 societatis
929 3198 1091 3257 auferendi
1113 3199 1249 3258 liberam
1273 3198 1386 3255 habeat
1402 3212 1458 3270 po·

189 3304 308 3362 testatis
330 3302 512 3363 facultatem
537 3321 575 3363 ex
598 3306 733 3380 presenti
748 3307 944 3366 concessione
966 3311 1077 3365 nostra.
1094 3305 1246 3379 Quocirca
1270 3304 1360 3362 vobis
1383 3303 1460 3361 fide·

189 3409 275 3468 libus
309 3411 422 3468 nostris
452 3410 621 3485 capitaneis
655 3412 707 3470 vel
740 3412 978 3488 vicecapitaneis
1012 3428 1069 3486 per
1099 3426 1155 3468 nos
1186 3411 1238 3468 vel
1268 3424 1459 3468 successores

189 3520 315 3574 nostros
338 3531 434 3589 reges,
465 3517 497 3574 in
529 3515 649 3589 prefata
677 3518 801 3577 civitate
831 3524 937 3577 nostra
961 3516 1191 3585 constituendis,
1215 3516 1289 3574 item
1313 3514 1407 3574 iudici
1429 3519 1460 3575 et

189 3620 309 3691 iuratis,
333 3621 504 3695 ceterisque
524 3623 647 3680 civibus
670 3624 769 3698 ipsius
793 3626 926 3683 civitatis
949 3630 1053 3682 nostre
1069 3623 1264 3697 presentibus
1281 3627 1311 3681 et
1334 3621 1456 3694 futuris,

188 3728 385 3802 presencium
420 3727 566 3786 noticiam
588 3729 752 3801 habituris,
785 3732 898 3790 harum
937 3731 1016 3788 serie
1050 3729 1184 3788 firmiter
1215 3729 1406 3803 precipimus
1429 3733 1460 3787 et

188 3832 385 3905 mandamus,
408 3837 559 3907 quatenus
582 3834 696 3893 amodo
719 3835 863 3910 deinceps
887 3836 1025 3910 prefatos
1049 3835 1209 3910 pellifices,
1242 3835 1405 3909 sellipares
1428 3840 1459 3893 et

188 3937 324 3997 artifices
356 3936 514 3997 frenorum
546 3945 576 3997 et
606 3941 858 4014 corrigiariarum
889 3943 941 4000 vel
972 3942 1109 4015 aliquem
1142 3958 1180 3999 ex
1203 3941 1280 4016 ipsis
1303 3941 1335 3999 in
1357 3940 1459 3999 causis

187 4043 377 4119 supradictis
411 4051 555 4119 pretextu
591 4046 709 4104 scilicet
741 4046 921 4107 huiusmodi
952 4048 1071 4105 arcium
1094 4054 1124 4105 et
1144 4047 1291 4104 laborum
1315 4047 1457 4120 ipsorum

186 4148 326 4209 iudicare
348 4150 401 4210 vel
424 4155 528 4209 vestro
551 4156 667 4210 asstare
690 4151 838 4212 iudicatui
854 4154 1051 4228 compellere,
1068 4160 1122 4211 aut
1137 4152 1214 4210 alias
1230 4153 1342 4227 quovis
1359 4151 1454 4209 modo

186 4261 294 4315 contra
317 4254 453 4314 formam
464 4256 643 4316 huiusmodi
658 4264 762 4317 nostre
774 4260 911 4333 graciose
927 4261 1094 4318 annuencie
1110 4258 1333 4333 quoquomodo
1355 4257 1458 4332 impe·

186 4360 262 4434 dire,
284 4362 450 4422 molestare
473 4370 526 4421 aut
549 4365 732 4438 perturbare
755 4371 785 4423 et
808 4365 1009 4425 damnificare
1030 4367 1118 4424 nullo
1142 4380 1294 4439 umquam
1310 4369 1452 4438 tempore

186 4468 382 4542 presumatis,
405 4469 480 4542 quin
504 4469 614 4543 pocius
637 4470 755 4529 eisdem
779 4471 979 4546 pellificibus,
1003 4472 1204 4547 selliparibus
1227 4475 1258 4529 et
1280 4469 1454 4529 artificibus

185 4572 346 4633 frenorum
369 4580 400 4633 et
421 4576 674 4650 corrigiariarum
697 4578 728 4635 in
751 4576 927 4636 auferendis
958 4580 1121 4637 laboribus
1151 4578 1304 4637 extraneis
1326 4591 1456 4637 omnem

184 4680 398 4739 assistenciam
431 4679 532 4741 facere
563 4688 592 4740 ct
627 4683 711 4757 ipsos
742 4687 849 4742 contra
872 4698 1086 4758 quoscumque
1109 4684 1141 4741 in
1161 4683 1324 4742 ablacione
1346 4683 1455 4741 huius·

183 4785 273 4845 rnodi
295 4785 441 4846 laborum
465 4794 683 4847 extraneorum
708 4788 861 4865 impedire
884 4791 1033 4859 volentes,
1057 4790 1136 4848 tueri
1159 4796 1189 4848 et
1212 4794 1377 4865 protegere
1401 4788 1457 4859 de-

183 4892 293 4953 beatis.
322 4891 387 4953 Ubi
417 4900 522 4954 autern
557 4910 614 4953 vos
635 4895 673 4953 ad
701 4896 854 4970 premissa
877 4894 1017 4955 facienda
1040 4894 1120 4955 forte
1142 4894 1250 4966 farore
1273 4895 1457 4970 aliquorum

1345 4995 1364 5036 *
