3278 5348
491 444 566 505 Doc.
591 458 641 502 20.
664 458 711 542 ar.
736 477 776 488 -
801 447 857 505 An.
882 458 1094 525 1414-1415.
1377 467 1415 525 19

142 651 219 716 dnm.
244 658 284 716 ln
308 656 398 716 cuius
420 659 466 716 rei
489 660 676 718 memoriam
699 659 942 735 firmitatemque
965 668 1151 736 perpetuam
1174 671 1332 736 presentes
1364 663 1415 721 lit·

147 764 222 822 teras
245 763 322 823 fieri
355 761 503 840 jussimus
523 772 554 824 et
575 766 766 840 appensione
800 767 977 841 sigillorum
1011 773 1189 826 nostrorum
1219 768 1414 826 communiri.

151 862 263 928 batum
297 869 452 943 Zagrabie
488 870 520 929 in
554 869 634 929 festo
668 870 759 930 beate
788 872 985 945 Margarethe
1020 873 1157 946 virginis.
1181 874 1272 932 Anno
1296 872 1414 932 domini

154 975 321 1034 millesimo
344 975 651 1050 quadringentesimo
674 976 916 1050 quartodecimo.

253 1130 280 1178 E
299 1127 368 1178 libro
386 1129 547 1180 statutorum
565 1129 627 1182 hon.
646 1128 705 1182 ooli.
724 1130 868 1184 Praebend
890 1131 963 1183 saec.
981 1133 1047 1186 XV.

755 1397 816 1464 20.

256 1518 340 1568 Anno
363 1530 438 1582 1414

256 1639 390 1725 Litterae
423 1666 562 1726 vineales
595 1682 691 1742 super
723 1671 807 1725 certa
836 1667 928 1725 vinea
957 1667 988 1725 in
1012 1667 1169 1725 territorio
1192 1667 1299 1726 Novae
1319 1669 1417 1728 villae

117 1773 283 1849 capituli
315 1773 521 1846 aagrabiensis
556 1773 742 1832 Davidouch
776 1773 947 1848 appellato,
983 1773 1143 1844 existente,
1177 1775 1282 1847 gratis,
1318 1776 1417 1833 altera

113 1886 226 1940 vero
249 1879 349 1954 priori
371 1880 563 1938 contermina
585 1895 644 1955 pro
667 1896 721 1938 sex
744 1878 811 1937 flor.
843 1879 911 1937 auri
942 1877 1101 1952 Stephano
1133 1879 1261 1937 Herwat
1290 1882 1417 1939 concive

114 1986 266 2046 lnontis
301 1983 463 2044 Grecensis
497 1985 708 2060 perennaliter
736 1983 850 2043 donata
872 1991 902 2042 et
924 1984 1097 2059 respective
1120 1983 1248 2043 vendita
1270 2002 1328 2060 per
1350 1986 1417 2061 ple·

115 2088 270 2151 'barrum
293 2091 422 2150 ecclesie
444 2106 467 2149 s.
489 2091 618 2174 Joannis
640 2091 776 2165 baptiste
800 2090 839 2149 de
861 2090 1002 2165 predicta
1025 2090 1114 2148 Nova
1138 2091 1224 2163 villa,
1244 2092 1334 2150 salvo
1349 2090 1418 2169 jure

123 2202 301 2257 montano
335 2197 397 2271 ipsi
428 2197 558 2256 ecclesie
592 2197 767 2272 parochiali
800 2197 1000 2268 obveniente,
1043 2211 1102 2270 pro
1136 2202 1225 2271 parte
1258 2199 1417 2272 emptrice,

129 2302 326 2379 expeditae.

258 2455 321 2507 Aet.
339 2455 412 2505 Mon.
432 2456 538 2506 Remet.
557 2455 619 2506 fasc.
638 2456 675 2506 11.
695 2470 733 2506 nr.
752 2468 776 2517 4.
795 2455 828 2503 In
846 2454 942 2506 archiv.
961 2469 1031 2519 regn.
1051 2454 1137 2505 Croat.
1157 2453 1226 2506 Slnv.
1243 2461 1269 2503 et
1288 2453 1374 2506 Dalm.

761 2718 813 2783 21.

260 2878 342 2929 Anno
364 2890 439 2945 1415,
459 2890 501 2945 25·
520 2877 617 2949 aprilis.
637 2878 785 2944 Zagrabine.

164 3022 353 3082 &munitas
375 3023 502 3082 civetatis
523 3025 626 3082 montis
656 3022 806 3082 Grecensis
828 3021 863 3079 dc
885 3022 1008 3080 Antonii
1027 3019 1100 3081 civis
1130 3021 1285 3081 hereditate
1306 3043 1344 3082 ex
1359 3024 1419 3081 eius

644 3153 808 3205 testamento
829 3147 946 3207 statuit.

258 3303 338 3386 (Nos
372 3309 515 3380 Michael,
549 3308 635 3367 filius
669 3307 831 3380 Simeonis,
866 3305 976 3383 Judex,
1011 3305 1203 3380 Stephanus,
1239 3298 1418 3383 Georgius),

158 3411 282 3487 Blasius,
305 3413 467 3489 Georgius,
491 3414 621 3489 Gasper‚
645 3415 775 3488 Fryche,
799 3413 1018 3487 sigismundus
1041 3419 1071 3470 et
1102 3411 1286 3483 Lodouicus,
1316 3410 1419 3487 jurati,

158 3520 322 3595 consiliarii
343 3513 386 3600 (et
408 3521 546 3580 universi
568 3521 652 3579 cives
667 3521 783 3579 montis
798 3519 969 3579 Grecensis.
985 3519 1135 3576 Memorie
1151 3509 1419 3595 commendamus)

158 3638 210 3698 per
231 3630 400 3699 presentes,
424 3625 583 3700 quomodo
606 3641 663 3684 nos
686 3627 716 3684 in
741 3630 926 3684 testamento
949 3625 1012 3682 viri
1035 3623 1161 3698 providi
1191 3622 1323 3681 condam
1355 3625 1417 3681 An·

158 3729 252 3790 thonii
273 3728 368 3807 jurati
382 3724 533 3812 (concivis
550 3723 661 3808 nostri)
685 3731 760 3789 dicti
784 3775 791 3788 .
816 3776 823 3788 .
848 3775 854 3788 .
878 3731 958 3789 inter
975 3736 1076 3788 cetera
1091 3730 1229 3787 seriatim
1246 3730 1420 3803 conscripta

157 3836 291 3895 vidimus
312 3836 375 3895 fide
398 3837 522 3895 oculata
545 3837 706 3907 contineri,
730 3836 813 3909 quod
838 3836 913 3894 dum
935 3837 1003 3911 ipse
1026 3837 1057 3894 in
1073 3835 1218 3893 humanis
1234 3835 1418 3906 laborasset,

157 3946 226 4001 tunc
248 3941 457 4014 medietatem,
480 3959 535 4001 seu
558 3943 727 4001 sessionem
750 3940 985 4018 jobagionalem
1008 3943 1039 4000 in
1062 3941 1213 3998 suburbio
1238 3940 1319 3999 dicte
1342 3943 1416 4000 civi·

157 4049 233 4121 tatis,
255 4049 313 4107 ubi
335 4064 417 4107 nunc
439 4054 526 4107 ortus
549 4047 628 4107 foret
651 4055 856 4121 constructus,
880 4050 959 4107 inter
979 4053 1077 4105 metas
1112 4062 1192 4104 nunc
1226 4047 1354 4121 Georgii
1391 4055 1420 4105 et

157 4151 275 4228 Gasper
294 4151 471 4229 juratorum
494 4198 501 4212 .
528 4199 535 4212 .
560 4160 590 4212 et
613 4154 739 4214 domine
762 4194 985 4215 ........
1003 4159 1179 4212 nostrorum
1197 4154 1371 4211 concivium
1389 4198 1419 4211 ..

157 4261 347 4332 existentem,
369 4259 503 4335 provide
527 4260 653 4319 domine
676 4261 874 4334 Margaretha
897 4265 1005 4317 vocate
1029 4265 1102 4317 tunc
1136 4259 1167 4315 in
1202 4264 1306 4317 tenera
1341 4265 1420 4316 etate

157 4366 319 4424 constitute
341 4374 371 4424 et
394 4365 489 4425 Elene
511 4366 640 4425 filiabus
663 4368 727 4425 suis
752 4366 918 4440 legavisset
942 4373 971 4424 et
994 4365 1146 4424 donasset.
1173 4365 1210 4422 Et
1234 4367 1307 4437 quia
1331 4353 1442 4437 prees

157 4476 235 4530 tacta
257 4471 362 4543 Elena,
384 4469 489 4548 junior
511 4471 586 4543 filia,
610 4488 648 4530 ex
671 4473 731 4530 hoc
753 4471 858 4530 seculo
882 4471 1008 4529 decessa
1031 4470 1098 4529 fore
1130 4470 1305 4539 videbatur,
1341 4463 1422 4546 (nos)

157 4576 260 4652 ipsum
292 4577 425 4636 totalem
459 4585 564 4638 ortum
597 4594 668 4637 cum
703 4580 821 4638 cunctis
855 4579 918 4636 suis
951 4576 1139 4636 utilitatibus
1171 4582 1199 4632 et
1224 4574 1422 4649 pertinenciis

156 4683 309 4742 universis
331 4689 494 4759 prenotate
516 4684 641 4743 domine
662 4685 859 4758 Margaretha
881 4689 999 4754 vocate,
1022 4683 1129 4741 relicte
1162 4682 1249 4754 olym
1280 4680 1422 4752 Vyncen·

156 4794 232 4862 etan,
266 4793 433 4863 nostreque
466 4789 637 4849 concivisse
670 4805 707 4847 ac
737 4789 776 4848 de
799 4805 855 4848 suo
878 4803 1037 4860 consensu,
1061 4787 1189 4844 Nicolao
1213 4785 1281 4844 filio
1304 4800 1360 4845 suo
1384 4801 1422 4843 ex
1477 4784 1480 4789 ’

156 4902 303 4955 annouto
325 4895 525 4969 Vyncenstan
548 4901 714 4971 procreato
737 4902 768 4956 et
790 4911 899 4956 eornm
922 4894 1091 4954 heredibus
1112 4894 1277 4952 statuimus
1292 4898 1322 4950 et
1338 4907 1422 4951 com·

1317 4992 1335 5032 ss
