3278 5348
293 835 372 882 Anno
395 844 469 895 1423,
498 832 537 882 16.
554 832 635 895 Junii.
656 831 803 893 anrabiae.

194 961 392 1018 (orrrrnum'lns
416 962 485 1017 sr'rn'!
514 962 617 1017 rnontis
647 959 796 1017 Greceusis
818 976 914 1015 currem
936 958 1070 1013 comitatu
1092 957 1277 1030 arrgrnbieusi
1289 957 1323 1014 dc
1342 955 1429 1031 quibu.

186 1067 253 1123 dum
280 1069 340 1123 suis
360 1065 584 1139 possessionibus
606 1084 626 1121 o
650 1064 833 1135 Sigismutrdu
856 1082 921 1133 rege
943 1062 1085 1120 nubilibus
1106 1062 1141 1119 dc
1163 1063 1295 1121 Meditari
1312 1071 1343 1121 c!
1364 1061 1429 1119 Susa

662 1170 827 1227 condonatis
848 1176 973 1229 recessui.

294 1333 357 1390 Nos
382 1333 535 1406 Georgius
559 1338 589 1389 et
611 1332 849 1390 Bartlrolomeus
872 1331 1001 1388 comites
1023 1329 1241 1402 zagrabienses
1269 1344 1305 1386 ac
1335 1326 1429 1404 judice

187 1440 342 1497 nobilium
377 1439 517 1497 eiusdem
552 1438 723 1495 comitatus.
749 1438 898 1494 itiemorie
929 1436 1185 1494 commendamus
1206 1451 1263 1508 per
1286 1440 1429 1509 presente

185 1545 269 1619 quod
292 1546 382 1603 nobis
406 1546 436 1602 in
460 1545 578 1602 octavis
601 1543 670 1601 sesti
695 1543 910 1600 Penthecostes
933 1543 964 1599 in
988 1542 1060 1599 sede
1089 1548 1193 1599 nostra
1211 1540 1376 1617 judiciaria
1392 1556 1429 1615 pr

187 1651 328 1710 iaciendo
351 1651 550 1708 causantibus
573 1649 768 1706 moderativo
791 1647 907 1724 judicio
930 1663 1064 1706 unacum
1095 1649 1181 1720 regni
1211 1647 1374 1705 nobilibus
1407 1663 1429 1704 st

186 1759 339 1827 dentibus,
363 1756 513 1814 discretus
536 1758 584 1813 vir
607 1755 752 1813 dominus
777 1754 895 1812 Blasius
919 1755 1072 1828 plebanus
1094 1755 1223 1813 ecclesie
1239 1755 1338 1811 sancti
1357 1752 1429 1811 Mari

186 1865 365 1922 incivitate
389 1864 502 1921 montis
526 1862 688 1920 Grecensis
711 1861 750 1918 de
773 1859 859 1936 juxta
882 1861 1069 1935 Zagrabiam
1102 1867 1277 1919 constructe
1307 1876 1344 1919 ac
1375 1861 1429 1919 civ:

185 1970 223 2028 de
245 1970 362 2041 eadem,
386 1976 528 2027 nostrum
551 1975 580 2026 et
611 1968 765 2025 dictorum
800 1968 887 2040 regni
922 1967 1078 2026 nobilium
1112 1967 1310 2044 judiciarium
1345 1967 1429 2026 adier

185 2084 384 2149 conspectum
409 2077 438 2133 in
462 2091 517 2133 sua
540 2091 575 2132 ac
598 2073 718 2150 judicis,
742 2073 917 2150 juratorum
941 2081 971 2132 et
994 2075 1213 2133 universorum
1237 2076 1356 2133 civium
1381 2117 1388 2130 .
1413 2119 1422 2134 .

185 2182 323 2240 eiusdem
347 2182 480 2241 civitatis
503 2182 651 2255 personis,
676 2182 765 2238 nobis
791 2196 847 2254 per
871 2181 1002 2239 modurn
1026 2183 1261 2256 protestacionis
1285 2188 1314 2240 et
1340 2182 1428 2240 inhib

185 2281 281 2347 cionis
314 2289 489 2360 significare
522 2288 652 2359 curavit,
688 2285 846 2359 quomodo
881 2288 1095 2345 serenissimus
1127 2289 1272 2362 princeps
1305 2288 1429 2346 dominc

186 2393 403 2467 sigismundus
419 2394 468 2451 dei
484 2395 587 2466 gracia
605 2394 817 2451 Romanorum
835 2409 898 2464 rex,
916 2409 1040 2466 semper
1055 2402 1212 2467 augustus,
1235 2409 1271 2451 ac
1283 2395 1429 2467 Hungari

187 2500 341 2571 Bohemie‚
366 2500 534 2570 Daimacie,
559 2500 685 2557 Croacie
709 2505 767 2558 etc.
784 2515 846 2569 rex,
871 2498 1015 2557 dominus
1034 2505 1139 2557 noster
1154 2500 1313 2573 naturalis,
1332 2515 1429 2574 posses

184 2607 285 2663 siones
309 2605 490 2664 eorumdem
515 2607 629 2663 civium
655 2611 684 2662 et
700 2606 945 2664 communitatis:
972 2606 1146 2675 Kralewch‚
1170 2605 1340 2679 Kobilyak‚
1364 2607 1429 2679 pr

184 2713 267 2786 blya,
294 2713 399 2784 Narth,
424 2712 613 2770 Novakouch
637 2712 713 2768 alias
730 2712 830 2783 Cerya
855 2719 987 2784 vocatas,
1006 2727 1105 2787 prope
1121 2712 1296 2785 Bosyakow
1312 2713 1429 2771 habitas

184 2819 258 2876 item
281 2819 376 2876 villas
400 2835 454 2877 seu
478 2819 688 2893 possessiones
708 2818 851 2889 Dedichi‚
868 2818 996 2891 Bythek,
1014 2819 1147 2878 Nouaczi
1164 2826 1193 2877 et
1209 2826 1328 2876 ceteras
1344 2833 1429 2877 omne

186 2926 393 2996 possessiones
417 2926 516 2983 eidem
542 2925 658 2983 civitati
682 2932 711 2981 et
735 2924 873 2982 eiusdem
908 2927 1029 2983 civibus
1053 2942 1109 3000 per
1140 2926 1230 2983 divos
1253 2941 1343 2997 reges
1366 2925 1429 2983 Hor

183 3032 268 3103 garie
293 3034 431 3104 graciose
456 3032 542 3089 datas
566 3037 596 3088 et
612 3036 811 3105 perpetuatas
826 3031 998 3090 reverendo
1013 3034 1045 3090 in
1068 3032 1193 3091 Christo
1218 3032 1299 3106 patri
1322 3031 1429 3091 domin

182 3138 315 3219 Johanni
339 3139 485 3211 episcopo
517 3137 667 3196 moderno
697 3139 890 3210 zagrabiensi
921 3153 956 3196 ac
977 3138 1154 3213 Rodolpho,
1185 3138 1259 3197 filiis
1289 3137 1429 3214 Rodolpl

183 3243 221 3300 de
246 3245 348 3302 Alben
372 3251 402 3302 ct
424 3245 463 3301 de
484 3244 686 3315 Medwewar;
711 3240 788 3301 item
813 3247 1021 3318 possessiones
1052 3261 1105 3303 seu
1137 3245 1232 3304 villas
1266 3244 1429 3303 eorumder

183 3352 299 3408 civium
324 3357 353 3408 et
376 3353 607 3408 communitatis
631 3351 814 3423 Petrowina,
839 3351 1002 3424 Hraschya
1033 3359 1063 3410 et
1097 3351 1298 3425 Silyakouina
1333 3367 1429 3409 nuncu

184 3463 279 3529 patas,
297 3459 379 3515 ultra
404 3457 532 3514 fluvium
554 3457 644 3513 Zawe
667 3458 803 3527 situatas,
827 3458 986 3515 nobilibus
1010 3459 1086 3516 viris
1118 3458 1271 3527 Ladislao,
1305 3456 1373 3515 tilio
1399 3456 1429 3515 N:

182 3563 261 3621 colai
284 3564 387 3621 Thoth
411 3570 440 3619 et
463 3562 605 3645 Johanni,
630 3563 699 3620 silio
723 3563 892 3634 laurencii,
910 3565 1054 3622 similiter
1070 3565 1173 3623 Thoth
1190 3564 1229 3622 de
1245 3564 1429 3623 Zumzedwa

180 3670 220 3726 ab
245 3670 320 3743 ipsis
344 3669 464 3726 civibus
488 3675 519 3725 et
543 3670 764 3727 communitate
788 3669 961 3739 alienando,
986 3670 1130 3742 dedisset,
1154 3671 1299 3729 donasset
1322 3677 1355 3730 et
1378 3687 1429 3746 per

180 3781 275 3848 petuo
308 3775 487 3832 contulisset
522 3775 552 3831 in
587 3775 794 3848 preiudicium
830 3777 1038 3835 universitatis
1073 3777 1229 3835 dictorum
1264 3778 1382 3837 civium
1421 3796 1429 3836 t

181 3880 353 3953 dampnum
375 3880 467 3938 valde
490 3897 647 3953 magnum.
665 3882 754 3940 Unde
771 3882 850 3939 facta
867 3883 1046 3942 huiusmodi
1065 3885 1291 3958 protestacioue
1307 3885 1429 3960 prefato

181 3987 326 4045 dominus
349 3987 469 4045 Blasius
494 3988 646 4061 plebanus
670 4003 725 4045 suo
749 3995 778 4045 et
795 3991 981 4061 nominibus,
998 3991 1112 4064 quibus
1128 4006 1232 4064 supra,
1250 3997 1429 4065 prenotatur

181 4093 343 4150 dominum
368 4100 507 4151 nostrum
532 4093 767 4166 sigismundum
790 4112 895 4168 regem
920 4098 960 4154 ab
985 4096 1165 4155 huiusmodi
1188 4096 1429 4170 donacionem]

181 4201 299 4258 lacione
334 4207 364 4258 et
400 4201 638 4274 perpetuacione
674 4201 886 4274 predictarum
921 4205 1150 4276 possessionum
1182 4211 1213 4261 et
1236 4204 1429 4264 villaruma

181 4312 362 4365 cunctarum
387 4308 647 4381 pertinenciarum
671 4309 861 4379 earumdem,
887 4317 1076 4368 memoratos
1099 4323 1175 4367 vero
1208 4309 1372 4370 dominum
1396 4312 1429 4395 Jt

180 4414 314 4470 hannem
338 4414 520 4487 episcopum
544 4429 579 4470 ac
603 4413 813 4487 Rodolphum,
840 4414 922 4474 filios
939 4416 1108 4491 Rodolphi‚
1132 4431 1249 4475 necnon
1266 4416 1429 4478 Ladislaur

181 4525 211 4576 et
233 4519 405 4600 Johannem
429 4520 532 4578 Thoth
555 4522 596 4578 ab
619 4523 834 4595 occupacione,
859 4523 1046 4594 detencione,
1077 4524 1286 4598 usurpacione
1320 4530 1352 4583 et
1385 4526 1430 4583 ali

181 4626 291 4698 quavis
315 4640 407 4682 causa
430 4625 468 4682 ad
493 4642 525 4684 se
547 4628 728 4701 recepcione
762 4644 798 4685 ac
828 4645 950 4700 usuum,
982 4629 1140 4688 fructuum
1172 4636 1202 4687 et
1233 4632 1429 4704 quarumlibt

181 4730 350 4789 utilitatum
373 4731 555 4790 earumdem
577 4735 781 4808 percepcione
804 4742 834 4793 et
851 4736 1116 4809 percipiiaccione,
1132 4735 1275 4811 aliosque
1291 4738 1429 4811 quoslibt

180 4852 212 4893 se
235 4837 266 4894 in
287 4838 461 4897 dominium
484 4840 624 4913 ipsarum
649 4842 877 4914 possessionum
902 4857 938 4898 ac
964 4843 1115 4900 villarum
1139 4848 1169 4901 et
1184 4843 1429 4917 pertinenciarut
