3278 5348
613 415 685 475 Doc.
710 429 781 492 244.
806 449 848 459 —
871 415 927 473 Arc
950 412 1040 493 1465.

790 627 879 693 244.

303 769 384 817 Anno
406 766 481 832 1465,
501 781 525 828 4.
545 766 669 830 Augusti.
688 768 786 819 Budae.

195 893 349 963 Mathias,
384 894 563 967 Hungariae
596 900 644 950 etc.
679 913 742 961 rex,
775 895 974 951 conemunitaie
1006 895 1134 953 civeiutis
1163 903 1304 970 precante
1337 897 1447 971 capiate

196 1000 313 1072 zagrab.
337 1007 423 1069 vetat,
445 1006 480 1056 ut
498 1017 518 1054 a
541 999 666 1056 civitatis
688 1000 890 1058 mercatoribus
913 1007 972 1073 pro
995 1018 1083 1058 merce
1104 1002 1245 1059 tributum
1263 1010 1356 1077 porro
1372 1011 1449 1077 petae.

960 1139 1000 1186 De
1019 1139 1201 1188 commissione
1220 1140 1321 1190 domini
1339 1143 1409 1205 regis

301 1250 432 1307 Mathias
462 1249 511 1307 dei
542 1250 646 1321 gracia
677 1264 731 1307 rex
763 1250 928 1321 ilungarie,
952 1250 1122 1321 Dalmacie,
1147 1249 1278 1310 Croacie
1302 1259 1356 1311 etc.
1379 1252 1454 1310 Fide

195 1358 278 1415 libus
302 1356 414 1413 nostris
437 1355 613 1413 honorabili
637 1356 775 1428 capitulo
798 1355 925 1412 ecclesie
942 1356 1158 1427 zagrabiensis,
1183 1358 1321 1416 salutem
1344 1367 1373 1416 et
1394 1373 1453 1431 gra·

194 1463 281 1520 ciam.
314 1460 425 1518 Nostre
456 1460 625 1517 maiestatis
653 1461 809 1518 venientes
842 1462 873 1517 in
907 1461 1099 1534 presenciam
1130 1460 1243 1520 fideles
1266 1466 1366 1522 nostri
1386 1463 1456 1522 Cou-

193 1567 304 1625 rardus
336 1567 461 1636 Rauser,
491 1567 593 1623 senior
622 1565 724 1637 iudex,
748 1581 784 1623 ac
808 1566 926 1623 Blasius
949 1567 1075 1636 iuratus,
1100 1568 1184 1624 cives
1208 1569 1344 1628 civitatis
1362 1576 1456 1629 nostre

194 1674 308 1731 montis
332 1671 494 1729 Grecensis
517 1672 548 1728 in
571 1672 712 1743 ipsorum
737 1686 772 1728 ac
796 1672 892 1729 tocius
916 1673 1146 1730 communitatis
1170 1673 1314 1733 eiusdem
1330 1676 1456 1734 civitatis

193 1785 296 1837 nostre
328 1778 476 1852 personis,
507 1778 597 1834 nobis
629 1793 783 1850 exponere
815 1784 1001 1835 curaverunt
1031 1779 1063 1836 in
1093 1779 1174 1836 hunc
1207 1780 1355 1840 modum:
1379 1780 1453 1854 quod

192 1887 265 1944 licet
288 1885 348 1958 ipsi
370 1891 401 1941 et
424 1889 488 1941 tota
511 1885 717 1940 communitas
741 1883 821 1941 dicte
851 1885 985 1942 civitatis
1015 1890 1119 1942 nostre
1149 1887 1266 1943 montis
1302 1886 1455 1945 Grecensis

192 1993 318 2064 antiqua
341 1992 494 2047 libertatis
517 2004 625 2047 eorum
651 1991 848 2062 prerogativa
868 2006 924 2063 per
940 1990 1030 2049 divos
1046 2007 1134 2064 reges
1151 1993 1322 2065 Hungarie,
1339 1999 1453 2050 nostros

191 2099 308 2156 scilicet
333 2096 572 2169 predecessores,
598 2097 672 2169 ipsis
695 2097 833 2168 graciose
864 2111 1006 2154 concessa
1036 2106 1066 2155 et
1097 2114 1153 2172 per
1181 2102 1324 2156 nostram
1355 2100 1455 2156 males

110 2178 112 2182 Α
192 2209 286 2261 tatem
318 2202 500 2259 confirmata
535 2203 717 2274 requirente,
747 2203 787 2258 ab
818 2203 904 2260 omni
936 2203 1095 2261 solucione
1126 2205 1301 2275 tributaria,
1337 2212 1400 2262 tam
1422 2202 1455 2260 de

191 2309 331 2382 personis
362 2309 507 2381 propriis,
539 2324 633 2380 quam
665 2308 703 2365 de
734 2309 828 2366 rebus
860 2316 889 2365 et
920 2309 1009 2366 bonis
1040 2325 1075 2367 ac
1108 2311 1319 2368 mercimoniis
1352 2325 1454 2368 eorum

191 2415 363 2486 quibusvis,
387 2414 417 2471 in
441 2415 690 2487 quibuscumque
714 2415 790 2472 locis
821 2416 1010 2473 tributorum
1041 2423 1220 2473 nostrorum
1251 2416 1401 2474 videlicet
1428 2428 1454 2472 et

190 2521 324 2577 aliorum
356 2535 624 2593 quorumcumque
652 2520 721 2578 lieri
755 2520 948 2592 debendum,
980 2537 1037 2594 per
1059 2523 1162 2580 omnia
1186 2524 1325 2596 exempti
1348 2523 1407 2581 sint
1427 2529 1454 2578 et

193 2625 333 2696 liberati,
369 2632 472 2683 tamen
507 2640 562 2682 vos
597 2641 657 2682 non
688 2633 828 2683 curantes
860 2626 1038 2684 huiusmodi
1069 2628 1268 2686 libertatibus
1307 2629 1454 2702 ipsorum,

192 2732 318 2789 eosdem
350 2733 380 2789 in
417 2733 493 2789 locis
529 2733 717 2789 tributorum
753 2740 928 2789 vestrorum
962 2733 1000 2790 ad
1036 2733 1226 2791 solucionem
1262 2735 1454 2794 tributariam

189 2839 426 2910 compelleretis,
450 2847 479 2894 et
503 2844 632 2911 propter
656 2853 715 2894 non
731 2839 922 2895 solucionem
939 2839 1117 2896 huiusmodi
1140 2840 1261 2913 tributi,
1277 2840 1404 2899 eosdem
1427 2840 1454 2897 in

188 2944 378 3015 presenciam
405 2944 556 3000 banorum
579 2945 666 3015 regni
699 2945 795 3002 nostri
827 2944 991 3003 Sclauonie
1021 2945 1263 3004 reconveniretis
1295 2948 1327 3005 in
1357 2946 1453 3020 preiu·

188 3049 302 3106 <licium
335 3049 488 3106 libertatis
520 3052 660 3123 ipsorum
691 3059 720 3107 et
755 3049 981 3108 desolacionem
1005 3051 1085 3109 dicte
1108 3053 1243 3110 civitatis
1267 3059 1375 3111 nostre
1397 3067 1454 3111 non

188 3170 329 3227 parvam.
362 3155 463 3227 Quam
497 3157 538 3213 ob
570 3172 634 3213 rem
671 3156 815 3214 fidelitati
842 3166 944 3214 vestre
976 3157 1110 3215 firmiter
1144 3160 1351 3232 precipientes
1373 3175 1454 3217 man·

187 3259 305 3329 damus,
330 3267 481 3333 quatenus
504 3261 618 3317 amolo
641 3261 786 3333 deinceps
810 3277 828 3318 a
852 3261 963 3319 futuris
986 3263 1107 3320 civibus
1129 3264 1243 3320 nostris
1258 3263 1389 3322 nullum
1404 3265 1454 3322 tri-

186 3368 297 3423 butum
321 3378 426 3439 petere
450 3374 479 3422 ct
503 3368 635 3437 exigere,
660 3368 786 3439 petiquc
810 3375 839 3424 et
862 3366 1047 3439 exigiiacerc
1063 3377 1169 3426 contra
1184 3369 1331 3442 antiquas
1346 3385 1452 3428 eorum

186 3473 344 3531 libertates
370 3473 562 3546 presumatis,
588 3479 617 3529 ct
640 3489 695 3530 nec
719 3474 843 3531 eosdem
867 3476 950 3532 cives
973 3482 1094 3532 nostros
1111 3492 1166 3548 per
1182 3490 1243 3532 non
1260 3479 1453 3536 solucionem

185 3579 363 3637 huiusmodi
384 3581 493 3636 tributi
518 3581 547 3636 in
572 3581 764 3652 presenciam
787 3580 942 3638 dictorum
968 3583 1119 3639 banorum
1142 3584 1230 3655 regni
1253 3585 1354 3642 nostri
1371 3584 1452 3642 Scla-

185 3688 275 3743 uonie
299 3703 354 3760 per
384 3687 520 3758 amplius
552 3688 750 3743 reconvenire
784 3689 986 3760 presumatis;
1015 3705 1087 3746 nam
1118 3689 1209 3747 aliter
1238 3691 1454 3748 commisimus

185 3792 269 3849 fideli
301 3800 406 3849 nostro
437 3792 601 3865 spectabili
631 3800 660 3849 et
696 3793 860 3864 magnifico
891 3794 976 3875 Jnan,
1001 3795 1105 3853 comiti
1140 3796 1271 3868 Zagorie
1303 3805 1334 3855 et
1365 3797 1451 3870 regni

183 3899 280 3954 nostri
305 3898 435 3970 predicti
466 3898 628 3956 Sclauonie
661 3901 749 3970 banc,
773 3907 806 3959 ut
830 3901 896 3971 ipse
918 3899 1056 3973 prefatos
1080 3903 1162 3959 cives
1186 3910 1313 3960 nostros
1338 3904 1455 3961 montis

184 4002 346 4060 Grecensis
369 4005 398 4060 in
430 4005 570 4077 ipsorum
594 4005 728 4077 antiquis
753 4006 948 4063 libertatibus
972 4019 1147 4065 conservet.
1171 4007 1265 4066 Secus
1290 4025 1368 4083 ergo
1392 4025 1452 4069 uon

183 4106 299 4165 facturi.
325 4109 519 4166 Presentibus
544 4112 695 4182 perlectis,
719 4112 876 4168 exhibenti
901 4113 1056 4170 restitutis
1082 4115 1197 4171 Datum
1222 4113 1309 4172 Bude
1330 4115 1382 4173 die
1402 4115 1455 4173 do·

184 4215 299 4271 minico
325 4217 468 4288 proximo
493 4225 562 4273 ante
587 4218 698 4273 testum
731 4220 818 4274 beate
843 4219 938 4275 llarie
962 4220 1092 4291 virginis
1114 4220 1152 4276 de
1176 4220 1255 4278 nive.
1282 4223 1376 4279 Anno
1400 4221 1455 4279 do·

183 4322 258 4378 rnini
294 4323 464 4379 millesimo
503 4323 805 4393 quadringentesimo
841 4328 1033 4398 sexagesimo
1069 4327 1184 4399 quinto
1216 4327 1317 4399 Regni
1353 4329 1457 4387 nostri

182 4443 262 4485 anno
286 4439 405 4498 octav0‚
430 4429 640 4485 coronacionis
665 4444 739 4486 vcro
764 4432 907 4489 secundo

285 4582 418 4645 Originale
438 4583 463 4630 in
483 4581 578 4632 charta.
600 4583 621 4629 Α
647 4590 718 4643 tergo
738 4584 873 4646 vestigium
894 4586 1012 4649 impressi
1032 4585 1119 4649 sigilli.
1140 4587 1171 4633 [u
1191 4586 1309 4636 archivio
1328 4587 1377 4637 lib.
1399 4586 1475 4654 reg.'

181 4673 250 4720 civit.
272 4671 371 4733 cagrab.
