3278 5348
564 401 637 459 Doc.
661 412 733 477 259.
759 396 832 462 260.
852 433 891 444 -
917 401 974 460 Aa
998 396 1087 480 1468

303 702 384 751 Anno
405 701 481 765 14⁶8.
501 713 525 763 9.
544 700 612 751 mas.
638 700 746 765 agere.
792 612 876 680 2⁵9⁶

197 811 225 868 A
247 810 378 880 Mathia,
412 811 589 884 Hurrgarioe
617 817 663 868 etc.
688 829 762 884 rege,
786 811 954 869 Benedictus
984 812 1095 882 Balara,
1118 813 1233 870 dicator
1259 811 1373 884 tributi,
1392 814 1455 871 vita·

189 907 326 972 peratur,
348 899 427 973 quod
443 900 618 973 graorhrem,
640 918 728 973 quam
743 901 957 973 praescriptam
977 907 1027 971 est,
1048 901 1187 958 tributum
1202 919 1224 958 a
1241 902 1355 960 chaus
1367 901 1454 976 exigit

1027 1021 1182 1072 Commissio
1200 1022 1302 1072 domini
1320 1021 1397 1087 regis.

302 1115 435 1173 Mathias
457 1115 508 1174 dei
530 1116 633 1186 gracia
656 1131 712 1173 rex
733 1115 899 1189 Hungarie‚
924 1115 1094 1186 Dalmacie,
1117 1114 1246 1173 Croacie
1278 1121 1336 1174 etc
1368 1113 1458 1173 rodeli

196 1227 303 1277 nostro
325 1221 426 1280 nobili
461 1220 625 1280 Benedicto
649 1221 687 1278 de
710 1221 859 1294 Bathyan‚
882 1222 1004 1278 notario
1026 1221 1211 1279 cancellarie
1232 1228 1342 1280 nostre
1364 1234 1400 1280 ac
1420 1220 1458 1279 di·

197 1326 294 1384 catori
317 1322 504 1400 proventum
527 1327 636 1385 tributi
660 1327 760 1400 phisci
785 1327 883 1386 nostri
906 1326 1021 1398 regalis
1045 1327 1075 1383 in
1100 1327 1249 1384 comitatu
1274 1325 1459 1400 zagrabiensi

196 1434 371 1503 constituto,
395 1432 527 1491 salutem
552 1436 582 1490 et
618 1433 764 1505 graciam.
788 1432 923 1504 Pn'dem,
946 1432 1022 1490 dum
1045 1432 1084 1490 ad
1109 1431 1277 1491 dicandum
1302 1432 1396 1493 illum
1417 1447 1461 1491 co

196 1539 340 1597 miratum
372 1539 537 1612 deputatus
563 1537 676 1612 fueras,
707 1542 767 1598 scis
791 1541 869 1598 bene
892 1540 1026 1613 qualiter
1049 1540 1106 1598 tibi
1129 1541 1209 1598 inter
1232 1539 1297 1598 alia
1323 1541 1460 1600 commis·

196 1658 266 1703 sum
296 1644 403 1718 fuerat,
434 1649 469 1703 ut
499 1652 532 1703 tu
563 1645 650 1704 iuxta
683 1644 818 1704 formam
848 1646 964 1705 decreti
987 1645 1144 1717 Budensis,
1170 1645 1294 1720 pridem
1319 1660 1377 1721 per
1398 1660 1461 1721 pre·

194 1751 283 1822 latos,
308 1751 440 1809 barones
463 1764 494 1810 et
516 1767 660 1825 proceres
683 1753 770 1826 regni
792 1752 951 1826 Hungarie
974 1752 1105 1811 stabiliti
1133 1759 1163 1810 et
1200 1766 1264 1810 non
1296 1753 1389 1812 aliter
1411 1753 1462 1810 hu-

195 1857 330 1916 iusmodi
347 1863 516 1931 proventus
540 1859 639 1932 phisci
662 1859 760 1918 nostri
775 1859 890 1932 regalis
906 1859 1024 1917 dicares
1040 1868 1070 1917 et
1085 1858 1231 1931 exigeres.
1255 1857 1348 1917 Nunc
1362 1864 1462 1917 autem

194 1969 320 2038 accepta
344 1965 471 2037 querela
493 1980 510 2021 a
534 1965 655 2022 civibus
679 1973 709 2023 et
732 1966 860 2040 populis
882 1966 1015 2024 civitatis
1037 1971 1141 2023 nostre
1164 1965 1279 2024 montis
1303 1964 1462 2024 Grecensis

194 2071 232 2128 de
256 2073 340 2128 iuxta
363 2070 548 2144 Zagrabiam
570 2071 790 2136 intelleximus.
814 2072 948 2145 qualiter
971 2078 1004 2129 tu
1027 2073 1059 2130 in
1081 2071 1343 2132 connumerandis
1365 2072 1462 2147 portis

195 2179 386 2251 populorum
408 2183 439 2235 et
461 2177 634 2234 incolarum
658 2176 755 2252 ipsius
778 2178 913 2237 civitatis
936 2184 1044 2236 nostre
1071 2191 1237 2235 numerum
1269 2178 1303 2237 in
1335 2178 1463 2237 modom

195 2284 384 2354 excessisses,
409 2289 438 2340 et
461 2297 523 2341 non
546 2283 716 2341 secundum
740 2283 874 2341 sormam
908 2283 981 2342 dicti
1013 2283 1128 2342 decreti
1158 2282 1212 2341 sed
1243 2283 1342 2358 longe
1374 2285 1463 2343 aliter

194 2391 316 2462 egisses,
340 2390 382 2447 ita
406 2389 559 2460 videlicet,
584 2389 667 2462 quod
692 2390 790 2446 eciam
815 2389 919 2448 alodia
943 2396 973 2448 et
995 2389 1106 2448 domos
1123 2389 1259 2448 desertas
1283 2390 1420 2450 dicasset
1434 2397 1463 2450 et

194 2508 464 2566 connumerasses,
488 2503 518 2554 et
542 2495 666 2554 tandem
692 2496 792 2553 dicam
825 2511 925 2571 prope
954 2497 993 2555 ad
1024 2511 1189 2556 numerum
1221 2498 1463 2571 quingentarum·

194 2610 355 2675 portarum
387 2603 418 2660 in
449 2601 553 2659 medio
584 2603 725 2675 ipsorum
757 2603 873 2660 civium
910 2603 1126 2676 relinquisses,
1158 2618 1229 2661 cum
1263 2610 1386 2672 tamen,
1418 2603 1463 2662 uti

192 2709 282 2766 nobis
307 2710 440 2765 relatum
464 2716 517 2778 est,
540 2722 596 2765 nec
620 2723 718 2782 prope
743 2715 787 2766 tot
810 2709 1032 2768 inhabitatores
1056 2709 1166 2766 domos
1181 2709 1334 2769 habentes
1349 2711 1381 2768 in
1396 2712 1462 2784 ipsa

192 2813 316 2872 civitate
346 2821 450 2871 nostra
485 2815 665 2872 habeantur.
703 2814 903 2888 Quapropter
939 2816 1085 2873 volumus
1115 2821 1145 2873 et
1183 2814 1372 2874 mandamus
1406 2815 1461 2874 tibi

192 2922 302 2978 harum
326 2920 404 2978 serie
427 2919 661 2987 districtissime,
685 2927 835 2993 quatenus
860 2937 955 2991 cures,
980 2927 1014 2979 ut
1038 2921 1172 2979 sormam
1196 2921 1330 2995 predicti
1345 2921 1460 2981 decreti

192 3026 340 3085 Budensis
370 3027 401 3085 in
425 3028 684 3085 connumerandis
708 3028 807 3101 portis
831 3034 861 3086 et
896 3027 1057 3101 exigendis
1092 3028 1220 3103 prelatis
1256 3030 1461 3104 proventibus

191 3134 298 3191 tributi
333 3134 431 3206 phisci
462 3134 557 3191 nostri
590 3134 703 3205 regalis
734 3135 764 3191 in
788 3135 877 3193 nullo
900 3134 1038 3204 excedas,
1062 3150 1119 3192 nec
1141 3132 1278 3208 prefatos
1302 3136 1388 3194 cives
1409 3136 1460 3195 vel

190 3255 403 3312 quoscumque
426 3241 504 3297 alios
528 3247 633 3297 contra
657 3241 756 3313 ipsam
783 3239 915 3298 formam
948 3241 1063 3299 decreti
1093 3254 1265 3314 aggravare
1297 3257 1361 3300 non
1392 3258 1460 3317 pre·

194 3360 309 3415 sumss;
327 3349 473 3419 quoniam
498 3347 522 3403 si
547 3347 639 3403 aliter
663 3346 780 3418 seceris
804 3348 890 3418 scias,
915 3347 998 3421 quod
1015 3363 1076 3405 non
1092 3362 1255 3421 parcemus
1272 3348 1340 3406 tibi.
1364 3345 1461 3406 Secus

189 3467 264 3524 ergo
294 3468 354 3509 non
387 3453 531 3517 facturus,
564 3453 761 3511 Presentibus
785 3455 939 3526 perlectis,
963 3455 1122 3512 exhibenti
1145 3454 1305 3512 restitutis.
1341 3455 1459 3513 Datum

189 3559 283 3629 Agrie
319 3557 393 3614 seria
418 3567 528 3631 quarta
553 3560 696 3631 proxima
721 3566 790 3633 post
815 3560 1003 3618 dominicam
1028 3560 1194 3618 Invoeavit.
1224 3561 1315 3618 Anno
1338 3559 1462 3620 domini

188 3657 358 3720 millesimo
382 3664 686 3736 quadringentesimo
719 3666 772 3722 LX
796 3672 913 3724 octavo.
937 3667 1035 3739 Regni
1058 3665 1155 3724 nostri
1179 3678 1259 3723 anno
1282 3665 1461 3738 undecimo,

190 3770 400 3826 coronacionis
425 3785 499 3827 vero
523 3779 642 3842 quarto.

294 3904 427 3968 Originale
454 3906 480 3953 in
509 3906 603 3957 charta.
634 3910 664 3955 In
684 3910 798 3973 margine
818 3908 934 3958 inferiori
951 3909 1103 3973 impressum
1122 3914 1161 3956 est
1178 3906 1293 3972 sigillum
1313 3909 1407 3962 maius.
1427 3912 1460 3961 In

187 3992 301 4041 archivio
322 3993 367 4044 lib.
387 4010 439 4057 reg.
459 3996 507 4043 civ.
527 3996 625 4058 zagrab.

778 4175 869 4241 260.

290 4315 370 4363 Anno
393 4315 467 4378 1468,
489 4329 529 4365 20.
549 4316 670 4380 Augusti,
695 4319 844 4381 Zagrabiae,

183 4424 213 4483 Α
240 4425 372 4499 Capimlo
393 4425 513 4498 aagrab,
535 4425 633 4484 doinus
655 4430 685 4484 in
710 4428 800 4484 Nova
823 4431 959 4499 cassita,
982 4425 1315 4487 ariaricssemardari
1334 4427 1366 4483 ἐπ
1390 4429 1458 4492 eccl.

362 4515 526 4572 cathedrali
545 4533 582 4570 ex
598 4516 694 4591 Jacob
716 4517 892 4574 arcidiacom
915 4525 1080 4576 testamento
1102 4516 1255 4573 addr‘citar.

289 4659 352 4716 Nos
375 4647 548 4734 capitulum
574 4661 702 4718 ecclesie
726 4663 944 4735 zagrabiensis.
967 4663 1084 4721 Notum
1108 4660 1240 4720 facimus
1259 4665 1367 4720 tenore
1384 4676 1457 4737 pre·

181 4768 319 4825 sericium
348 4768 563 4840 significantes,
593 4768 707 4840 quibus
738 4770 863 4842 expedit
893 4769 1053 4828 universis.
1090 4766 1182 4843 Quod
1212 4767 1286 4841 quia
1317 4767 1369 4826 vir
1393 4767 1459 4828 dis·

181 4880 283 4933 cretus
307 4876 439 4933 Mathias
462 4875 625 4951 presbiter,
643 4873 777 4949 Byslrwp
794 4876 903 4948 dictus,
921 4885 1021 4935 rector
1045 4871 1253 4939 altarisbeati
1269 4871 1459 4937 Bernardiui
