3256 5346
730 383 804 441 Doc.
822 379 901 459 389,
926 417 967 427 -
991 386 1048 442 An.
1073 382 1167 463 1498.

307 614 410 673 supra,
434 599 525 656 nobis
557 599 716 671 porrectis,
740 599 828 656 iustis
849 606 958 673 utputa
980 607 1010 657 et
1033 601 1194 673 legittimis
1218 617 1401 676 annuentes,
1427 610 1584 680 preinser·

307 713 353 761 tas
377 705 497 763 litteras
521 703 594 761 dicti
618 704 736 761 domini
761 705 857 761 nostri
882 705 963 777 regis
988 705 1026 762 de
1051 707 1149 763 verbo
1172 707 1211 764 ad
1236 710 1374 767 verbum
1399 713 1468 770 sine
1492 713 1582 772 dimi·

307 812 437 867 nucione
456 817 486 868 et
516 816 682 882 augmento
712 810 841 882 aliquali
865 811 1060 884 presentibus
1084 812 1195 870 litteris
1224 815 1339 872 nostris
1374 820 1581 893 transcriptas

307 923 337 973 et
361 923 594 988 transsumptas,
633 921 771 972 tenorem
810 915 990 973 earumdem
1029 919 1087 975 sub
1122 919 1226 991 sigillo
1264 928 1372 979 nostro
1398 928 1580 983 memoratis

306 1018 410 1095 judici,
433 1019 550 1094 juratis,
573 1022 744 1093 ceterisque
767 1021 888 1079 civibus
919 1032 949 1080 et
972 1024 1030 1081 toti
1052 1026 1268 1082 communitati
1291 1027 1433 1085 civitatis
1458 1033 1573 1089 montis

308 1127 469 1185 Grecensis
486 1127 636 1185 antedicte
653 1128 801 1186 duximus
825 1129 1046 1200 concedendas,
1069 1129 1145 1205 juris
1168 1132 1310 1204 ipsorum
1335 1133 1376 1190 ad
1397 1135 1575 1194 uberiorem

307 1233 469 1290 cautelam.
493 1232 609 1289 Datum
644 1232 719 1290 feria
755 1243 840 1291 sexta
863 1234 944 1292 infra
966 1243 1092 1292 octavas
1116 1235 1185 1294 festi
1205 1236 1354 1295 Omnium
1388 1249 1576 1299 sanctorum.

308 1340 398 1395 Anno
422 1338 540 1396 domini
565 1338 734 1395 millesimo
758 1340 1062 1412 quadringentesimo
1085 1343 1285 1413 nonagesimo
1309 1346 1454 1417 septimo.

413 1473 546 1536 Originale
565 1474 592 1522 in
611 1475 706 1527 charta.
726 1477 754 1524 A
773 1483 846 1540 tergo
864 1478 1002 1541 vestigium
1020 1477 1138 1543 impressi
1158 1478 1246 1542 sigilli.
1267 1481 1299 1527 In
1318 1480 1437 1530 archivio
1455 1482 1501 1534 lib.
1522 1500 1572 1546 reg⁴

310 1563 358 1613 civ.
379 1562 561 1625 zagrnbiensis.
1535 1561 1546 1583 ⁸

903 1777 991 1843 389.

411 1920 492 1967 Anuo
514 1918 588 1979 1498.
610 1918 650 1968 28.
670 1918 739 1968 maii.
760 1918 858 1968 Budae.

315 2047 480 2104 Vladr'slurts
501 2047 657 2118 Hungurt'c
679 2053 728 2106 etc.
751 2065 811 2105 rex.
828 2055 996 2105 mercatores
1010 2048 1212 2126 augrabicnses
1234 2069 1254 2104 u
1278 2051 1395 2108 tributis
1412 2060 1471 2125 pro
1486 2069 1570 2108 merce

715 2153 856 2210 solvendis
879 2154 1028 2211 identidem
1051 2155 1161 2215 liberat.

411 2316 591 2373 vladislaus
615 2316 664 2374 dei
695 2317 798 2389 gracia
822 2332 877 2374 rex
900 2318 1057 2390 Hungarie
1087 2322 1116 2373 et
1150 2317 1296 2376 Bohemie
1321 2326 1378 2378 etc.
1404 2320 1561 2378 Fidelibus

304 2423 416 2481 nostris
446 2423 598 2479 universis
628 2430 658 2480 et
687 2423 818 2496 singulis
848 2423 1008 2480 nobilibus
1039 2429 1068 2480 et
1105 2423 1233 2480 alterius
1257 2425 1395 2483 cuiusvis
1420 2431 1516 2484 status
1537 2431 1564 2482 et

303 2528 489 2587 condicionis
514 2529 745 2601 possessionatis
768 2528 945 2585 bominibus
961 2529 1048 2600 regni
1069 2529 1165 2586 nostri
1181 2528 1353 2598 Sclauonie‚
1377 2533 1510 2589 salutem
1537 2539 1564 2588 et

304 2635 449 2706 graciam.
473 2633 553 2689 Cum
575 2632 684 2689 fideles
708 2634 805 2690 nostri
840 2633 1007 2706 prudentes
1032 2644 1061 2690 et
1084 2634 1301 2708 circumspecti
1324 2633 1420 2708 judex
1453 2644 1481 2694 et
1519 2635 1560 2709 ju·

303 2742 362 2798 rati
394 2755 429 2797 ac
452 2740 586 2796 universi
610 2740 693 2796 cives
711 2746 740 2796 et
757 2740 979 2796 inhabitatores
996 2741 1129 2798 civitatis
1145 2748 1249 2798 nostre
1273 2743 1388 2800 montis
1405 2742 1563 2801 Grecensis

304 2862 341 2904 ex
365 2845 559 2902 concessione
583 2849 612 2901 et
635 2846 775 2916 graciosa
798 2846 966 2902 annuencia
990 2847 1257 2904 serenissimorum
1282 2849 1462 2921 principum
1478 2848 1560 2906 divo·

303 2970 374 3010 rum
404 2968 514 3023 regum
549 2952 717 3023 Hungarie,
749 2957 928 3019 nostrorum
969 2952 1087 3009 scilicet
1121 2953 1386 3025 predecessorum,
1410 2955 1451 3012 ab
1479 2954 1561 3012 omni

303 3060 459 3116 solucione
490 3058 652 3115 tributaria
676 3058 790 3114 exemti
807 3058 867 3114 siut
890 3062 920 3114 et
944 3058 1065 3130 penitus
1088 3059 1222 3129 liberati,
1255 3060 1464 3135 pluribusque
1491 3060 1557 3117 aliis

300 3166 498 3223 libertatibus
529 3171 558 3220 et
577 3165 758 3220 libertatum
782 3165 996 3237 prerogativis,
1019 3164 1183 3236 vigoribus
1209 3173 1365 3223 certarum
1387 3166 1559 3224 litterarum

302 3273 451 3345 ipsorum,
488 3285 593 3327 coram
628 3271 787 3327 maiestate
822 3280 927 3327 nostra
962 3285 997 3326 ac
1033 3269 1166 3328 dominis
1190 3272 1319 3343 prelatis
1342 3277 1373 3329 et
1395 3272 1562 3330 baronibus

302 3378 415 3435 nostris
439 3376 659 3449 productarum
683 3391 736 3432 eos
757 3377 880 3448 gavisos
905 3375 999 3433 fuisse
1021 3383 1050 3432 et
1072 3376 1207 3448 gaudere
1231 3377 1454 3451 intelligamus,
1477 3379 1559 3451 cupi·

303 3499 453 3556 amusque
478 3484 561 3554 ipsos
585 3483 667 3539 cives
684 3489 804 3539 nostros
828 3486 858 3538 et
875 3484 1034 3539 universos
1049 3482 1166 3539 incolas
1189 3490 1219 3540 et
1236 3484 1461 3542 inhabitatores
1478 3485 1558 3542 illius

302 3590 371 3660 loci,
395 3588 648 3662 predecessorum
673 3592 850 3644 nostrorum
873 3594 1034 3660 sequentes
1056 3589 1195 3660 vestigia,
1218 3589 1250 3645 in
1273 3589 1455 3647 huiusmodi
1469 3590 1559 3647 liber-

302 3695 419 3752 tatibus
442 3694 585 3766 ipsorum
619 3691 746 3764 pacifice
777 3708 959 3750 conservare
990 3699 1019 3750 et
1043 3692 1143 3750 iacere
1166 3695 1352 3764 conservari,
1377 3695 1559 3753 mandamus

300 3807 464 3874 propterea
487 3798 690 3854 fidelitatibus
721 3799 833 3854 vestris
857 3805 886 3855 et
910 3798 1076 3855 cuiuslibet
1099 3805 1238 3855 vestrum
1262 3800 1340 3856 serie
1364 3801 1557 3873 presencium

300 3905 487 3973 firmissime,
525 3909 559 3960 ut
591 3903 705 3959 amodo
730 3902 868 3976 prefatos
906 3905 988 3961 cives
1023 3910 1143 3962 nostros
1175 3910 1205 3961 et
1242 3920 1351 3962 eorum
1387 3907 1564 3980 quempiam

298 4012 328 4068 in
352 4012 496 4068 omnibus
525 4010 587 4067 illis
611 4011 808 4067 libertatibus
831 4017 861 4067 et
884 4011 1166 4081 consvetudiuibus,
1190 4012 1305 4083 quibus
1327 4013 1499 4086 antiquitus
1521 4013 1565 4069 usi

299 4125 369 4174 sunt
393 4126 422 4173 et
439 4116 545 4188 gavisi,
570 4116 668 4173 libere
684 4124 713 4173 et
736 4116 865 4189 pacifice
889 4133 1011 4190 semper
1035 4132 1225 4188 conservare,
1248 4119 1395 4192 ipsosque
1411 4120 1443 4177 in
1461 4121 1562 4178 huius·

300 4223 386 4279 modi
421 4223 618 4278 libertatibus
653 4231 759 4278 contra
796 4223 951 4293 quoslibet
983 4223 1164 4295 illegitimos
1199 4223 1393 4295 impetitores
1418 4226 1562 4298 precipue

299 4344 373 4385 vero
398 4336 503 4385 contra
537 4335 566 4385 et
600 4328 749 4384 adversus
773 4327 898 4385 fidelem
922 4336 1064 4385 nostrum
1089 4329 1247 4400 egregium
1268 4328 1397 4385 Petrum
1422 4329 1562 4398 Bocbltay

300 4434 338 4491 de
361 4433 682 4506 Razynyakereztstvr.
708 4436 760 4507 qui
785 4436 869 4507 ipsos
893 4436 976 4491 cives
996 4442 1117 4492 nostros
1141 4438 1247 4492 contra
1271 4434 1434 4492 libertates
1458 4449 1562 4493 eorum

298 4541 393 4597 variis
428 4540 537 4605 modis,
573 4541 730 4611 signanter
766 4557 840 4597 vero
875 4541 907 4597 in
931 4541 1007 4598 iocis
1039 4541 1229 4598 tributorum
1260 4555 1392 4598 suorum
1415 4541 1565 4617 impedire

299 4645 419 4714 dicitur,
452 4647 540 4714 tueri,
580 4654 741 4718 protegere
775 4654 805 4703 et
836 4645 1001 4704 defendere
1034 4646 1171 4705 debeatis
1203 4647 1373 4705 maiestatis
1403 4655 1511 4706 nostre
1534 4647 1563 4704 in

298 4768 428 4824 persona
453 4760 481 4809 et
506 4756 687 4810 auctoritate
711 4754 904 4827 presentibus
928 4755 1020 4811 vobis
1043 4756 1074 4811 in
1098 4754 1155 4811 hac
1176 4763 1264 4827 parte
1288 4769 1437 4813 concessa
1468 4762 1499 4813 et
1520 4754 1562 4812 iu-

297 4859 384 4913 sticia
413 4860 574 4917 mediante.
610 4860 702 4917 Secus
736 4877 797 4917 nou
833 4859 950 4918 facturi.
988 4861 1183 4918 Presentibus
1215 4859 1371 4933 perlectis
1407 4859 1566 4920 exhibenti
