3278 5348
299 417 361 491 426
714 412 786 471 Dee.
805 420 877 487 337.
906 444 941 452 -
968 404 1142 486 An.1484,

298 630 436 703 exempti
468 629 528 687 sint
559 635 589 686 et
623 628 756 699 liberati,
789 642 844 700 per
867 633 1068 699 nostramque
1100 625 1290 683 maiestatem
1316 625 1347 683 in
1366 625 1478 683 eadem
1501 627 1563 698 ipsa

298 736 441 795 libertate
472 735 655 806 confirmati,
687 750 780 808 super
811 731 1000 806 quaquidem
1032 732 1175 789 libertate
1206 729 1338 807 juridice
1363 730 1562 804 procedentes

298 847 405 900 contra
429 856 485 899 vos
509 842 627 899 litteras
650 839 850 898 sentenciales
864 841 1080 913 reportassent
1104 838 1141 895 Et
1164 837 1236 895 licet
1259 851 1316 894 nos
1340 837 1461 910 pluries
1484 851 1561 894 com·

298 947 440 1005 misimus
463 948 562 1015 vobis,
579 952 612 1004 ut
625 946 750 1005 eosdem
766 947 849 1004 cives
872 951 995 1003 nostros
1019 945 1048 1002 in
1072 943 1149 1001 locis
1172 943 1364 1001 tributorum
1390 949 1561 1001 vestrorum

298 1069 359 1111 non
389 1053 582 1126 impediretis
612 1052 649 1109 ad
675 1053 922 1124 solucionemqre
953 1051 1150 1108 tributariam
1171 1054 1276 1107 contra
1301 1047 1439 1107 formam
1462 1049 1561 1106 huius·

299 1159 385 1217 modi
409 1161 549 1230 ipsorum
573 1160 783 1233 exempcionis
800 1166 829 1216 et
853 1158 1006 1215 libertatis
1030 1171 1090 1214 non
1114 1157 1272 1228 cogeretis,
1295 1171 1353 1213 vos
1378 1163 1561 1214 tamennon

298 1266 411 1322 curatis
434 1264 612 1323 huiusmodi
637 1264 789 1323 mandatis
804 1265 925 1335 nostris,
942 1262 1066 1321 eosdem
1084 1263 1167 1320 cives
1178 1269 1299 1319 nostros
1323 1270 1353 1319 et
1378 1267 1561 1320 mercatores

299 1371 329 1427 in
355 1371 431 1428 locis
448 1371 637 1429 tributorum
653 1378 831 1429 vestrorum
852 1371 996 1445 spoliare,
1012 1367 1236 1442 dampnificare
1255 1374 1284 1426 et
1301 1369 1489 1442 perturbare
1504 1383 1560 1424 non

298 1477 457 1534 cessaretis
487 1479 517 1535 in
550 1477 783 1551 displicenciam
807 1477 1024 1535 mandatorum
1047 1480 1225 1533 nostrorum
1248 1473 1439 1547 huiusmodi,
1462 1474 1561 1549 preiu·

298 1580 476 1655 diciumque
498 1584 652 1642 libertatis
683 1586 824 1659 ipsorum
856 1583 1026 1658 prescripte
1050 1598 1111 1639 non
1136 1581 1301 1639 modicum.
1334 1581 1440 1654 Quare
1463 1578 1560 1637 fideii·

299 1687 414 1744 tatibus
445 1691 557 1748 vestris
578 1696 607 1748 et
631 1692 758 1749 cuilibet
790 1697 928 1748 vestrum
958 1691 1068 1747 harum
1101 1688 1179 1746 serie
1202 1687 1335 1745 firmiter
1357 1687 1559 1762 precipientes

299 1793 490 1864 mandamus,
522 1802 673 1869 quatenus
703 1797 816 1855 amodo
847 1797 952 1854 nullus
986 1796 1112 1853 omnino
1142 1800 1280 1852 vestrum
1311 1792 1484 1867 apreiatis
1522 1792 1558 1848 ci·

299 1901 391 1957 vibus
413 1903 526 1959 nostris
550 1904 579 1961 in
604 1904 680 1962 locis
697 1906 886 1963 tributorum
903 1910 1078 1961 vestrorum
1102 1903 1240 1975 aliquam
1265 1900 1465 1958 tributariam
1482 1898 1560 1955 solu·

298 2007 417 2064 cionem
444 2014 547 2082 petere
569 2027 621 2068 seu
638 2011 769 2083 exigere,
794 2012 917 2084 petique
941 2026 993 2066 seu
1017 2007 1200 2080 exigifacere
1223 2013 1274 2063 aut
1298 2022 1351 2063 eos
1376 2006 1427 2062 vel
1452 2018 1556 2062 eorum

298 2113 431 2171 alterum
464 2122 569 2174 contra
598 2117 732 2174 formam
761 2117 909 2191 premisse
936 2118 1075 2190 ipsorum
1111 2113 1262 2172 libertatis
1297 2119 1327 2170 et
1351 2111 1558 2185 exempcionis

298 2220 421 2277 racione
449 2237 510 2278 non
541 2224 707 2282 solucionis
730 2223 868 2280 eiusdem
893 2225 923 2281 in
948 2222 1097 2296 personis,
1120 2221 1275 2293 rebusque
1298 2225 1328 2275 et
1360 2218 1451 2274 bonis
1482 2217 1559 2289 ipso·

299 2341 369 2384 rum
386 2328 548 2399 quibusvis
573 2329 733 2402 impedire,
758 2331 883 2387 turbare
906 2345 959 2386 seu
983 2331 1095 2402 quovis
1119 2327 1213 2386 modo
1237 2323 1463 2399 dampnificare
1496 2337 1558 2397 pre·

298 2440 400 2489 surnat
422 2450 523 2507 neque
553 2437 591 2493 sit
622 2451 713 2493 ausus
748 2435 986 2509 quoquomodo;
1011 2436 1158 2508 quoniam
1181 2432 1319 2506 alioquin
1344 2431 1556 2489 commisimus

297 2544 327 2595 et
351 2541 545 2612 presentibus
561 2542 682 2599 firmius
705 2543 916 2601 commitimus
939 2541 1085 2598 fidelibus
1102 2541 1214 2598 nostris
1226 2540 1307 2596 bano
1323 2537 1374 2596 vel
1401 2536 1554 2595 vicebanis

298 2647 385 2718 regni
415 2649 511 2704 nostri
542 2647 715 2719 Sclauonie,
739 2655 771 2706 ut
793 2650 852 2722 ipsi
877 2649 980 2705 omnia
1003 2648 1113 2704 talium
1138 2646 1282 2716 thelonia,
1306 2645 1338 2703 in
1362 2645 1479 2718 quibus
1502 2641 1557 2715 ipsi

298 2757 485 2826 exponentes
508 2753 741 2827 impedirentur,
772 2770 829 2828 pro
857 2755 1015 2812 maiestate
1038 2761 1142 2811 nostra
1168 2767 1320 2825 occupare
1344 2755 1374 2809 et
1414 2752 1558 2822 occupata

298 2859 417 2916 tamdiu
441 2866 544 2917 tenere
568 2860 708 2932 debeant,
732 2860 829 2919 donec
861 2861 992 2918 anobis
1024 2859 1109 2917 aliud
1140 2859 1305 2917 habuerint
1333 2859 1363 2916 in
1397 2856 1554 2915 mandatis.

298 2963 391 3022 Secus
422 2966 514 3037 igitur
549 2982 609 3024 non
645 2966 764 3024 facturi.
799 2967 995 3025 Presentibus
1025 2967 1177 3041 perlectis,
1212 2965 1371 3023 exhibenti
1402 2962 1555 3022 restitutis.

297 3071 413 3128 Datum
437 3072 521 3128 Bude
545 3073 575 3129 in
600 3072 676 3130 festo
693 3073 882 3130 lnvencionis
906 3081 1008 3131 sancte
1024 3073 1131 3132 crucis.
1148 3076 1237 3131 Anno
1257 3071 1375 3130 domini
1392 3070 1557 3129 millesimo

297 3178 599 3251 quadringentesimo
616 3181 825 3253 octuagesimo
849 3187 968 3253 quarto.
992 3181 1170 3253 Regnorum
1193 3182 1372 3237 nostrorum
1406 3174 1556 3249 Hungarie

298 3291 352 3340 etc.
378 3300 457 3341 anno
483 3287 640 3357 vegesimo
664 3288 808 3361 septime,
833 3286 979 3345 Bohemie
1002 3303 1077 3345 vero
1100 3294 1186 3344 sexto
1210 3285 1339 3343 decimo.

683 3405 728 3453 nd
748 3405 901 3453 relacionem
920 3405 1020 3453 Thome
1039 3405 1070 3453 de
1091 3405 1210 3461 Erdewd,
1231 3404 1357 3469 prepositi
1375 3402 1524 3453 Tituleusis.

403 3546 536 3608 Originale
564 3549 591 3596 in
615 3550 710 3599 charta.
731 3551 763 3597 ln
787 3550 901 3611 margine
921 3549 1037 3598 inferiori
1056 3550 1208 3612 impressum
1233 3556 1271 3595 est
1296 3545 1413 3609 sigillum
1439 3547 1469 3593 In
1493 3543 1553 3592 arch.

296 3651 352 3684 ven.
373 3634 439 3698 capit
469 3635 529 3684 eccl.
549 3639 648 3699 zagrab.

890 3889 974 3955 337.

402 4041 482 4088 Anno
504 4042 577 4102 1484.
599 4045 621 4093 8.
639 4048 712 4108 Junii
742 4050 889 4112 Zagrabiae.

297 4169 442 4225 Statutum
474 4168 506 4224 de
535 4174 678 4229 certatricis
707 4185 853 4250 cauponas
875 4175 1068 4233 exercentibus
1090 4181 1118 4231 et
1142 4173 1174 4229 de
1191 4180 1288 4246 poena
1311 4169 1506 4229 constituenda
1526 4167 1551 4223 ie

456 4311 510 4361 ees,
533 4298 585 4367 qui
604 4296 713 4355 chartis
735 4302 850 4358 lusoriis
873 4319 981 4374 magna
996 4300 1123 4373 pecunia
1138 4298 1248 4372 posita,
1271 4296 1402 4355 lusen‘nt.

400 4446 433 4502 In
457 4461 536 4504 anno
561 4447 678 4508 domini
702 4449 1017 4521 MCCCCLXXXllll,
1050 4451 1143 4509 tercia
1167 4448 1217 4508 die
1240 4447 1465 4517 Penthecostes,
1488 4460 1552 4503 con·

294 4552 415 4609 clusum
441 4560 485 4610 est
508 4556 719 4629 capitulariter
743 4576 799 4633 per
823 4559 975 4630 dominos,
998 4557 1081 4632 quod
1106 4556 1145 4614 de
1168 4561 1270 4614 cetero
1293 4553 1484 4627 quicumque
1505 4550 1554 4609 do·

294 4659 451 4717 minorum
475 4662 618 4721 habuerit
642 4665 802 4722 tabernam
823 4667 853 4723 in
877 4665 972 4723 domo
996 4679 1058 4735 sua,
1083 4662 1166 4737 quod
1184 4674 1381 4735 nequaquam
1398 4659 1553 4734 permittat

293 4766 408 4824 intrare
433 4767 579 4827 mulieres
611 4776 768 4844 suspectas
802 4783 832 4830 et
862 4779 1020 4830 currentes
1050 4769 1089 4827 ad
1114 4769 1224 4827 vinum
1246 4764 1432 4838 bibendum,
1454 4779 1550 4839 neque

290 4872 409 4933 ibidem
432 4874 638 4948 noctandum;
654 4878 842 4954 quicumque
858 4884 965 4937 contra
988 4877 1089 4950 faciat,
1113 4877 1153 4935 sit
1170 4875 1313 4950 privatus
1328 4874 1477 4934 omnibus
1487 4886 1556 4950 pro·
