3278 5348
197 422 258 483 140
605 404 672 462 Doc
703 417 771 461 112.
797 436 836 446 -
861 397 1035 480 An.1438.

194 623 287 679 miter
310 622 490 693 retulerunt,
515 620 600 696 quod
623 620 683 694 ipsi
706 620 746 676 ab
770 619 925 689 omnibus,
950 618 1065 691 quibus
1088 615 1243 674 decuisset
1266 623 1298 676 et
1328 617 1458 676 licuisset

194 729 299 802 palam
323 736 352 786 et
376 729 495 786 occulte
519 727 683 799 diligenter
705 724 890 798 inquirendo
914 722 1098 781 talimodam
1119 723 1158 780 de
1181 721 1390 798 infrascriptis
1406 724 1459 781 sci·

192 835 307 893 vissent
330 836 510 893 veritatem:
534 831 693 907 quomodo
728 832 906 889 Vilhelmus
930 830 1134 888 theutonicus
1157 830 1347 889 castellanus
1370 831 1460 889 castri

192 940 312 998 Medwe
337 942 418 1000 circa
442 941 554 999 festum
579 939 662 997 beati
684 938 844 996 Michaelis
867 937 1048 1009 archangeli
1069 936 1102 994 in
1125 951 1206 994 anno
1224 937 1345 996 domini
1361 937 1461 995 mille·

191 1047 271 1104 simo
294 1047 598 1121 quadringentesimo
621 1045 781 1116 trigesimo
804 1051 891 1102 sexto
914 1049 1077 1114 transacto,
1101 1043 1297 1117 preteritum,
1320 1051 1460 1119 tempore

191 1154 310 1212 scilicet
332 1155 475 1212 introitus
498 1154 545 1211 sui
569 1152 609 1210 ad
632 1152 750 1211 dictum
773 1158 921 1222 castrum,
945 1167 983 1208 ex
1007 1151 1234 1217 commissione,
1259 1158 1410 1224 precepto
1433 1157 1461 1208 et

191 1259 371 1318 induecione
388 1261 557 1318 illustrium
575 1259 753 1334 principum
771 1257 970 1315 dominorum
987 1255 1136 1314 Friderici
1152 1262 1182 1314 et
1194 1256 1305 1327 vlrici,
1322 1255 1462 1315 eiusdem

191 1365 310 1424 domini
326 1367 424 1424 Vlrici
440 1362 505 1439 (sic)
520 1366 591 1436 nati,
609 1366 758 1423 comitum
783 1365 901 1422 scilicet
924 1363 1012 1434 Cilie,
1037 1362 1246 1436 Ortemburge
1269 1369 1300 1420 et
1323 1362 1461 1436 Zagorie‚

191 1470 391 1530 dominorum
421 1488 558 1546 suorum,
589 1472 667 1529 duas
698 1486 807 1529 vaccas
837 1470 999 1528 cuiusdam
1023 1470 1126 1528 coloni
1150 1470 1247 1544 ipsius
1271 1469 1409 1527 civitatis
1431 1470 1462 1527 in

190 1579 383 1651 posessione
406 1577 550 1637 Grachan
573 1583 681 1636 vocata
698 1577 928 1647 commorantis,
951 1576 1037 1634 omni
1060 1590 1115 1633 sua
1138 1576 1204 1633 sine
1232 1575 1328 1649 culpa
1351 1576 1458 1650 recipi,

191 1690 220 1740 et
255 1684 293 1741 ad
330 1684 447 1742 dictum
482 1691 618 1742 castrum
649 1683 770 1741 Medwe
793 1682 906 1741 deduci
928 1697 964 1740 ac
986 1683 1056 1740 usui
1078 1698 1135 1740 suo
1159 1681 1306 1757 deputari
1328 1680 1459 1741 fecisset.

190 1790 322 1862 thuod
340 1791 422 1848 idem
433 1791 611 1849 Vilhelmus
629 1805 710 1848 anno
734 1790 765 1847 in
789 1790 932 1863 proxime
954 1794 1109 1848 transacto
1132 1789 1213 1846 circa
1237 1787 1353 1846 festum
1377 1787 1460 1846 beati

189 1898 272 1968 regis
288 1911 317 1954 er
330 1897 513 1956 confessoris
529 1896 659 1955 Osualdi
674 1896 840 1954 nonnullos
856 1896 948 1966 cives,
964 1896 1101 1969 hospites
1117 1900 1149 1953 et
1167 1896 1363 1953 habitatores
1379 1894 1460 1952 dicte

190 2002 326 2059 civitatis
362 2004 475 2060 montis
513 2001 675 2061 Grccensis
710 2001 748 2058 de
776 2000 921 2058 nundinis
944 2017 998 2058 seu
1022 1999 1090 2058 foro
1114 2001 1240 2059 annuali
1263 2001 1459 2074 pethouiensi

190 2123 261 2163 cum
286 2122 393 2165 eorum
417 2110 510 2167 rebus
534 2115 563 2166 et
588 2109 677 2166 bonis
700 2108 987 2166 mercimonialibus
1011 2123 1119 2165 versus
1154 2109 1284 2182 propria
1317 2107 1459 2181 proficis·

190 2225 299 2284 cemes,
324 2216 374 2272 via
397 2216 427 2273 in
451 2216 559 2287 libera,
583 2216 727 2273 similiter
750 2231 787 2272 ex
812 2215 901 2282 scitu,
923 2213 1084 2272 voluntate
1106 2222 1136 2272 et
1159 2213 1380 2272 commissione
1396 2212 1458 2271 die·

188 2325 292 2378 torum
316 2320 513 2378 dominorum
537 2322 695 2391 comitum,
719 2319 918 2378 dominorum
941 2335 1079 2390 suorum,
1111 2336 1167 2394 per
1189 2318 1342 2394 quosdam
1368 2316 1458 2376 fami·

188 2426 280 2484 liares
303 2443 340 2484 ae
362 2428 502 2485 homines
525 2443 597 2485 suos
620 2434 649 2484 et
671 2428 812 2501 ipsorum
834 2426 1032 2484 dominorum
1055 2428 1205 2485 comitum
1228 2427 1378 2500 precipue
1402 2440 1457 2499 per

188 2533 343 2604 quendam
382 2534 589 2591 Colomanum
624 2532 876 2606 Trakumbergar
910 2548 947 2591 ac
979 2533 1173 2615 Jeronimum
1216 2539 1247 2591 et
1277 2533 1456 2603 Matinum,

187 2638 289 2696 fitium
313 2639 449 2698 ladislai
472 2640 510 2697 de
533 2639 677 2708 Goricha,
701 2655 761 2713 que
784 2639 902 2697 scilicet
925 2655 974 2697 res
991 2639 1239 2698 mercimoniales
1256 2637 1320 2697 fere
1334 2639 1377 2696 ad
1394 2637 1455 2696 duo

187 2746 287 2802 millia
312 2745 498 2804 florenorum
523 2747 591 2802 auri
614 2762 646 2802 sc
680 2744 895 2816 extendissent,
919 2745 1017 2819 recipi
1038 2751 1069 2803 et
1102 2760 1165 2819 quo
1198 2761 1253 2803 sue
1287 2745 1456 2819 placuisset

187 2852 339 2909 voluntati
364 2852 522 2925 deportari
545 2857 576 2908 et
597 2850 696 2909 dividi
719 2844 874 2929 (iecisset).
899 2852 968 2909 Hiis
990 2867 1052 2910 non
1082 2857 1242 2910 contentus
1271 2851 1358 2910 idem
1390 2852 1456 2910 Vil-

185 2957 307 3014 holmus
329 2959 472 3015 similiter
495 2974 533 3015 ex
557 2972 714 3028 consensu,
739 2958 817 3015 scitu
841 2963 871 3015 et
895 2960 1056 3017 voluntate
1079 2958 1233 3016 dictorum
1249 2958 1453 3017 dominorum

185 3079 312 3122 suorum
336 3066 417 3121 circa
440 3064 553 3123 festum
570 3065 747 3122 Nativitatis
770 3065 900 3138 virginis
922 3067 1066 3139 gloriose,
1090 3066 1233 3140 proxime
1257 3065 1453 3138 preteritum,

185 3171 334 3227 nonnulla
357 3186 469 3243 pecora
493 3177 523 3228 et
554 3171 688 3244 pecudes
719 3171 876 3229 dictorum
900 3174 1016 3232 civium
1039 3173 1078 3231 de
1101 3172 1294 3248 possessione
1316 3171 1454 3245 Roycha‚

185 3274 253 3333 foro
275 3276 391 3333 scilicet
413 3277 556 3334 similiter
578 3278 704 3335 annuali
715 3293 822 3335 versus
845 3280 974 3353 propria
997 3279 1188 3353 ducendum,
1211 3279 1263 3337 via
1285 3278 1318 3337 in
1341 3278 1452 3349 libera,

184 3382 270 3439 omni
304 3383 444 3455 ipsorum
476 3384 592 3440 civium
622 3385 687 3441 sine
710 3384 802 3457 culpa
826 3385 923 3459 recipi
946 3393 976 3443 et
999 3387 1111 3445 aufferi
1133 3402 1168 3445 ac
1191 3388 1337 3445 incertis
1361 3405 1452 3462 pecu·

183 3488 305 3545 niarum
330 3490 554 3560 quantitatibus
577 3491 694 3563 pactari
726 3497 755 3547 et
786 3492 924 3564 permitti
956 3492 1085 3565 fecisset,
1116 3494 1257 3568 potencia
1287 3494 1452 3567 mediante,

183 3594 214 3650 in
239 3594 444 3668 preiudicium
469 3602 499 3652 et
522 3596 694 3670 dampnum
718 3598 900 3656 eorumdem
918 3599 1033 3657 civium
1049 3600 1143 3658 valde
1159 3616 1317 3673 magnum.
1333 3601 1452 3663 Datum

183 3700 332 3774 Zagrabie
356 3700 432 3759 feria
455 3709 541 3760 sexta
564 3705 708 3776 proxima
730 3711 800 3762 ante
823 3704 938 3764 festum
961 3707 1191 3765 Purificacionis
1221 3708 1353 3782 virginis
1384 3712 1452 3784 glo·

181 3808 270 3865 riose.
294 3810 383 3866 Anno
407 3808 526 3866 domini
548 3810 716 3868 millesimo
739 3811 1046 3886 quadringentesimo
1070 3815 1226 3874 tricesimo
1249 3821 1369 3876 octavo.

287 4014 420 4078 Originale
439 4015 466 4065 in
485 4015 580 4067 charta.
600 4017 627 4066 A
648 4025 720 4083 tergo
739 4021 848 4085 vestigia
867 4029 978 4085 quatuor
991 4022 1143 4086 sigillorum.
1162 4024 1195 4072 Iu
1208 4023 1324 4075 archivio
1336 4024 1383 4077 lib.
1396 4042 1448 4091 reg.

181 4103 229 4154 civ.
248 4103 348 4167 zagrab.
