3278 5348
619 437 691 495 Doc.
709 431 788 513 358.
814 468 854 480 —
879 436 936 496 An.
961 448 1050 511 1491.
1387 449 1450 511 479

183 655 376 729 degencium,
399 654 525 713 nomine
549 660 579 712 et
594 654 625 712 in
643 667 775 726 persona
791 655 960 710 conventus
977 650 1160 709 eorumdem
1176 649 1309 708 fratrum
1324 649 1459 707 claustri

183 758 321 821 eiusdem
343 769 483 819 nostram
507 759 712 834 personaliter
735 757 860 815 veniens
894 757 925 814 in
943 757 1142 830 presenciam,
1168 754 1355 813 exhibuitet
1382 769 1452 829 pre·

183 869 317 927 sentavit
346 868 437 925 nobis
471 866 622 939 quasdam
655 865 774 923 litteras
804 862 966 939 judiciales
997 862 1155 936 magnifici
1189 862 1309 920 domini
1336 861 1452 920 Mathie

184 974 287 1033 Gereb
311 973 349 1031 de
373 975 534 1045 Vingartlr,
558 973 636 1030 alias
667 985 835 1045 regnorum
868 970 1038 1040 Dalmacie,
1067 970 1195 1029 Croacie
1229 973 1258 1027 et
1289 966 1453 1026 Sclauonie

184 1081 265 1151 bani,
288 1080 401 1153 sigillis
424 1080 620 1152 egregiorum
644 1077 727 1135 Petri
750 1074 896 1148 Bochlray
927 1075 966 1134 de
997 1074 1297 1148 Razynalrerezthwr
1330 1079 1363 1132 et
1395 1073 1453 1131 lli·

183 1186 301 1245 chaelis
323 1186 447 1244 Kerhen
471 1185 509 1243 de
534 1184 724 1256 Belosowch,
750 1168 808 1257 pro
832 1189 904 1240 tunc
928 1182 1151 1240 vicebanorum
1183 1196 1311 1239 suorum
1342 1186 1373 1238 et
1402 1195 1453 1238 co·

184 1293 297 1351 mitum
315 1292 517 1362 crisiensium,
541 1291 654 1362 clause,
678 1296 712 1348 ut
735 1289 837 1362 prima
861 1287 939 1345 facie
971 1288 1143 1362 apparebat
1177 1282 1388 1360 consignatas,
1409 1292 1452 1345 te·

184 1399 270 1456 noris
306 1396 505 1470 infrascripti,
533 1402 641 1471 petens
671 1410 727 1453 nos
758 1394 863 1452 debita
894 1408 966 1450 cum
997 1393 1155 1464 instancia,
1187 1399 1221 1450 ut
1244 1390 1371 1451 easdem
1393 1407 1451 1467 pro

184 1502 275 1562 dictis
298 1502 447 1561 fratribus
470 1508 500 1560 et
523 1506 678 1560 conventu
708 1500 823 1559 litteris
851 1499 965 1558 nostris
997 1500 1173 1573 patentibus
1203 1500 1390 1558 transummi
1422 1505 1453 1557 et

183 1610 348 1668 transcribi
371 1607 520 1679 iaciendo,
545 1607 604 1665 sub
627 1607 734 1680 sigillo
755 1612 863 1664 nostro
893 1611 1032 1664 tenorem
1056 1621 1109 1663 seu
1133 1610 1379 1681 transsumptum
1403 1621 1452 1664 ea·

184 1715 328 1773 rumdem
353 1714 469 1773 eisdem
492 1713 643 1772 fratribus
666 1720 697 1771 et
719 1712 884 1771 conventui
901 1710 975 1770 dare
998 1718 1028 1770 et
1051 1711 1217 1771 concedere
1252 1712 1454 1785 dignaremur

183 1819 259 1897 juris
282 1822 424 1895 ipsorum
457 1820 497 1878 ad
527 1820 707 1878 uberiorem
741 1819 907 1878 cautelam.
945 1819 1088 1892 Quarum
1119 1825 1207 1878 tenor
1230 1819 1269 1878 de
1293 1820 1390 1877 verbo
1413 1819 1451 1877 ad

184 1928 317 1985 verbum
355 1927 496 1999 sequitur
529 1932 558 1984 et
594 1933 639 1984 est
679 1926 766 1984 talis:
801 1919 886 2005 (vide
927 1927 1000 1985 Doc.
1035 1941 1105 2002 347.
1147 1942 1227 1985 anno
1270 1926 1361 2002 1488.
1403 1925 1453 1986 die

187 2048 212 2090 ι.
235 2026 406 2109 februarii).
439 2032 503 2091 Nos
539 2034 644 2106 itaque
678 2032 885 2106 peticionibus
917 2035 1124 2108 prenominati
1155 2034 1260 2093 fratris
1292 2034 1453 2093 Michaelis

187 2139 302 2212 prioris
334 2139 424 2196 nobis
455 2153 512 2213 per
542 2153 623 2209 eum,
643 2138 749 2196 vmodo
781 2151 843 2212 quo
874 2156 976 2214 supra,
1010 2142 1161 2214 porrectis
1184 2135 1360 2212 annuentes,
1384 2148 1453 2215 p're·

187 2246 298 2303 missas
320 2244 441 2303 litteras
464 2245 539 2304 dicti
562 2244 681 2303 domini
702 2245 816 2303 Mathie
839 2247 916 2304 alias
940 2246 1012 2304 bani
1044 2246 1082 2303 de
1116 2247 1215 2305 verbo
1248 2246 1289 2304 ad
1320 2247 1451 2305 verbum

186 2352 252 2411 sine
274 2352 483 2411 diminucione
505 2359 536 2410 et
558 2359 726 2424 augmento
748 2352 878 2425 aliquali
901 2353 1097 2425 presentibus
1127 2353 1239 2410 litteris
1263 2354 1375 2411 nostris
1400 2368 1452 2427 pa·

187 2459 323 2517 tentibus
358 2464 584 2533 transsumptas
616 2465 645 2516 et
678 2459 887 2531 transcriptas,
923 2459 1091 2531 sigilloque
1121 2465 1227 2516 nostro
1251 2459 1452 2531 consignatas,

187 2564 335 2639 predictis
359 2564 507 2622 iratribus
529 2571 558 2623 et
581 2562 743 2623 conventui
768 2564 895 2622 claustri
918 2566 1011 2621 sancti
1038 2564 1160 2621 Nicolai
1183 2565 1320 2639 episcopi
1345 2580 1452 2638 supra·

186 2669 270 2742 dicti,
294 2669 334 2727 ad
364 2671 544 2729 uberiorem
577 2668 655 2746 juris
685 2671 826 2743 ipsorum
861 2671 1016 2728 cautelam
1051 2669 1198 2727 duximus
1234 2670 1452 2729 concedendas.

186 2777 303 2834 Datum
327 2776 404 2835 feria
427 2776 520 2835 tercia
543 2777 688 2850 proxima
712 2782 781 2834 ante
807 2775 918 2834 festum
943 2777 1025 2835 beati
1067 2776 1211 2849 Gregorii
1236 2791 1326 2849 pape.
1365 2780 1454 2835 Anno

187 2882 307 2941 domini
328 2883 498 2941 millesimo
522 2880 828 2956 quadringentesimo
851 2884 1052 2955 nonagesimo
1077 2883 1188 2956 primo.

228 3007 232 3011 ”
292 3019 427 3084 Originale
444 3021 473 3070 in
493 3020 589 3071 charta.
609 3022 641 3068 In
660 3021 775 3083 margine
793 3020 908 3069 inferiori
921 3020 1074 3084 impressum
1088 3026 1126 3067 est
1143 3019 1266 3083 sigillum.
1286 3021 1319 3068 In
1337 3019 1453 3070 archivio

186 3109 232 3160 lib.
253 3126 297 3174 reg
324 3110 395 3159 civit.
416 3109 515 3172 zagrab.

781 3320 863 3386 358.

293 3462 373 3511 Anno
395 3474 470 3524 1491,
491 3463 531 3514 28.
551 3462 643 3512 martii.
664 3462 811 3525 Zagrabiae.

192 3588 296 3646 Coram
319 3589 444 3646 civitatis
466 3588 607 3660 deputatis
629 3588 776 3646 dimidium
807 3589 906 3664 opium
929 3609 950 3649 a
974 3591 1110 3648 Mortino
1141 3590 1248 3663 Kurrri‘,
1272 3592 1342 3668 cive,
1365 3591 1453 3649 Elias

696 3695 798 3770 fratri
814 3698 931 3757 ceditur.

293 3840 356 3899 Nos
379 3841 522 3922 Jacobus‚
546 3841 631 3899 filius
656 3842 762 3912 vlrici,
785 3839 889 3917 judex,
913 3841 1106 3913 Valentinus,
1121 3843 1286 3915 Fabianus,
1310 3842 1452 3912 llichael,

187 3948 371 4019 Anthonius,
395 3946 586 4018 Valentinus,
609 3947 787 4021 Bollangus,
811 3948 895 4006 Elias
917 3954 947 4006 et
970 3948 1153 4006 Benedictus
1168 3948 1270 4023 jurati,
1286 3948 1453 4006 consiliarii

186 4060 217 4112 et
240 4054 377 4112 universi
401 4056 484 4112 cives
508 4054 640 4112 civitatis
665 4054 779 4111 montis
811 4052 980 4112 Grecensis.
1014 4055 1164 4111 Memorie
1196 4052 1453 4112 commendamus

187 4167 292 4220 tenore
317 4162 511 4234 presencium
535 4159 751 4233 significantes,
777 4160 890 4233 quibus
922 4159 1048 4233 expedit
1079 4160 1240 4230 universis,
1276 4160 1360 4232 quod
1392 4161 1451 4217 viri

186 4265 313 4342 providi
335 4272 367 4324 et
388 4267 508 4324 honesti
532 4267 682 4324 Martinus
704 4273 813 4338 sartor,
836 4268 938 4324 senior
960 4265 1079 4342 juratus
1102 4272 1133 4323 et
1149 4266 1285 4323 concivis
1300 4270 1405 4324 noster
1422 4271 1451 4324 et

187 4372 282 4444 ulvas
305 4372 452 4445 agricola,
475 4372 531 4430 filii
558 4372 708 4431 Benkonis
733 4373 874 4444 Kwnych
899 4373 971 4430 dicti
996 4373 1034 4429 de
1058 4371 1209 4441 Klolroch,
1241 4371 1280 4428 ad
1313 4378 1452 4429 nostram

187 4479 394 4554 personaliter
417 4479 574 4537 venientes
599 4480 790 4552 presenciam
815 4478 947 4536 confessi
970 4486 1040 4536 sunt
1063 4479 1095 4536 in
1111 4480 1191 4536 hunc
1208 4478 1353 4536 modum:
1377 4493 1453 4551 quo·

188 4585 283 4642 modo
317 4586 383 4659 ipse
420 4585 569 4643 Martinus
605 4594 726 4643 matura
758 4586 844 4659 prius
872 4586 952 4642 intra
975 4601 1007 4641 se
1032 4583 1260 4643 deliberacione
1283 4585 1450 4659 prehabita

187 4692 279 4750 certis
301 4692 399 4749 eciam
422 4692 485 4749 suis
509 4707 558 4758 ertr
570 4692 669 4749 causis
685 4698 714 4749 et
733 4691 908 4749 racionibus
924 4690 1056 4748 eundem
1073 4691 1279 4760 moventibus,
1297 4689 1452 4763 prelatum

187 4797 288 4856 Ellam
312 4798 491 4870 agricolam,
515 4797 705 4870 fratremque
729 4813 819 4856 suurn
842 4800 1006 4866 uterinum,
1032 4797 1069 4854 ad
1096 4797 1222 4854 totalem
1255 4796 1452 4855 medietatem

188 4904 405 4963 universarum
428 4905 657 4977 possessionum
683 4921 809 4964 suarum
834 4903 865 4960 in
890 4902 972 4961 dicta
995 4905 1120 4962 civitate
1144 4910 1174 4962 et
1204 4904 1270 4962 eius
1295 4903 1453 4962 territorio
