3278 5348
621 410 694 469 Dec.
713 424 788 487 310.
815 443 853 452 -
878 411 935 469 An.
958 407 1049 488 1478.

781 726 864 793 310.

295 902 376 951 Anno
398 904 473 966 1478,
494 902 534 954 26.
552 903 671 968 januarii.
691 904 839 968 Zagrabiae.

192 1049 360 1122 Capitulum
390 1051 530 1108 lasmensc
567 1051 686 1108 nuntiat
715 1066 810 1107 coram
839 1069 869 1108 se
902 1048 1074 1122 Soldinari‘,
1098 1052 1227 1128 J'udicem
1258 1054 1395 1128 civitatis,
1428 1061 1457 1112 et

184 1158 399 1232 quiuquage'nla
429 1158 502 1215 ciues
523 1157 676 1232 juravisse
706 1174 726 1213 a
755 1158 952 1215 commum'tate
982 1159 1107 1216 civitatis
1121 1161 1313 1232 possessiones
1335 1159 1457 1234 capituli

534 1271 595 1337 per
617 1263 758 1339 iitj'uriam
781 1283 837 1321 non
860 1282 919 1323 csse
943 1272 1103 1339 occupatus.

296 1426 359 1484 Nos
382 1427 553 1500 capitulum
577 1428 706 1486 ecclesie
729 1428 928 1488 chasmensis.
951 1429 1101 1487 Memorie
1124 1428 1380 1487 commendamus
1397 1445 1453 1500 per

187 1539 357 1607 presentes,
390 1534 472 1607 quod
505 1550 576 1592 cum
607 1535 693 1592 iuxta
723 1533 918 1609 judiciariam
943 1536 1193 1594 commissionem
1217 1526 1375 1608 magnifici
1398 1535 1453 1592 do·

188 1640 268 1698 mini
297 1640 420 1698 comitis
450 1639 599 1714 Stephani
630 1640 668 1698 de
699 1640 823 1712 Bathor,
846 1640 959 1716 judicis
983 1643 1068 1700 curie
1091 1642 1279 1701 serenissimi
1302 1642 1452 1715 principis

190 1745 311 1803 domini
334 1746 456 1814 Mathia,
481 1745 531 1804 dei
554 1747 658 1819 gracia
681 1747 764 1820 regis
789 1748 956 1820 Hungarie‚
981 1748 1126 1806 Bohetnie
1142 1755 1189 1806 etc
1215 1748 1333 1806 domini
1353 1748 1453 1806 nostri

188 1852 419 1924 graciosissimi,
454 1852 843 1926 litterarumquesuarum
874 1853 1170 1912 adiudicatoriarum
1200 1853 1453 1929 juramentalium

189 1957 276 2016 Bude
299 1957 536 2030 quadragesimo
561 1959 668 2031 quinto
691 1958 740 2016 die
762 1965 942 2016 octavarum
959 1958 1029 2018 festi
1048 1960 1130 2016 beati
1146 1959 1307 2018 Michaelis
1324 1959 1453 2019 archan·

187 2064 260 2139 geli,
278 2064 421 2139 proxime
436 2065 584 2138 preteriti,
601 2065 705 2122 clause
722 2064 940 2134 confectarum,
957 2065 1189 2136 continenciam,
1208 2066 1452 2139 circumspectus

185 2172 341 2256 Johannes
353 2169 556 2259 Soldinarich,
569 2171 737 2229 modernus
753 2171 870 2229 scilicet
885 2168 978 2245 judex
1002 2171 1135 2228 civitatis
1151 2171 1265 2228 montis
1278 2170 1449 2232 Grecensis.

187 2279 367 2337 nominibus
397 2284 427 2336 et
458 2279 489 2336 in
520 2278 660 2351 personis
690 2278 920 2335 communitatis
943 2277 1081 2335 eiusdem
1105 2277 1238 2335 civitatis
1261 2278 1451 2350 quinquage-

187 2385 269 2442 simo
291 2400 323 2442 se
347 2385 504 2442 similibus
530 2385 590 2442 sibi
613 2385 735 2442 civibus
758 2384 892 2442 aliarum
927 2384 1088 2441 civitatum
1119 2388 1149 2440 et
1180 2382 1370 2457 oppidorum
1398 2390 1452 2442 aut

184 2490 345 2548 nobilibus
369 2492 519 2563 personis,
542 2491 693 2562 vigesimo
718 2489 766 2548 die
790 2489 860 2548 festi
883 2489 1129 2564 Epiphaniarum
1153 2489 1280 2559 domini,
1304 2489 1448 2562 proxime

185 2597 334 2671 preteriti,
366 2603 472 2654 contra
494 2596 680 2655 honorabile
711 2596 884 2670 capitulum
916 2595 1043 2653 ecclesie
1066 2595 1274 2667 zagrabiensis
1297 2610 1391 2670 super
1413 2609 1451 2654 eo

186 2702 269 2776 quod
293 2704 374 2761 circa
398 2702 511 2761 festum
535 2704 736 2762 sacratissimi
757 2702 898 2775 corporis
921 2700 1038 2759 Christi
1059 2701 1091 2759 in
1114 2715 1194 2759 anno
1217 2700 1355 2759 eiusdem
1379 2701 1450 2759 mil·

184 2810 296 2868 lesimo
321 2809 624 2883 quadringentesimo
648 2810 877 2882 septuagesimo
900 2808 1044 2878 secundo,
1068 2809 1311 2881 circumspectus
1336 2809 1450 2867 Valen-

184 2917 267 2975 tinus
289 2922 362 2974 tunc
384 2915 487 2992 judex,
511 2917 738 2990 prescriptique
761 2917 815 2975 alii
838 2917 922 2974 cives
946 2922 975 2974 et
1000 2916 1222 2973 inhabitatores
1239 2907 1359 2989 prefate
1375 2916 1448 2974 civi·

183 3024 256 3081 tatis
286 3023 431 3091 universi,
462 3023 670 3096 possessiones
693 3022 768 3080 dicti
802 3022 932 3096 capituli
961 3022 1088 3093 agentis,
1112 3022 1306 3094 Kralyowcz,
1331 3021 1447 3093 Czerye

183 3145 255 3188 cum
279 3122 397 3202 tributo
420 3129 537 3187 ibidem
561 3129 643 3200 exigi
666 3129 767 3199 solito,
790 3143 910 3187 necnon
933 3127 1110 3201 Kobylyak,
1134 3127 1271 3200 Zwybye
1294 3132 1324 3186 et
1347 3127 1446 3186 Narth

184 3241 318 3304 vocatas,
341 3235 373 3292 in
395 3236 541 3293 comitatu
558 3235 749 3307 zagrabiensi
773 3235 902 3305 habitas,
926 3234 1022 3291 simul
1045 3234 1250 3297 cumcunctis
1266 3248 1374 3292 earum
1390 3234 1449 3293 uti-

183 3341 324 3399 litatibus
347 3347 375 3399 et
399 3341 598 3413 pertinenciis
621 3341 813 3414 quibuslibet
837 3356 855 3398 a
886 3341 1031 3397 manibus
1058 3340 1156 3413 ipsius
1186 3340 1317 3415 capituli
1347 3341 1449 3399 minus

181 3445 261 3522 juste
285 3453 314 3505 et
337 3447 474 3505 indebite
497 3463 556 3522 pro
580 3464 612 3505 se
636 3449 712 3521 ipsis
735 3464 796 3506 non
819 3452 1030 3520 occupassent,
1054 3451 1282 3520 occupatasque
1306 3462 1361 3521 per
1377 3447 1447 3520 plu·

182 3554 262 3612 rima
286 3560 427 3627 tempora
450 3568 512 3612 non
535 3560 771 3613 conservassent
793 3570 830 3612 ac
853 3553 891 3610 de
915 3553 1031 3611 eisdem
1054 3555 1215 3611 universas
1238 3559 1269 3611 et
1292 3554 1447 3627 quaslibet

182 3660 331 3718 utilitates
355 3666 385 3718 et
407 3660 526 3719 fructus
550 3661 718 3719 earundem
740 3678 802 3719 non
824 3661 1010 3734 recepissent
1041 3656 1182 3732 potencia
1207 3659 1369 3730 mediante,
1393 3659 1448 3717 sed

182 3744 214 3824 in
238 3767 327 3825 totali
350 3768 501 3840 premissa
524 3769 648 3826 accione
671 3772 701 3825 et
723 3767 929 3840 acquisicione
952 3766 1025 3824 dicti
1061 3767 1192 3840 capituli
1212 3766 1338 3838 agentis,
1362 3766 1446 3825 inno·

182 3879 285 3931 centes
308 3873 368 3931 sint
391 3879 421 3931 et
445 3875 576 3931 existant
599 3874 721 3948 penitus
744 3879 774 3931 et
796 3873 953 3931 immunes
978 3874 1009 3930 in
1032 3873 1173 3929 animum
1198 3870 1310 3943 prefati
1333 3871 1447 3930 Valen-

182 3980 239 4037 tini
262 3985 334 4036 tunc
355 3978 468 4057 judicis
490 3977 699 4055 juramentum
724 3978 824 4036 facere
846 3985 875 4036 et
893 3985 1031 4053 prestare
1048 3978 1209 4035 tenebatur
1226 3992 1331 4033 coram
1347 3965 1444 4035 nobis.

184 4082 324 4144 Tandem
349 4087 417 4161 ipso
441 4086 572 4144 termino
596 4085 778 4144 adveniente
803 4085 884 4143 idem
908 4086 1065 4167 Johannes
1084 4079 1277 4141 Soldinarich
1294 4083 1447 4157 prescrip·

182 4198 248 4252 tum
272 4189 482 4267 juramentum
505 4207 576 4250 cum
601 4193 748 4266 pretactis
779 4192 1035 4259 coniuratoribus,
1061 4194 1153 4262 prout
1187 4189 1273 4247 iuxta
1304 4194 1446 4246 contenta

181 4297 336 4357 dictarum
359 4299 534 4356 litterarum
565 4298 696 4372 pretacti
716 4297 834 4356 domini
858 4298 980 4355 comitis
1012 4294 1161 4369 Stephani
1185 4294 1223 4352 de
1247 4293 1362 4352 Bathor
1386 4300 1442 4352 etc.

181 4403 346 4476 debuisset,
370 4406 429 4463 rite
452 4413 482 4462 et
505 4405 656 4478 legittime
673 4403 816 4478 deposuit
832 4418 937 4461 coram
954 4402 1044 4460 nobis
1060 4402 1234 4460 testimonio
1252 4402 1445 4475 presencium

182 4511 346 4569 mediante.
370 4512 486 4569 Datum
510 4512 578 4586 ipso
603 4510 652 4568 die
675 4509 890 4586 juramentalis
922 4509 1128 4582 deposicionis
1152 4513 1322 4580 prenotate.
1355 4509 1445 4565 Anno

182 4615 301 4675 domini
325 4618 494 4676 millesimo
517 4617 824 4690 quadringentesimo
848 4615 1077 4689 septuagesimo
1101 4621 1219 4672 octavo.

287 4804 422 4868 Originale
440 4806 467 4854 in
486 4805 581 4856 charta.
602 4806 629 4853 A
649 4813 722 4868 tergo
740 4805 878 4867 vestigium
897 4804 1014 4869 impressi
1035 4801 1123 4866 sigilli.
1143 4804 1175 4851 In
1193 4803 1308 4852 archivio
1326 4802 1372 4854 lib.
1392 4819 1444 4867 reg.

181 4892 251 4945 civit.
270 4894 371 4958 zagrab.
