3278 5348
510 425 584 488 Dec·
601 435 673 504 317·
691 423 768 505 318,
794 459 833 470 -
859 428 916 485 An·
939 423 1158 506 1478-1479·
1402 448 1464 510 ans

793 638 874 705 31¹1.

304 780 384 829 Anno
408 780 484 843 1478,
505 790 544 845 ις.
565 779 726 845 septembris.
745 779 893 844 Zagrabiae.

264 903 410 963 Statutum
434 906 469 966 de
490 908 646 964 munitione
667 925 755 965 areae
776 903 949 981 capitularis
971 908 1021 965 diu
1044 916 1185 983 nocetque
1207 911 1397 971 custodienda.

304 1052 393 1107 Anno
429 1050 547 1109 domini
583 1050 886 1123 MCCCCLXXVIII,
918 1053 1139 1126 suprascripto,
1175 1052 1252 1112 feria
1288 1056 1395 1128 quinta
1433 1057 1463 1113 in

193 1156 332 1213 crastino
363 1157 559 1216 exaltationis
592 1164 696 1215 sancte
730 1157 838 1228 crucis,
862 1158 893 1215 in
923 1159 1060 1216 sacristia
1084 1161 1237 1228 exteriori,
1262 1160 1380 1219 domini
1404 1177 1463 1236 pro

194 1268 271 1319 tunc
294 1264 480 1336 congregati,
503 1263 695 1323 attendentes
718 1264 945 1322 nonnullorum
969 1264 1100 1323 fratrum
1125 1282 1254 1325 suorum
1278 1283 1372 1341 super
1388 1284 1460 1326 con·

192 1368 407 1427 stitutionibus
437 1368 524 1427 factis
547 1385 607 1427 non
632 1370 896 1440 observacionem,
919 1385 954 1427 ac
976 1370 1115 1442 illorum,
1140 1372 1193 1444 qui
1216 1377 1286 1431 sunt
1308 1373 1459 1446 absentes,

194 1475 252 1548 qui
287 1480 322 1532 ut
351 1476 405 1533 alii
440 1474 478 1532 ad
514 1476 644 1549 plenum
679 1476 859 1549 porcionem
895 1476 1105 1534 canonicalem
1129 1478 1244 1535 habere
1267 1477 1461 1550 contendant,

193 1580 463 1654 quemadmodum
487 1587 516 1639 et
533 1588 698 1654 presentes,
724 1582 777 1655 qui
795 1582 917 1656 pondus
933 1582 994 1640 diei
1010 1589 1039 1640 et
1057 1590 1158 1640 estum
1183 1585 1341 1653 sufferunt,
1359 1591 1461 1643 tamen

192 1686 270 1757 illis,
302 1689 415 1760 quibus
447 1686 562 1746 debent
592 1686 705 1746 officiis
728 1694 758 1745 et
781 1689 928 1746 oneribus
952 1689 1080 1746 minime
1103 1689 1243 1747 insistere
1267 1696 1383 1759 curant,
1407 1695 1460 1747 aut

192 1793 259 1850 suis
282 1792 471 1852 officialibus
494 1793 668 1867 adimplere
684 1795 891 1865 committunt,
916 1800 1045 1868 propter
1068 1811 1136 1868 que,
1160 1810 1222 1852 non
1244 1796 1348 1853 solum
1363 1796 1461 1868 negli-

192 1900 301 1971 gencie
335 1901 366 1957 in
401 1900 539 1971 ecclesia,
573 1900 625 1958 sed
662 1906 692 1958 et
723 1902 754 1959 in
788 1901 927 1959 custodia
952 1901 1144 1971 municionis,
1169 1901 1207 1958 ad
1230 1917 1326 1975 quarn
1349 1917 1457 1960 omnes

193 2004 346 2063 debemus
377 2013 407 2063 et
438 2007 602 2080 presertim
627 2013 769 2081 ternpore
792 2007 924 2065 insultus
948 2006 1131 2078 Tuscorum,
1154 2008 1406 2077 committuntur;
1430 2014 1459 2066 et

190 2126 232 2168 ne
255 2111 329 2168 talia
352 2112 383 2169 in
406 2128 528 2170 cassum
552 2112 661 2170 fierent
684 2117 715 2170 et
738 2111 950 2170 ordinaciones
974 2113 1116 2171 salubres
1140 2112 1177 2171 de
1202 2122 1302 2171 cetero
1336 2121 1459 2172 matura

191 2215 421 2275 deliberacione
453 2224 633 2288 statuerunt,
664 2218 886 2276 ordinaverunt
917 2225 947 2275 et
978 2217 1112 2276 firmiter
1133 2218 1364 2277 observandum
1387 2234 1459 2277 con·

189 2323 358 2394 cluserunt,
382 2331 534 2397 quatenus
558 2325 633 2382 dum
658 2331 688 2382 et
704 2324 829 2397 quando
853 2323 997 2382 officialis
1021 2341 1115 2398 super
1138 2326 1252 2382 talibus
1275 2326 1458 2382 constitutus

189 2429 284 2488 alicui
312 2429 511 2488 dominorum
533 2425 709 2489 custodiam
739 2436 923 2489 nocturnam
956 2432 1006 2488 vel
1031 2430 1175 2489 diurnam
1199 2432 1284 2488 iuxta
1306 2430 1458 2488 ordinaci-

191 2550 285 2593 onem
313 2535 512 2594 dominorum
545 2535 659 2594 factam
691 2536 845 2607 indixerit,
876 2537 961 2594 omni
984 2537 1049 2595 sine
1072 2537 1263 2610 negligencia
1286 2543 1316 2594 et
1339 2543 1470 2618 contra·-

189 2641 324 2699 dictione
348 2642 476 2700 eandem
504 2642 678 2716 adimplere
695 2643 866 2713 tenebitur;
889 2643 942 2714 qui
966 2650 1068 2700 autern
1093 2644 1152 2700 hoc
1174 2643 1240 2701 sive
1264 2643 1452 2716 negligenter

188 2749 256 2807 sive
279 2748 532 2822 aliquovismodo
555 2749 729 2823 adimplere
751 2765 812 2807 non
836 2751 999 2822 curaverit,
1025 2765 1083 2822 pro
1107 2751 1209 2822 primo
1232 2750 1378 2824 puniatur
1400 2748 1458 2806 flo-

175 2870 265 2938 reno
288 2870 358 2925 uno,
375 2870 433 2929 pro
448 2854 582 2913 secundo
599 2862 701 2913 autern
719 2855 865 2929 porcione
882 2856 1051 2913 canonicali
1073 2855 1159 2914 illius
1182 2856 1262 2925 anni,
1286 2870 1345 2929 pro
1361 2856 1457 2913 tercio

188 2968 302 3032 autem,
326 2961 410 3035 quod
443 2962 533 3032 absit,
563 2962 589 3020 si
619 2962 779 3034 negligens
803 2960 896 3018 luerit
919 2967 972 3017 aut
995 2961 1131 3019 incurius
1155 2960 1264 3035 predio
1287 2961 1456 3018 canonicali

188 3068 254 3127 sine
277 3069 363 3126 omni
385 3068 488 3140 gracia
523 3068 705 3141 privabitur.
729 3066 878 3140 Quisquis
909 3072 1012 3123 autern
1038 3081 1096 3140 pro
1120 3081 1156 3124 eo
1180 3067 1267 3141 loqui
1289 3066 1340 3123 vel
1364 3067 1454 3123 inter·

188 3173 299 3232 cedere
330 3188 422 3231 ausus
445 3173 546 3244 tuerit,
578 3188 689 3247 penam
726 3189 759 3230 se
790 3173 918 3246 periurii
948 3172 1062 3230 senciat
1087 3173 1251 3229 incurrisse
1273 3172 1342 3245 ipso
1366 3169 1456 3242 facto,

187 3280 227 3337 ad
260 3295 355 3354 quarn
386 3279 504 3337 domini
535 3280 643 3337 vicarii
674 3278 827 3336 auxilium
848 3279 920 3337 licet
950 3285 1063 3336 extunc
1087 3278 1265 3351 implorare,
1290 3291 1384 3349 quarn
1409 3277 1454 3333 in·

189 3386 323 3444 currisse
345 3385 476 3443 eundern
502 3385 680 3443 declarabit.

300 3521 379 3570 Liber
397 3521 493 3570 rubeus
511 3537 567 3570 ven.
588 3520 695 3586 capituli
714 3520 776 3572 eccl.
803 3521 985 3585 zagrabiensis.
1004 3522 1036 3568 In
1055 3519 1149 3569 archiv.
1178 3516 1240 3567 incl.
1261 3517 1345 3570 Acad.
1371 3517 1449 3568 scien.

187 3609 257 3660 Slav.
277 3611 367 3662 merid.

782 3821 864 3887 318.

292 3968 373 4017 Anno
393 3978 468 4031 1479,
489 3976 530 4031 25.
547 3965 629 4030 Junii.
649 3965 681 4013 In
699 3963 811 4016 Tbatha.

184 4095 330 4165 Mathias,
353 4094 530 4167 Hungariac
552 4100 601 4153 etc.
625 4111 688 4161 rex,
711 4092 836 4166 capitulo
865 4090 982 4163 zagrab.
1001 4091 1151 4164 praecipit,
1176 4098 1209 4147 ut
1227 4090 1331 4146 turrim
1356 4106 1449 4160 suam,

216 4221 291 4277 quac
312 4203 481 4259 nominatur
503 4201 625 4275 „Popov
647 4199 762 4267 turen“,
785 4200 816 4254 in
839 4198 1037 4255 communitate
1059 4197 1183 4253 ciuitatis
1203 4198 1289 4254 sitam
1310 4195 1429 4270 reficiat

892 4336 1046 4386 Commissio
1066 4336 1169 4400 propria
1188 4335 1285 4385 domini
1304 4335 1380 4398 regis.

292 4453 422 4512 Mathias
446 4451 497 4511 dei
519 4451 622 4525 gracia
645 4465 701 4508 rex
724 4448 893 4521 Hungarie,
917 4447 1064 4504 Bohemie
1087 4452 1142 4504 etc.
1162 4445 1323 4504 Fidelibus
1338 4445 1452 4503 nostris

182 4559 420 4618 honorabilibus
443 4558 581 4631 capitulo
605 4556 733 4614 ecclesie
756 4553 965 4627 zagrabiensis
988 4552 1123 4610 salutem
1147 4557 1177 4610 et
1200 4552 1346 4624 graciam.
1372 4549 1450 4608 Gra·

183 4665 265 4723 viter
295 4671 325 4724 et
356 4664 527 4723 admodum
563 4662 764 4737 displicenter
796 4660 980 4734 accepimus,
1013 4658 1096 4732 quod
1128 4672 1185 4716 vos
1216 4656 1328 4716 turrim
1351 4656 1450 4728 illam,

184 4786 279 4847 quam
304 4772 336 4829 in
365 4773 490 4830 civitate
521 4776 625 4828 nostra
648 4769 762 4826 montis
785 4766 948 4826 Grecensis
972 4766 1092 4823 habetis
1117 4765 1238 4840 penitus
1261 4761 1397 4820 desolari
1419 4765 1450 4819 et

183 4892 330 4952 magnam
360 4878 482 4936 ruinam
517 4877 582 4951 pati
614 4875 802 4951 permittitis,
822 4879 852 4931 et
874 4873 996 4930 nullam
1021 4872 1052 4929 in
1074 4886 1111 4929 ea
1134 4869 1306 4928 custodiam
1340 4866 1449 4939 tacitis,
