3278 5348
185 375 248 450 4¹⁶
591 367 667 425 Dor.
696 359 763 434 326.
787 395 831 406 -
855 361 902 420 An
938 355 1026 437 1481.

185 474 467 485 ,-,-..---..--
479 473 511 479 ...-
763 468 845 474 ··—·
869 467 1011 473 ³——

186 587 291 656 ceseis,
315 584 538 658 quinquaginta
561 581 630 639 ovis
654 578 698 637 nil
722 579 870 635 solvatur.
904 575 981 633 Item
1012 574 1051 633 de
1083 574 1182 649 pullis
1205 581 1238 634 et
1260 577 1346 634 aucis
1376 576 1445 635 infra

185 693 325 751 valorem
356 690 463 748 decem
495 686 704 754 denariorum,
734 683 780 742 nil
811 683 962 752 solvatur,
992 688 1022 740 et
1051 683 1077 740 si
1108 681 1227 740 fuerint
1250 681 1291 739 ad
1316 682 1446 740 valorem

185 797 291 855 decem
317 794 525 864 denariorum,
548 791 694 850 denarius
724 788 855 847 medius.
888 789 965 847 Item
989 786 1028 846 de
1059 787 1164 861 pedite
1187 787 1373 862 ponderato,
1404 789 1448 846 de·

185 904 290 962 narius
313 918 399 959 unus.
423 901 501 958 Item
525 898 563 956 de
586 896 690 972 pedite
715 911 822 967 vacuo,
848 895 992 953 denarius
1024 893 1154 952 medius.
1178 895 1258 952 ltem
1284 893 1325 951 de
1348 895 1448 968 viginti

187 1009 297 1083 capris,
322 1007 467 1064 denarius
490 1020 577 1063 unus.
602 1004 678 1061 ltem
704 1002 743 1060 de
767 1003 876 1075 viginti
910 1002 1057 1075 porcellis
1090 1017 1142 1058 seu
1167 1001 1289 1060 suellis.
1314 1001 1450 1059 denarius

188 1129 274 1170 unus.
299 1113 377 1170 Item
403 1111 441 1169 de
466 1111 589 1169 duobus
613 1110 696 1166 vasis
719 1109 825 1166 vacuis
847 1107 1021 1178 venalibus,
1045 1106 1189 1164 denarius
1211 1122 1300 1165 unus.
1325 1108 1402 1164 ltem
1418 1107 1450 1164 de

185 1220 285 1277 tribus
309 1218 417 1288 doleis,
441 1217 584 1274 denarius
608 1231 694 1273 unus.
719 1215 795 1272 Item
813 1214 852 1272 de
875 1214 979 1271 mattis
1002 1211 1129 1271 fiscellis
1146 1213 1262 1270 zachor
1278 1212 1317 1270 ad
1336 1212 1449 1286 pondus

187 1326 368 1393 humanum,
392 1323 537 1380 denarius
560 1338 647 1380 unus.
673 1323 749 1379 ltem
768 1320 806 1379 de
822 1322 920 1378 ocreis
943 1327 972 1378 et
988 1320 1058 1377 aliis
1073 1319 1186 1377 calceis
1201 1335 1304 1392 usque
1321 1321 1450 1393 quinque

186 1431 273 1504 paria
298 1445 458 1487 ocrearum
482 1437 512 1485 et
536 1427 643 1485 decern
668 1427 754 1501 paria
778 1427 963 1496 calceorum,
994 1425 1139 1483 denarius
1171 1424 1314 1496 medius;
1339 1426 1378 1484 de
1400 1428 1449 1484 rni-

186 1538 254 1594 nori
286 1550 361 1592 vero
392 1548 523 1592 numero
554 1534 597 1591 nil
629 1535 777 1591 solvatur.
811 1535 889 1590 Item
920 1533 959 1589 de
982 1532 1105 1590 duobus
1138 1531 1264 1588 cutibus
1288 1531 1448 1604 dispositis

186 1642 330 1699 denarius
354 1657 440 1698 unus.
465 1641 542 1698 ltem
576 1639 614 1697 de
645 1646 780 1713 quatuor
810 1639 934 1697 cutibus
965 1637 1164 1711 indispositis,
1197 1636 1347 1696 denarius
1370 1654 1449 1696 unus.

187 1748 264 1805 ltem
287 1746 324 1803 de
349 1762 440 1803 curru
465 1760 555 1817 novo,
581 1745 725 1804 denarius
749 1762 835 1803 unus.
863 1746 939 1802 ltem
964 1744 1002 1802 de
1033 1743 1155 1802 duabus
1179 1744 1257 1801 rotis
1281 1746 1381 1813 novis,
1405 1744 1449 1801 de

186 1854 290 1911 narius
314 1852 442 1910 medius.
467 1854 543 1910 ltenr
569 1852 607 1910 de
631 1853 702 1911 tinis
726 1858 755 1911 et
779 1852 873 1910 idreis
896 1857 1182 1925 quantumcumque
1208 1851 1241 1908 in
1266 1850 1361 1908 dorso
1385 1866 1449 1923 por·

187 1965 252 2015 tare
277 1959 398 2031 poterit,
420 1958 564 2016 denarius
582 1958 710 2016 medius.
735 1959 810 2015 Item
829 1957 867 2014 de
884 1956 1073 2027 vomeribus,
1090 1957 1262 2028 securibus,
1287 1957 1449 2028 ligonibus,

185 2065 275 2137 palis,
307 2065 473 2135 terebellis,
507 2064 648 2135 falcibus,
671 2063 758 2139 juxta
791 2063 929 2138 pondus,
965 2063 1109 2121 denarius
1140 2062 1272 2121 medius.
1307 2064 1385 2121 ltem
1417 2063 1450 2120 de

187 2169 339 2229 fructibus
362 2172 572 2244 cuiuscunque
597 2171 725 2243 generis,
752 2171 859 2243 porcio
881 2169 1021 2226 modesta
1044 2169 1220 2242 recipiatur.
1247 2170 1326 2226 ltem
1358 2170 1450 2227 carni·

186 2275 259 2333 sices
283 2277 308 2333 si
333 2276 451 2333 ibidem
475 2277 609 2334 vendere
633 2279 766 2351 poterint
803 2292 911 2334 carnes
933 2282 963 2334 et
995 2281 1105 2340 cutem.
1138 2275 1285 2334 denarius
1310 2292 1398 2345 unus,
1427 2277 1450 2333 si

187 2388 290 2439 autern
315 2383 449 2441 vendere
472 2400 533 2441 non
559 2386 701 2458 poterint,
734 2383 877 2441 denarius
905 2382 1032 2440 medius.
1063 2383 1141 2439 ltem
1166 2382 1205 2439 de
1227 2384 1372 2457 capriolo
1402 2383 1449 2440 vel

190 2489 314 2560 agnello
336 2504 399 2546 uno
422 2490 473 2546 vel
498 2490 629 2559 duobus,
654 2489 691 2545 de
723 2491 860 2563 quinque
884 2489 989 2563 pullis,
1020 2488 1122 2546 suello
1145 2504 1215 2559 uno,
1241 2491 1293 2546 vel
1322 2489 1449 2552 duobus.

191 2594 295 2667 lapide
319 2596 393 2651 salis
417 2611 478 2651 uno
502 2605 531 2652 et
564 2596 669 2668 lepore
699 2610 768 2665 un0,
797 2595 948 2652 tributum
972 2609 1031 2652 non
1063 2595 1239 2668 recipiatur,
1265 2595 1308 2652 ita
1334 2602 1449 2653 tamen:

192 2699 275 2773 quod
301 2701 325 2756 si
351 2700 462 2757 horum
488 2701 592 2774 aliqua
624 2701 717 2758 vendi
752 2717 812 2758 non
843 2702 978 2774 poterint
1009 2699 1142 2757 denariis
1173 2700 1351 2772 duodecim,
1377 2708 1406 2759 et
1426 2701 1449 2757 si

188 2805 368 2876 vendentur,
393 2809 562 2879 recipiatur
595 2808 716 2865 medius
748 2808 898 2865 denarius.
930 2807 1006 2865 ltem
1037 2813 1194 2880 emptores
1227 2808 1342 2865 salium
1373 2806 1447 2866 inira

187 2913 351 2970 duodecim
377 2912 528 2983 denarios,
552 2930 612 2970 non
637 2920 797 2972 teneantur
821 2915 943 2972 solvere
976 2915 1137 2971 tributum.
1173 2915 1251 2970 ltem
1277 2914 1449 2973 venditores

186 3019 245 3075 olei
271 3019 360 3075 unius
384 3019 501 3091 lagene,
526 3020 687 3077 denarium
711 3037 814 3077 unum.
850 3021 925 3077 Item
959 3020 997 3078 de
1020 3021 1164 3090 arcubus,
1195 3019 1360 3078 denarium
1391 3036 1449 3077 me·

187 3125 281 3182 diurn.
308 3125 382 3181 ltem
408 3125 445 3181 de
469 3125 592 3196 gladiis,
618 3126 778 3183 denarium
803 3126 950 3183 medium.
975 3127 1051 3183 ltem
1075 3126 1113 3183 de
1137 3127 1267 3197 sagittis,
1292 3126 1448 3184 denarium

189 3232 336 3287 medium.
362 3232 436 3287 ltem
463 3231 500 3287 de
524 3232 650 3305 clypeis,
687 3233 848 3290 denarium
882 3233 1026 3290 medium.
1059 3233 1136 3289 ltem
1161 3232 1199 3289 de
1223 3247 1286 3288 uno
1311 3232 1449 3290 vehiculo

189 3345 315 3394 onerato
340 3345 472 3409 quatuor
497 3339 547 3393 vel
571 3355 624 3395 sex
653 3340 840 3396 animalibus
874 3340 1031 3410 trahendo,
1056 3339 1173 3396 denarii
1205 3347 1348 3413 quatuor.
1376 3340 1448 3397 Item

186 3444 224 3500 de
249 3444 393 3501 vehiculo
428 3460 524 3517 parvo
558 3444 679 3501 duobus
712 3447 900 3503 animalibus
934 3445 1093 3514 trahendo,
1126 3444 1244 3503 denarii
1269 3444 1340 3503 duo.
1376 3446 1447 3503 Item

186 3549 224 3606 de
249 3549 394 3605 vehiculo
425 3566 480 3621 per
513 3567 607 3607 unum
640 3552 797 3608 hominem
830 3553 989 3623 trahendo,
1021 3552 1164 3609 denarius
1187 3567 1275 3609 unus.
1304 3552 1381 3609 Item
1405 3567 1448 3608 ar·

187 3654 286 3710 tifices
310 3654 434 3710 solvant
458 3657 534 3712 sicut
560 3656 613 3714 alii
639 3657 764 3728 pedites.
790 3659 865 3716 ltem
898 3660 936 3715 de
960 3659 1102 3716 curribus
1126 3658 1326 3730 nupcialibus
1349 3659 1445 3716 etho

186 3759 322 3815 minibus
347 3760 441 3816 nichil
468 3763 617 3833 exigatur.
653 3765 729 3819 ltem
761 3765 799 3820 de
829 3765 930 3822 bladis
962 3765 1115 3821 nobilium
1148 3772 1177 3820 et
1200 3764 1389 3836 ignobilium
1412 3762 1447 3820 ad

186 3865 364 3921 molendina
398 3865 585 3924 deducendis
620 3877 649 3925 et
685 3870 885 3942 deportandis
917 3872 959 3926 nil
996 3871 1144 3940 exigatur.
1181 3871 1258 3927 ltem
1292 3885 1311 3926 a
1341 3869 1447 3927 deduc-

185 3970 304 4025 toribus
338 3968 539 4042 jobagionum
571 3976 614 4030 nil
647 3977 803 4046 exignum
837 3978 866 4032 in
898 3977 986 4033 vadis
1017 3984 1122 4032 autern
1147 3975 1364 4047 quorumlibet
1396 3975 1447 4033 llu-

184 4075 307 4130 viorum
333 4073 439 4128 eadem
468 4076 643 4136 moderacio
667 4091 695 4138 et
730 4084 848 4139 solucio
874 4082 1065 4138 observetur.
1097 4082 1173 4138 Item
1199 4081 1237 4138 de
1262 4083 1374 4156 porcis,
1398 4082 1448 4155 qui

176 4163 384 4249 'depelluntur
409 4178 445 4232 ad
471 4180 567 4235 silvas
592 4186 792 4253 glandinosas
815 4187 852 4245 ad
872 4187 1121 4261 impiguandum‚
1146 4187 1333 4246 decentum
1350 4188 1448 4263 porcis

184 4281 301 4337 denarii
333 4297 394 4345 sex.
427 4282 465 4336 de
498 4286 721 4362 quinquaginta
753 4293 869 4350 denarii
904 4303 965 4350 tres
1001 4302 1030 4350 et
1062 4292 1141 4350 infra
1165 4293 1276 4365 viginti
1309 4294 1448 4352 denarius

183 4403 268 4443 unus.
294 4386 369 4442 Item
402 4387 439 4443 de
471 4392 564 4447 rebus
598 4398 751 4455 nobilium
786 4400 824 4457 de
856 4416 916 4457 una
948 4401 1141 4472 possessione
1164 4399 1202 4456 ad
1228 4400 1325 4458 aliam
1357 4399 1448 4457 dedu·

183 4492 289 4550 cendis
313 4499 344 4548 et
368 4493 574 4567 deportandis,
600 4517 635 4557 ac
659 4505 755 4560 eciam
782 4522 839 4578 pro
871 4507 1097 4564 sustentacione
1120 4505 1285 4563 demotum
1309 4506 1446 4579 ipsorum

182 4600 370 4672 comparatis
395 4601 488 4658 nichil
514 4606 663 4678 exigatur.
688 4610 733 4667 Ne
759 4611 852 4683 igitur
879 4620 1056 4686 temporum
1082 4613 1113 4670 in
1136 4627 1283 4686 processu
1308 4613 1339 4671 in
1363 4627 1448 4671 exac-

182 4707 273 4765 cione
297 4715 326 4764 et
348 4709 506 4766 solucione
530 4711 670 4783 ipsorum
689 4718 879 4774 tributorum
905 4731 934 4775 et
951 4720 1146 4792 navigiorum
1165 4719 1244 4777 inter
1260 4719 1449 4788 tributarios,

180 4821 292 4892 nautas
329 4830 365 4871 ac
399 4825 586 4875 mercatores
621 4827 650 4878 et
686 4831 845 4895 questores
878 4825 1052 4883 dill'erencie
1083 4826 1230 4895 oriantur,
1262 4825 1334 4884 ideo
1364 4823 1449 4902 juxta
