3278 5348
610 436 685 497 Doc.
703 449 781 511 309.
805 469 847 478 -·
870 436 926 493 Aa.
952 431 1042 516 1478.

294 769 374 818 Auno
397 768 471 832 1478,
492 779 515 820 2.
532 769 651 833 januarii.
671 768 811 832 Zagrabine

184 877 345 935 Libertatis
360 878 551 955 priuilegium
580 879 662 935 novis
692 877 847 950 hospitibus
871 896 902 934 m
924 896 995 934 arco
1018 878 1178 950 capitulari
1198 878 1408 953 congregandis
1434 897 1454 935 a

600 966 726 1039 capitulo
747 965 857 1040 zagrab
889 966 1036 1028 tribuatur.

292 1093 474 1168 Capitulum
495 1093 624 1152 ecclesie
647 1093 861 1166 zagrabiensis.
893 1092 1046 1151 Omnibus
1069 1092 1186 1151 Christi
1208 1092 1355 1151 fidelibus
1379 1109 1449 1168 pre·

184 1200 327 1258 sericium
359 1199 506 1258 noticiam
536 1199 699 1270 habituris,
731 1199 864 1257 salutem
895 1199 927 1256 in
950 1198 1075 1256 domino
1106 1200 1337 1273 sempiternam.
1360 1197 1393 1257 Si
1416 1205 1450 1258 ut

184 1310 276 1364 vetus
299 1305 357 1363 illa
379 1320 415 1362 ac
439 1305 566 1377 vulgata
589 1304 689 1362 innuit
704 1305 878 1376 auctoritas,
902 1304 978 1362 felix
1001 1310 1030 1362 et
1053 1305 1190 1376 gloriosa
1222 1311 1268 1362 est
1292 1305 1346 1363 illa
1370 1305 1446 1363 0111-

183 1415 242 1483 tas,
266 1425 328 1484 que
351 1415 492 1484 tempore
515 1409 600 1484 pacis
623 1410 712 1468 timet
735 1409 829 1481 bella,
853 1409 953 1468 multo
977 1410 1116 1484 profecto
1139 1411 1261 1468 felicior
1283 1426 1319 1468 ac
1343 1411 1449 1469 trium·

124 1563 129 1569 .
183 1517 273 1591 phali
296 1516 389 1574 laude
411 1514 578 1588 gloriosior
605 1516 662 1574 illa
678 1517 860 1588 censebitur,
878 1532 938 1590 que
960 1530 1036 1589 pace
1052 1517 1181 1588 abiecta,
1204 1517 1306 1589 quiete
1322 1516 1452 1590 depulsa

184 1628 215 1680 et
246 1623 458 1696 tranquilitate
486 1623 625 1695 relegata
655 1622 734 1681 inter
764 1622 859 1680 duros
890 1622 1028 1680 hostium
1059 1637 1171 1680 cuneos
1203 1628 1233 1680 et
1266 1622 1452 1681 fortissimas

187 1729 377 1787 bellatorum
406 1729 487 1787 acies
517 1729 666 1803 exposita,
706 1729 819 1787 victrix
849 1733 879 1787 et
911 1729 998 1785 salva
1029 1729 1243 1802 permanserit.
1264 1729 1301 1786 Et
1325 1728 1449 1803 quidem

185 1835 325 1908 primum
348 1834 461 1892 horum
485 1834 558 1893 licet
574 1834 696 1907 ingenio
712 1833 858 1907 consequi
875 1834 980 1907 possit,
1003 1835 1137 1892 alterum
1154 1842 1256 1892 tamen
1280 1850 1341 1892 non
1357 1833 1452 1892 modo

184 1941 320 2013 ingenio,
355 1956 466 1999 verum
498 1941 596 1999 eciam
627 1946 662 1998 ut
691 1940 811 1998 viribus
842 1940 1120 2013 adipiscatur-erit
1148 1956 1278 1999 necesse.
1310 1939 1451 1999 Profecto

183 2062 249 2120 nos,
279 2048 312 2105 in
342 2060 420 2121 quos
451 2047 536 2106 iuxta
566 2060 675 2106 vocem
707 2048 913 2121 apostolicam
944 2047 1021 2105 fines
1053 2047 1230 2105 seculorum
1254 2045 1451 2118 devenerunt,

158 2169 262 2228 -pace
292 2159 323 2212 et
356 2154 568 2228 tranquilitate
598 2154 721 2228 penitus
752 2154 862 2225 orbati,
893 2154 947 2212 sed
978 2153 1043 2212 fere
1075 2155 1115 2212 ab
1147 2169 1184 2212 eo
1205 2159 1354 2225 tempore,
1386 2167 1449 2226 quo

185 2261 243 2318 illa
266 2260 373 2318 inclita
395 2266 426 2319 et
456 2259 716 2318 excellentissima
746 2259 919 2334 imperialis
950 2259 1025 2318 urbs
1056 2257 1398 2332 Constantinopolitano
1421 2263 1451 2316 et

185 2365 297 2424 deinde
319 2371 420 2424 cetere
444 2365 554 2425 Grecie
584 2382 620 2424 ac
644 2366 705 2424 alie
732 2366 972 2424 christianorum
1003 2371 1084 2423 terre
1113 2370 1144 2423 et
1173 2365 1267 2422 urbes
1298 2379 1355 2438 per
1386 2363 1451 2422 nel·

184 2470 386 2530 fandissimos
408 2471 557 2544 Thurcos,
582 2472 683 2529 crucis
706 2471 822 2530 Christi
846 2472 964 2530 domini
986 2472 1083 2529 nostri
1107 2471 1248 2529 inimicos
1279 2477 1309 2527 et
1339 2470 1447 2527 imma·

183 2578 331 2637 nissimas
361 2577 494 2650 belluas,
525 2578 660 2649 subacte,
683 2582 833 2650 occupate
863 2585 893 2635 et
915 2577 1017 2635 dirute
1038 2583 1125 2646 sunt;
1150 2576 1293 2634 inclitum
1326 2589 1450 2649 quoque
1503 2583 1507 2589 ’

184 2700 315 2757 regnum
338 2690 482 2742 nostrum
506 2699 577 2741 cum
600 2684 746 2741 omnibus
762 2683 991 2741 circumvicinis
1015 2683 1115 2754 terris,
1137 2682 1240 2754 regnis
1263 2696 1299 2739 ac
1321 2682 1449 2756 provin·

185 2792 240 2849 ciis
271 2789 505 2862 gloriosissimis
535 2789 686 2849 continuis
717 2789 899 2847 eorumdem
931 2790 1100 2847 bestiarum
1132 2788 1254 2846 bellicis
1275 2788 1450 2847 incursibus

184 2912 264 2971 pene
289 2896 430 2955 attritum
447 2901 478 2954 et
497 2911 710 2970 compressum
735 2903 781 2953 est
804 2896 891 2967 adeo,
914 2903 948 2953 ut
971 2896 1032 2954 iam
1057 2895 1169 2954 maiori
1192 2895 1223 2952 in
1246 2901 1334 2968 parte
1357 2895 1450 2953 vasti·

182 3004 239 3061 tati
261 3008 291 3060 et
314 3002 503 3060 desolacioni
526 3003 702 3076 subactum,
729 3001 823 3059 finale
840 3001 995 3060 excidium
1011 3002 1206 3075 prestoletur.
1231 3000 1294 3058 Nos
1318 3000 1447 3074 inquam

181 3125 259 3184 pace
282 3109 388 3179 oblita,
412 3108 640 3182 tranquillitate
663 3124 680 3166 e
703 3108 855 3166 memoria
878 3109 976 3181 lapsa,
1001 3108 1097 3165 vitam
1121 3108 1201 3165 hanc
1225 3106 1371 3164 miseram
1395 3106 1449 3164 vix

181 3216 369 3290 respirantes
401 3214 559 3288 degemus,
591 3215 697 3273 felices
728 3230 764 3272 ac
796 3216 902 3273 beatos
935 3214 1007 3272 iilos
1042 3215 1236 3284 arbitrantes,
1271 3212 1326 3286 qui
1359 3216 1448 3270 antea

181 3328 318 3381 mortem
339 3321 490 3379 obierunt.
514 3322 577 3379 Nos
600 3338 707 3380 rursus
723 3322 852 3395 inquam
875 3321 931 3378 hos
947 3321 1027 3378 inter
1043 3319 1161 3378 medios
1177 3318 1446 3394 nephandissimos

182 3429 325 3488 inimicos
357 3435 388 3485 et
410 3426 484 3485 fidei
507 3433 610 3485 nostre
633 3427 761 3485 rabidos
784 3428 887 3485 hostes
918 3427 1051 3501 expositi
1081 3441 1117 3483 ac
1140 3441 1248 3483 eorum
1272 3424 1448 3483 fortissimis

182 3536 308 3595 aciebus
331 3535 474 3609 oppressi
497 3535 647 3607 cogimur,
671 3535 806 3593 velimus
828 3534 972 3604 nolimus,
1006 3548 1198 3606 quamquam
1221 3531 1365 3605 religioni
1390 3544 1444 3588 no·

181 3649 245 3701 stre
258 3643 386 3700 minime
409 3648 600 3716 congrueret,
617 3657 679 3699 non
695 3642 789 3700 modo
806 3641 972 3714 ingenium,
990 3656 1100 3698 verum
1123 3641 1230 3712 eciam,
1246 3642 1341 3712 prout
1356 3636 1447 3694 nobis

182 3749 333 3823 possibile
357 3755 411 3822 est,
436 3748 517 3808 vires
540 3748 697 3820 adhibere,
729 3748 843 3821 quibus
868 3747 1075 3805 mediantibus
1099 3747 1239 3803 hostibus
1262 3742 1447 3801 etinimicis

181 3853 343 3912 antedictis
366 3855 508 3913 resistere
531 3860 561 3912 et
592 3858 767 3928 presentem
791 3861 930 3911 nostram
954 3853 1111 3910 civitatem
1143 3866 1196 3907 seu
1229 3849 1446 3920 municionem,

182 3961 270 4018 cuius
293 3961 355 4018 iam
380 3960 486 4018 divina
510 3959 632 4019 favente
662 3960 830 4018 clemencia
860 3976 899 4018 ex
929 3959 1051 4017 indulto
1084 3957 1272 4013 serenissimi
1296 3954 1447 4028 principis

182 4072 213 4124 et
236 4065 363 4137 domini,
395 4065 514 4123 domini
545 4065 668 4137 Matbie,
700 4065 749 4124 dei
781 4066 885 4138 gracia
916 4065 997 4137 regis
1020 4062 1186 4146 ilungarie,
1219 4060 1365 4118 Bohemie
1389 4064 1445 4117 etc.

182 4171 302 4230 domini
323 4172 420 4231 nostri
451 4172 602 4230 naturalis
636 4178 665 4229 et
698 4172 927 4244 gratiosissimi,
960 4185 1076 4227 necnon
1100 4168 1198 4226 eciam
1223 4167 1260 4225 de
1285 4166 1445 4223 volontate

182 4286 212 4336 et
237 4278 439 4353 permissione
470 4278 634 4336 reverendi
664 4278 695 4336 in
724 4278 848 4336 Christo
878 4278 973 4349 patris
1005 4275 1123 4333 domini
1155 4273 1285 4332 Osualdi
1308 4270 1448 4346 episcopi

182 4390 213 4442 et
235 4382 349 4458 prelati
370 4385 468 4442 nostri
492 4385 573 4442 bona
597 4383 798 4442 fundamenta
819 4381 898 4458 jacta
922 4389 951 4441 et
975 4397 1034 4456 pro
1058 4381 1167 4438 maiori
1192 4387 1280 4455 parte
1303 4392 1447 4437 consum·

181 4496 266 4548 mata
289 4490 432 4562 existunt,
455 4490 495 4547 ab
518 4505 635 4553 eorum,
650 4491 825 4549 incursibus
850 4496 949 4549 tutare
972 4496 1001 4546 et
1025 4487 1184 4546 defensare
1207 4487 1370 4561 possimus.
1388 4483 1446 4543 His

182 4595 277 4669 igitur
313 4601 342 4653 et
375 4596 591 4655 huiuscemodi
624 4597 815 4671 respectibus
847 4595 989 4670 permoti,
1020 4595 1137 4652 talibus
1168 4593 1301 4666 denique
1331 4585 1447 4650 aculeis

181 4702 290 4776 puncti
312 4708 342 4759 et
366 4702 492 4774 incitati,
515 4701 711 4761 advertentes
734 4703 954 4760 nichilominus
977 4701 1095 4758 dictum
1112 4700 1192 4758 illud
1216 4699 1381 4772 sapientis:
1404 4710 1443 4754 ve

182 4807 251 4878 soli,
267 4807 340 4881 quia
356 4824 429 4866 cum
444 4808 596 4880 ceciderit,
617 4824 679 4867 non
702 4808 830 4867 habebit
852 4809 1086 4875 sublevantem;
1110 4806 1303 4864 considerata
1327 4804 1445 4876 magni-

182 4911 289 4973 tudine
310 4919 341 4972 et
370 4915 579 4989 amplitudine
610 4913 749 4972 eiusdem
781 4914 914 4972 civitatis
944 4912 1010 4970 sive
1043 4912 1226 4970 municionis
1256 4916 1374 4980 nostre,
1405 4907 1445 4966 ad

1347 5029 1383 5085 25
