3256 5346
494 139 816 218 Doc.126.127.-
843 143 899 204 An.
923 155 1014 220 1439.

708 353 789 420 126.

223 500 304 549 Auno
326 510 400 561 1439,
421 510 462 561 27.
480 497 563 562 Junii.
583 495 731 560 Zagrabioe.

111 611 278 690 sollennes,
306 607 421 667 cisterc.
444 607 675 681 augrubiensr'um
698 606 796 672 obbas,
818 607 1016 665 communitati
1035 606 1163 665 coitate
1185 607 1291 665 montes
1312 605 1385 666 Gre-

332 715 424 776 censr's
446 716 596 789 exemplar
616 714 779 788 diplomatis
802 712 986 788 Sigismundi
1005 715 1083 787 regis
1105 713 1168 771 edit.

223 859 287 917 Nos
311 858 408 918 irater
431 859 588 941 Johannes
612 859 711 915 abbas
733 859 913 917 monasterii
936 858 1026 916 beate
1057 858 1154 916 llarie
1185 857 1318 930 virginis
1349 857 1388 914 de

117 965 277 1038 Zagrabia,
300 964 417 1022 ordinis
441 964 574 1023 fratrum
597 963 867 1036 Cycterciensium.
891 962 1109 1037 significamus
1132 969 1239 1021 tenore
1263 979 1387 1037 presen-

117 1073 201 1130 cium
232 1072 347 1144 quibus
370 1071 497 1146 expedit
519 1072 679 1128 universis.
704 1070 795 1143 Quod
818 1070 869 1128 vir
889 1069 1040 1144 providus
1063 1076 1093 1127 et
1124 1070 1271 1127 honestus
1305 1069 1388 1128 Bric-

116 1178 190 1248 cius,
214 1176 299 1235 filius
322 1176 486 1249 Benedicti,
511 1176 635 1249 pridem
651 1175 753 1246 iudex,
770 1177 909 1249 civisque
933 1177 1068 1234 civitatis
1084 1175 1199 1233 montis
1222 1173 1389 1234 Grecensis

117 1283 156 1342 de
177 1285 263 1342 iuxta
285 1283 479 1357 Zagrabiam‚
503 1299 561 1356 pro
585 1299 617 1340 se
639 1288 668 1341 et
691 1298 750 1356 pro
772 1281 874 1358 judice
897 1298 933 1340 ac
955 1280 1074 1358 juratis,
1090 1297 1207 1341 necnon
1230 1282 1387 1340 universis

118 1390 241 1448 civibus
263 1405 298 1448 ac
321 1404 380 1464 pro
401 1394 465 1447 tota
490 1390 711 1447 communitate
734 1390 850 1446 civium
875 1387 1013 1446 eiusdem
1030 1389 1164 1447 civitatis
1179 1388 1220 1445 ad
1242 1395 1386 1446 nostram

116 1497 310 1569 presenciam
331 1495 466 1566 veniens,
490 1495 631 1552 exhibuit
653 1495 743 1552 nobis
767 1494 920 1567 quasdam
943 1493 1063 1552 litteras
1086 1499 1228 1568 patentes
1252 1494 1387 1553 condam

117 1601 370 1659 excellentissimi
393 1601 542 1674 principis
565 1600 684 1657 domini
707 1599 907 1671 sigismundi,
937 1600 987 1658 dei
1010 1600 1113 1672 gracia
1147 1601 1228 1658 olim
1272 1600 1388 1659 Roma·

116 1722 229 1765 norum
253 1707 461 1781 imperatoris,
486 1721 610 1778 semper
633 1707 765 1778 augusti,
789 1720 826 1762 ac
848 1706 1016 1778 Hungarie.
1042 1705 1197 1777 Bohemie,
1214 1705 1388 1779 Dalmacie,

117 1813 247 1872 Croacie
271 1819 326 1871 etc.
350 1813 441 1884 regis,
465 1812 542 1869 olim
577 1813 676 1870 nostri
698 1818 728 1869 et
750 1813 891 1886 ipsorum
907 1811 1027 1870 domini
1042 1811 1193 1870 naturalis
1209 1812 1388 1887 plurimum

118 1918 278 1976 metuendi
302 1923 331 1975 et
347 1919 496 1991 generosi,
514 1916 613 1976 felicis
629 1918 868 1988 reminiscencie,
885 1918 990 1990 sigillo
1013 1919 1111 1991 ipsius
1134 1934 1189 1975 sue
1212 1920 1387 1977 serenitatis

116 2026 148 2085 in
179 2023 319 2082 inferiori
341 2025 481 2096 margine
503 2025 707 2096 consignatas,
730 2032 837 2098 petens
859 2039 916 2082 nos
939 2023 1044 2081 debita
1076 2039 1148 2080 curu
1172 2025 1334 2098 instancia,
1353 2032 1386 2083 ut

118 2137 256 2188 tenorem
294 2129 477 2188 earumdem
511 2131 609 2203 ipsius
643 2131 775 2188 condam
811 2130 930 2188 domini
963 2130 1061 2188 nostri
1094 2131 1178 2203 regis
1201 2131 1386 2202 litterarum,

117 2237 313 2311 presentibus
336 2237 447 2294 litteris
478 2237 592 2294 nostris
625 2238 802 2310 patentibus
837 2238 930 2295 inseri
960 2243 989 2294 et
1012 2235 1117 2309 sigillo
1151 2243 1259 2295 nostro
1294 2239 1386 2296 solito

118 2344 293 2416 consignari
314 2342 459 2400 facientes
482 2343 584 2400 eidem
607 2343 649 2400 ob
680 2344 810 2403 tutelam
841 2344 980 2417 ipsarum
1017 2341 1195 2400 litterarum
1229 2344 1384 2416 regalium

117 2450 296 2508 uberiorem
332 2449 406 2507 dare
441 2449 649 2521 dignaremur.
682 2449 953 2523 Quarumquidem
987 2450 1162 2508 litterarum
1199 2456 1290 2509 tenor
1314 2451 1385 2509 talis

118 2562 181 2615 est:
206 2549 290 2634 (vide
311 2556 387 2614 Doc.
414 2555 465 2630 98.
490 2555 528 2612 de
551 2570 631 2613 anno
658 2555 749 2630 1436.
773 2556 822 2614 die
849 2571 897 2631 14.
923 2547 1076 2631 Augusti).
1100 2555 1164 2613 Nos
1186 2557 1292 2631 itaque
1310 2559 1385 2632 peti·

118 2662 259 2720 cionibus
282 2662 414 2735 predicti
448 2663 556 2719 Briccii
583 2661 702 2734 iudicis,
725 2660 813 2738 justis
836 2669 947 2736 utputa
978 2667 1016 2740 et,
1037 2662 1098 2720 iuri
1132 2664 1274 2721 consonis
1290 2680 1384 2723 annu·

118 2775 211 2836 entes,
235 2769 390 2840 predictas
413 2769 532 2825 litteras
548 2769 647 2842 ipsius
671 2768 789 2826 domini
805 2767 997 2841 Sigismundi
1019 2769 1101 2840 regis
1124 2783 1215 2826 veras
1239 2776 1269 2826 et
1302 2771 1386 2828 omni

118 2889 248 2947 prorsus
269 2875 442 2948 suspicione
465 2880 611 2944 carentes,
635 2876 831 2948 presentibus
854 2875 965 2933 litteris
989 2875 1103 2932 nostris
1137 2875 1317 2948 patentibus
1348 2875 1385 2934 de

118 2981 217 3038 verbo
240 2981 279 3037 ad
304 2982 436 3039 verbum
461 2983 526 3038 sine
548 2981 757 3039 diminucione
780 2988 810 3039 et
832 2980 1044 3040 additamento
1076 2981 1208 3054 aliquali
1240 2981 1334 3040 inseri
1357 2989 1386 3039 et

118 3087 216 3158 sigilli
240 3088 338 3144 nostri
355 3088 439 3144 soliti
463 3089 652 3161 inpressione
669 3089 842 3159 consignari
858 3087 1012 3157 facientes,
1029 3087 1131 3144 eidem
1147 3086 1269 3146 Briccio
1292 3087 1385 3164 judici

119 3198 148 3249 et
172 3193 249 3264 aliis,
274 3193 389 3265 quibus
412 3209 515 3266 supra,
539 3195 580 3250 ob
616 3195 802 3266 premissam
836 3195 992 3250 racionem
1027 3199 1057 3250 et
1080 3193 1212 3251 tutelam
1246 3195 1385 3268 ipsorum

123 3297 269 3354 duximus
292 3299 513 3357 concedendas
537 3300 654 3356 Datum
677 3302 707 3357 in
731 3299 809 3357 festo
831 3301 915 3357 beati
938 3299 1075 3357 Ladislai
1107 3301 1189 3372 regis
1210 3307 1241 3358 et
1268 3301 1385 3359 confes·

119 3404 207 3461 soris.
233 3403 382 3475 Zagrabie
407 3411 575 3478 prenotata.
600 3408 689 3463 Anno
721 3406 840 3463 domini
874 3407 1043 3464 millesimo
1075 3405 1383 3480 quadringentesimo

122 3510 277 3567 tricesimo
301 3526 390 3568 nouo.

225 3646 358 3709 Originale
377 3648 404 3695 in
421 3647 515 3705 charta,
536 3650 562 3696 in
582 3650 696 3697 inferiori
716 3650 829 3713 margine
848 3651 1001 3714 impressum
1020 3657 1059 3698 est
1078 3649 1202 3714 sigillum.
1223 3651 1256 3700 In
1274 3651 1385 3701 archivio

119 3733 166 3782 lib.
186 3750 238 3797 reg.
258 3736 305 3786 civ.
326 3737 424 3799 zagrnb.

715 3911 790 3982 127.

228 4035 307 4083 Anno
331 4049 403 4098 1430,
426 4049 447 4098 3.
466 4037 540 4100 Julit
558 4038 653 4086 Budne.

120 4140 263 4210 filbertus,
285 4144 462 4217 Huugarr'uc
484 4153 531 4201 etc.
556 4164 618 4212 rex,
642 4149 766 4219 capitulo
797 4149 936 4205 cirsutcusi
962 4149 1091 4218 mundat,
1126 4158 1160 4207 ut
1189 4151 1384 4210 comtttunt'tati

118 4250 243 4306 ciuitatis
266 4252 367 4307 trtoutr's
386 4251 546 4328 Greceusts,
570 4271 644 4325 purte
667 4254 697 4311 itt
721 4257 797 4325 reges
812 4256 956 4328 judicium
991 4275 1048 4312 non
1079 4257 1165 4329 venit,
1198 4258 1272 4316 diem
1303 4260 1384 4317 dr'cat.

226 4397 375 4454 Albertus
399 4397 449 4454 dei
472 4399 576 4470 gracia
600 4399 812 4457 Romanorum
836 4418 898 4471 rex,
921 4418 1045 4475 semper
1068 4408 1226 4476 augustus,
1251 4420 1287 4463 ac
1303 4405 1385 4463 Hun-

121 4502 215 4575 gone,
240 4502 394 4573 Bohemie,
426 4504 596 4575 Dalmacie,
619 4505 747 4563 Croucie
771 4512 827 4563 etc.
851 4525 906 4564 rex
929 4515 959 4566 et
982 4508 1046 4566 dux
1071 4512 1196 4569 Austrie
1220 4517 1276 4570 etc.
1300 4510 1386 4570 Fide·

120 4607 203 4663 libus
227 4609 340 4665 nostris
364 4609 502 4681 capitulo
531 4611 658 4667 ecclesie
690 4612 879 4671 chasmensis
903 4615 1036 4672 salutem
1060 4622 1090 4673 et
1113 4619 1264 4690 graciam.
1288 4618 1389 4678 Nove·
