3278 5348
186 440 249 500 340
608 421 681 479 Doc.
705 430 774 498 274„
801 452 838 462 -
864 418 921 479 An.
946 429 1034 496 1472.

183 654 259 723 nore
281 638 378 696 nostri
408 638 541 694 nominis
576 636 753 695 liberaliter
775 641 805 693 et
828 634 953 710 copiose
976 632 1125 705 fecerunt,
1148 649 1208 708 pro
1244 637 1361 710 quibus
1390 650 1449 693 om·

184 745 276 802 nibus
306 760 341 800 ac
372 744 471 801 eciam
502 744 533 801 in
567 757 802 817 recompensam
826 749 856 800 et
888 741 1134 800 satisfaccionem
1157 743 1301 825 omnium
1327 743 1449 817 premis·

184 866 288 907 sarum
320 864 526 923 expensarum
557 849 674 906 civium
704 853 734 906 et
765 848 899 906 civitatis
932 847 1080 922 predicte,
1111 854 1141 906 et
1174 849 1398 907 nichilominus
1418 862 1449 904 eo

184 961 335 1029 respectu,
359 963 393 1012 ut
420 956 503 1012 cives
534 953 647 1029 prelati
677 955 835 1012 civitatem
865 956 1007 1028 ipsorum
1038 954 1247 1028 amplificare,
1280 955 1404 1013 civibus
1424 960 1449 1010 et

185 1061 313 1119 edificiis
337 1061 523 1119 communiri
540 1061 672 1129 valeant,
690 1061 898 1134 possessiones
922 1060 1060 1134 Dedych,
1078 1061 1315 1132 Chernomercz‚
1335 1059 1449 1133 Bythek

185 1175 214 1224 et
237 1165 356 1224 Nowalr
389 1172 520 1236 vocatas,
553 1167 680 1224 omnino
710 1167 742 1223 in
773 1167 930 1225 territorio
961 1165 1042 1224 dicte
1076 1166 1211 1225 civitatis
1235 1168 1402 1225 existentes
1423 1172 1451 1223 et

184 1273 316 1342 habitas,
339 1273 370 1330 in
401 1287 534 1344 quarum
558 1271 689 1346 pacifico
714 1271 852 1330 dominio
876 1271 990 1346 prefati
1013 1273 1098 1330 cives
1122 1272 1363 1345 predecessores
1385 1286 1451 1329 suos

184 1378 224 1435 ab
248 1379 375 1451 antiquo
400 1379 579 1450 perstitisse,
602 1377 656 1435 sed
673 1377 799 1436 tandem
823 1378 981 1451 preteritis
1005 1377 1233 1436 disturbiorum
1258 1379 1452 1452 temporibus

184 1501 240 1560 per
270 1485 424 1542 nonnulos
455 1484 630 1542 detentores
663 1483 844 1542 earumdem
877 1484 1150 1557 qualitercumque
1180 1485 1288 1542 minus
1310 1483 1393 1560 juste
1415 1485 1452 1542 ab

183 1592 251 1665 ipsa
275 1593 399 1649 civitate
422 1598 526 1648 nostra
560 1599 726 1664 occupatas
760 1596 789 1648 et
814 1591 962 1648 alienatas
986 1590 1053 1649 iore
1078 1597 1230 1649 asserunt.
1255 1591 1335 1648 Item
1357 1597 1453 1649 totum

183 1702 214 1754 et
228 1711 320 1754 omne
336 1698 382 1754 ius
397 1703 541 1754 nostrum
556 1698 686 1769 regium,
703 1697 729 1754 si
751 1696 834 1769 quod
852 1697 883 1754 in
901 1696 1029 1769 prefatis
1045 1695 1293 1769 possessionibus
1305 1697 1453 1770 qualiter·

183 1818 317 1875 cumque
332 1803 527 1873 haberemus,
539 1811 592 1860 aut
609 1810 746 1861 nostram
762 1819 799 1860 ex
813 1802 1061 1875 quibuscumque
1079 1803 1187 1873 causis,
1200 1801 1303 1861 modis
1315 1811 1347 1861 et
1359 1804 1454 1861 racio-

186 1910 278 1967 nibus
310 1916 507 1967 concerneret
537 1911 739 1980 maiestatem,
763 1909 857 1966 simul
889 1924 960 1965 cum
992 1908 1108 1966 cunctis
1132 1907 1313 1966 earumdem
1337 1909 1453 1967 utilita-

183 2016 267 2073 tibus
291 2022 320 2072 et
343 2016 537 2088 pertinenciis
562 2016 762 2088 quibuslibet.
787 2015 876 2072 terris
900 2014 1016 2072 scilicet
1039 2013 1212 2071 arabilibus
1240 2014 1333 2073 cultis
1356 2020 1387 2072 et
1411 2016 1455 2073 in·

184 2122 283 2192 cultis,
300 2123 391 2195 agris,
405 2123 510 2196 pratis,
526 2122 657 2196 pascuis,
673 2122 801 2195 campis,
818 2121 934 2192 senetis,
958 2121 1055 2191 silvis,
1072 2121 1262 2192 nemoribus,
1286 2122 1456 2192 montibus,

184 2228 332 2296 vallibus,
357 2229 462 2297 vineis,
486 2229 714 2301 vinearumque
738 2228 967 2300 promontoriis,
991 2226 1101 2297 lluviis,
1125 2227 1258 2299 piscinis,
1277 2228 1455 2301 piscaturis,

184 2351 399 2409 aquarumque
423 2335 613 2404 decursibus,
631 2334 817 2393 molendinis
834 2343 863 2392 et
879 2334 1129 2393 molendinorum
1153 2335 1238 2404 locis,
1265 2334 1457 2407 generaliter

184 2456 259 2499 vero
282 2442 493 2514 quarumlibet
528 2442 698 2499 utilitatum
723 2446 752 2498 et
776 2442 1036 2514 pertinenciarum
1060 2455 1186 2498 suarum
1216 2441 1459 2512 integritatibus

185 2548 296 2619 quovis
327 2548 459 2605 nominis
484 2548 639 2605 vocabulo
664 2548 805 2605 vocitatis
828 2546 867 2604 ad
891 2545 1016 2605 easdem
1047 2546 1086 2604 de
1112 2544 1179 2622 jure
1201 2552 1232 2604 et
1252 2547 1293 2603 ab
1326 2547 1459 2620 antiquo

184 2654 395 2725 spectantibus
427 2662 455 2711 et
488 2654 714 2727 pertinentibus
746 2670 818 2710 cum
850 2655 913 2711 suis
945 2654 1026 2711 veris
1059 2655 1150 2710 metis
1173 2657 1203 2710 et
1226 2653 1364 2727 antiquis
1388 2670 1461 2727 pre-

184 2760 295 2829 missis,
319 2761 362 2817 sic
386 2765 419 2816 ut
445 2759 607 2832 prefertur,
622 2760 775 2818 stantibus
792 2766 822 2818 et
839 2777 871 2816 se
893 2761 1089 2830 habentibus,
1106 2766 1135 2817 et
1151 2760 1278 2833 iusuper
1294 2759 1461 2832 quoddam

184 2865 301 2922 vadum
336 2866 499 2937 Kyralrew
533 2873 679 2923 vocaturn
713 2867 744 2923 in
777 2866 872 2923 ssuvio
896 2865 986 2923 Zawe
1009 2867 1153 2923 habitum
1176 2865 1216 2922 ad
1236 2872 1376 2924 castrum
1405 2883 1461 2925 no·

183 2976 283 3028 strum
308 2972 428 3028 lledwe
452 2979 605 3042 vocaturn,
631 2973 796 3046 pertinens,
820 2972 858 3030 de
872 2974 940 3046 ipso
957 2978 1057 3030 castro
1073 2976 1183 3029 nostro
1207 2971 1329 3030 Medwe
1346 2989 1463 3046 seque·

185 3082 324 3146 strantes,
348 3084 519 3135 memorate
543 3079 661 3136 civitati
692 3085 796 3136 nostre
820 3081 933 3137 montis
957 3079 1105 3136 Grecensi
1131 3085 1161 3136 et
1184 3095 1241 3152 per
1263 3072 1463 3154 consequens

184 3182 303 3239 civibus
327 3191 356 3240 et
378 3183 554 3256 hospitibus
571 3185 602 3241 in
618 3184 726 3242 eadem
743 3200 800 3258 pro
818 3191 959 3258 tempore
975 3186 1246 3242 commorantibus
1270 3186 1368 3243 simul
1387 3204 1462 3245 cum

183 3289 299 3345 cunctis
332 3289 470 3346 eiusdem
495 3290 689 3361 utilitatibus,
723 3291 998 3363 fructuositatibus,
1031 3292 1277 3350 obvencionibus
1302 3299 1363 3350 et.
1391 3339 1397 3351 .
1423 3339 1462 3353 ..

184 3395 374 3467 quibuslibet
399 3395 438 3452 ad
463 3395 546 3453 idern
573 3397 610 3454 de
633 3396 701 3473 jure
726 3405 755 3454 et
779 3398 819 3454 ab
843 3398 970 3470 antiquo
1005 3397 1215 3471 spectantibus
1239 3403 1269 3455 et
1300 3400 1463 3471 pertinere

182 3498 366 3558 debentibus
391 3502 491 3559 denuo
508 3509 536 3559 et
553 3519 590 3559 ex
605 3519 687 3560 novo
704 3503 857 3575 dedimus,
881 3503 1066 3561 donavimus
1087 3509 1117 3561 et
1140 3503 1339 3575 contulimus,
1355 3505 1461 3565 immo

182 3605 301 3677 damus,
332 3607 483 3665 donamus
516 3617 545 3666 et
579 3610 769 3667 conferimus
798 3609 866 3685 jure
891 3619 1042 3683 perpetuo
1074 3618 1103 3668 et
1127 3611 1379 3668 irrevocabiliter
1416 3621 1462 3671 te·

181 3712 305 3775 nendas.
336 3716 537 3786 possidendas
576 3717 692 3788 pariter
728 3724 756 3773 et
788 3716 954 3787 habendas,
986 3717 1075 3773 salvo
1098 3715 1166 3791 jure
1196 3716 1307 3787 alienu,
1339 3718 1460 3778 harum

182 3829 357 3875 nostrarum
384 3821 490 3891 vigore
514 3829 543 3878 et
568 3823 744 3880 testimonio
771 3823 946 3879 litterarum
965 3823 1128 3879 mediante.
1152 3822 1237 3894 Quas
1261 3823 1292 3880 in
1317 3822 1459 3883 formam

182 3925 280 3979 nostri
308 3926 473 3997 privilegii
507 3928 606 3999 redigi
631 3929 788 3999 iaciemus
812 3945 881 3985 cum
907 3931 997 3986 nobis
1020 3929 1050 3985 in
1082 3930 1184 4001 specie
1208 3927 1321 3986 fuerint
1343 3946 1463 4006 repor-

183 4034 251 4085 tate.
276 4029 394 4086 Datum
415 4031 499 4088 Bude
519 4032 595 4088 feria
613 4044 723 4105 quarta
737 4037 881 4107 proxima
898 4041 968 4108 post
984 4035 1097 4092 festum
1122 4034 1345 4093 penthecostes.
1366 4039 1462 4097 Anno

184 4132 301 4191 domini
331 4137 502 4193 millesimo
526 4139 832 4211 quadringentesimo
855 4142 1084 4214 septuagesimo
1108 4139 1250 4197 secundo.
1275 4140 1462 4214 Regnorum

181 4246 357 4296 nostrorum
382 4256 460 4297 anno
492 4244 651 4315 Hungarie
681 4255 734 4303 etc.
767 4247 1007 4320 quintodecimo,
1040 4246 1252 4304 coronacionis
1279 4261 1371 4320 nono,
1398 4249 1459 4309 Bo·

182 4341 284 4401 hemie
308 4362 383 4402 vero
407 4356 526 4418 quarto.

287 4537 310 4582 E
330 4542 497 4600 transumpto,
529 4547 567 4587 sat
599 4557 684 4596 exeso,
705 4543 846 4593 Wladislai
865 4545 933 4607 regis
952 4545 984 4591 de
1004 4561 1071 4594 anno
1093 4557 1167 4610 1505.
1187 4553 1214 4595 et
1235 4548 1302 4612 1508
1332 4549 1365 4597 Iu
1384 4550 1459 4604 arch.

182 4637 238 4674 ven.
264 4622 347 4687 Capit.
367 4625 547 4687 zagrabiensis.
