3278 5348
607 470 681 529 Doc.
704 483 774 546 230.
805 503 838 512 -
865 470 921 530 An.
946 469 1038 548 1464.

788 679 878 747 230.

298 840 380 890 Anno
402 839 476 903 1464.
500 852 539 903 17.
556 840 675 904 januarii.
695 824 812 915 Casinate.

188 966 337 1038 Mathias,
362 966 540 1040 Hungariac
562 975 611 1029 etc.
635 984 698 1036 rex,
721 966 857 1023 Martino
877 966 911 1024 dc
933 967 1170 1040 Frangipanibus
1184 967 1316 1040 principi
1328 968 1457 1039 mandat,

188 1075 268 1132 utin
277 1073 508 1148 possessionibus
518 1074 579 1131 suis
590 1073 709 1143 tributa,
721 1074 928 1147 vectigaliaque
943 1091 962 1129 a
977 1074 1084 1131 ciuibus
1099 1074 1215 1148 sagrab.
1225 1081 1323 1147 petere
1336 1075 1457 1138 desinat.

900 1210 1053 1262 commissio
1072 1213 1176 1278 propria
1194 1213 1292 1262 domini
1303 1208 1386 1279 'regis

296 1326 429 1383 Mathias
452 1324 503 1383 dei
525 1325 627 1397 gracia
651 1341 707 1383 rex
731 1325 896 1398 Hungarie‚
920 1324 1089 1397 Dalmacie,
1120 1324 1248 1384 Croacie
1279 1331 1334 1384 etc.
1357 1326 1458 1386 Fideli

186 1439 296 1491 nostro
331 1431 495 1506 spectabili
530 1437 559 1488 et
594 1430 760 1503 magnifico
795 1431 928 1489 Martino
961 1431 1000 1488 de
1034 1431 1302 1505 Frangapanibus,
1337 1431 1456 1507 Segnie,

186 1539 301 1610 Wegle
332 1547 362 1596 et
394 1538 556 1596 Modrusse
589 1539 704 1610 comiti,
736 1538 868 1595 salutem
900 1544 930 1595 et
961 1538 1106 1610 graciam.
1140 1539 1324 1612 Expositum
1355 1542 1456 1599 extitit

187 1646 343 1705 maiestati
375 1652 479 1704 nostre
508 1660 566 1719 pro
599 1649 687 1719 parte
718 1649 749 1703 et
778 1645 811 1703 in
842 1646 980 1718 personis
1011 1643 1154 1702 fidelium
1177 1651 1356 1703 nostrorum
1380 1662 1454 1719 pru-

186 1751 318 1810 dentum
340 1761 370 1809 et
393 1753 689 1826 circumspectorum
713 1797 719 1809 .
743 1797 749 1808 .
773 1797 779 1809 .
804 1797 809 1809 .
832 1749 942 1826 judicis
965 1756 995 1809 et
1016 1733 1202 1826 juratorum',
1219 1757 1454 1826 ceterorumque

186 1859 305 1917 civium
336 1863 366 1916 et
400 1858 499 1916 tocius
528 1858 759 1917 communitatis
791 1857 925 1916 civitatis
954 1863 1058 1915 nostre
1081 1857 1195 1914 montis
1218 1856 1379 1916 Grecensis
1403 1851 1455 1937 (de

186 1956 353 2038 Zagrabial
385 1965 475 2038 gravi
510 1980 582 2022 cum
611 1964 755 2037 querela,
788 1964 871 2037 quod
904 1965 1047 2038 quamvis
1079 1963 1187 2021 eadem
1219 1964 1327 2023 civitas
1349 1972 1455 2024 nostra

186 2072 303 2129 montis
327 2070 489 2129 Grecensis
513 2078 542 2128 et
566 2071 703 2128 universi
726 2071 817 2141 cives,
840 2071 978 2143 hospites
1008 2076 1037 2127 et
1068 2070 1290 2128 inhabitatores
1316 2071 1453 2129 eiusdem

185 2192 243 2251 per
267 2177 358 2235 divos
381 2193 469 2250 reges
493 2177 660 2249 Hungarie,
683 2183 805 2234 nostros
827 2177 945 2233 scilicet
968 2175 1209 2255 predecessores,
1233 2176 1274 2232 ab
1296 2177 1381 2233 omni
1404 2191 1453 2234 so·

185 2284 309 2341 lucione
332 2284 520 2342 tributorum
545 2290 575 2340 et
599 2282 808 2341 theloniorum
843 2282 1032 2354 ubicumque
1057 2287 1086 2338 et
1110 2283 1141 2338 in
1164 2297 1361 2355 quocumque
1385 2284 1453 2341 loco

184 2389 217 2447 in
240 2390 344 2462 regnis
365 2390 478 2448 nostris
502 2390 668 2462 Hungarie‚
691 2389 852 2447 Dalmacie
876 2396 905 2446 et
930 2387 1057 2446 Croacie
1082 2388 1227 2462 predictis
1249 2404 1285 2445 ac
1310 2390 1452 2461 partibus

185 2495 304 2553 eisdem
328 2496 474 2555 subiectis
497 2496 676 2554 habitorum
700 2502 729 2553 et
753 2496 834 2568 exigi
859 2495 1023 2552 solitorum
1047 2496 1185 2566 graciose
1209 2504 1352 2569 exempta
1368 2496 1407 2553 sit
1424 2502 1454 2555 et

184 2603 362 2676 supportati
396 2603 574 2660 habeantur.
612 2602 729 2659 Tamen
761 2617 818 2659 vos
850 2617 909 2659 non
941 2608 1045 2658 curata
1078 2601 1257 2659 huiusmodi
1286 2603 1453 2660 solucionis

183 2708 386 2783 exempcione
406 2714 437 2766 et
459 2707 602 2765 libertate
625 2709 655 2765 in
680 2708 797 2765 tributo
829 2715 933 2765 vestro
957 2708 987 2765 in
1009 2706 1244 2789 Jaztraborczka
1260 2708 1341 2780 exigi
1358 2708 1450 2766 solito

185 2820 215 2872 et
238 2815 270 2871 in
295 2815 412 2872 cunctis
435 2815 559 2872 tributis
585 2815 695 2872 vestris
718 2815 750 2873 in
772 2815 842 2872 aliis
866 2813 943 2871 locis
958 2814 1039 2886 exigi
1055 2814 1162 2885 solitiS,
1179 2814 1330 2886 quasdam
1346 2832 1453 2889 super·

185 2919 273 2989 fluas,
309 2918 499 2995 injustasque
534 2927 564 2977 et
587 2920 740 2978 indebitas
774 2920 952 2977 exacciones
976 2920 1154 2976 tributarias
1178 2935 1238 2977 non
1263 2920 1372 2992 taliter,
1396 2923 1452 2980 sci-

186 3026 260 3084 licet
292 3026 461 3084 secundum
495 3026 577 3099 quod
601 3027 678 3085 alias
702 3026 880 3084 huiusmodi
905 3026 1057 3083 tributum
1081 3027 1163 3099 exigi
1185 3026 1312 3083 solitum
1336 3026 1452 3101 fuisset,

185 3148 280 3207 super
305 3132 441 3206 prelatos
465 3133 548 3191 cives
571 3139 601 3190 et
624 3134 846 3191 inhabitatores
870 3133 951 3190 dicte
975 3132 1107 3190 civitatis
1126 3139 1229 3190 nostre
1247 3135 1359 3192 montis
1375 3135 1452 3192 Gre-

184 3239 291 3310 censiS,
314 3255 425 3312 resque
458 3245 488 3297 et
518 3239 600 3297 bona
629 3240 811 3297 eorumdem
843 3250 949 3295 contra
982 3238 1116 3311 prefatas
1147 3240 1287 3312 ipsorum
1310 3242 1452 3313 antiquas

185 3345 353 3414 libertates,
376 3343 509 3420 juraque
531 3350 562 3402 et
585 3345 821 3403 consuetudines
844 3345 926 3416 exigi
950 3350 979 3402 et
1003 3346 1181 3417 extorqueri
1198 3344 1337 3403 laceretis
1360 3354 1452 3419 atque

184 3451 270 3526 ipsos
292 3458 421 3525 propter
445 3452 503 3509 hoc
528 3452 700 3526 plurimum
725 3451 919 3524 impediretis
942 3458 972 3508 et
995 3451 1115 3508 turbari
1139 3450 1288 3522 laceretis,
1312 3461 1451 3524 preterea

184 3558 287 3616 minus
309 3555 388 3631 juste
411 3564 441 3615 et
464 3558 600 3616 indebite
631 3574 679 3616 res
710 3565 740 3615 et
773 3558 853 3615 bona
877 3556 1058 3615 eorumdem
1082 3558 1197 3616 civium
1223 3567 1399 3616 nostrorum
1422 3560 1452 3617 in

184 3665 275 3722 terris
297 3679 334 3721 ac
358 3665 455 3734 bonis,
480 3665 789 3738 possessionibusque
812 3671 841 3721 et
864 3664 1009 3721 dominiis
1042 3666 1152 3722 vestris
1175 3666 1303 3722 arestari
1327 3671 1356 3722 et
1380 3681 1451 3740 pro-

183 3771 285 3828 hiberi
316 3772 545 3844 permitteretis,
577 3787 632 3845 per
665 3771 748 3844 quod
783 3771 920 3845 plurima
951 3771 1157 3842 incommoda,
1192 3772 1390 3845 dampnaque
1421 3781 1451 3830 et

182 3883 368 3935 nocumenta
399 3892 455 3951 per
486 3876 665 3935 huiusmodi
697 3876 850 3935 indebitas
880 3885 910 3934 et
942 3876 1069 3952 injustas
1100 3879 1302 3935 a1estaciones
1333 3879 1450 3936 eisdem

182 3983 305 4042 civibus
327 3985 508 4054 evenissent,
539 3984 757 4057 evenirentque
780 3991 810 4041 et
833 3983 977 4056 deinceps
1002 3984 1030 4039 in
1063 3984 1202 4055 ipsorum
1235 3983 1449 4057 preludicium,

182 4089 356 4163 dampnum
388 4105 513 4163 quoque
544 4096 574 4147 et
604 4104 774 4161 gravamen
806 4089 898 4147 valde
928 4104 1075 4160 magnum
1107 4087 1325 4161 Supplicatum
1356 4090 1449 4160 igitur

181 4196 283 4254 extitit
315 4196 468 4253 maiestati
500 4203 603 4252 nostre
635 4210 693 4269 pro
724 4204 812 4269 parte
845 4195 1027 4253 eorumdem
1052 4195 1167 4251 civium
1190 4200 1367 4251 nostrorum
1393 4211 1450 4269 per

182 4317 239 4361 nos
271 4301 438 4375 superinde
470 4300 508 4358 de
539 4300 643 4358 medio
674 4308 852 4375 opportuno
884 4300 1052 4373 provideri.
1077 4301 1113 4356 Et
1137 4300 1209 4371 quia
1232 4314 1287 4356 nos
1312 4298 1448 4372 prelatos

181 4409 266 4467 cives
302 4414 423 4466 nostros
455 4415 485 4465 et
516 4409 689 4481 quemlibet
723 4423 831 4465 eorum
863 4409 893 4466 in
929 4408 1109 4480 prescriptis
1140 4406 1281 4479 ipsorum
1314 4405 1448 4479 antiquis

183 4515 399 4588 libertatibus,
431 4513 614 4590 juribusque
645 4520 675 4572 et
708 4514 983 4571 consuetudinibus
1015 4512 1237 4570 inviolabiliter
1271 4513 1448 4570 conservari

182 4621 337 4693 volumus,
369 4622 517 4695 ipsosque
550 4622 581 4678 in
615 4620 732 4679 eisdem
765 4636 820 4694 per
843 4621 1023 4694 quempiam
1048 4618 1246 4676 subditorum
1268 4623 1448 4676 nostrorum

181 4743 240 4803 per
262 4728 442 4787 huiusmodi
465 4727 636 4801 superiluas
659 4729 838 4785 exaccioues
861 4726 1040 4784 tributarias
1071 4732 1099 4782 et
1131 4722 1259 4800 injustas
1290 4730 1448 4782 resumet

182 4836 337 4893 bonorum
361 4836 502 4910 ipsorum
527 4836 738 4901 orestaciones‚
770 4832 924 4906 impediri,
947 4832 1064 4889 turbari
1089 4838 1119 4889 et
1142 4829 1360 4904 dampnificari
1386 4844 1446 4888 non

181 4940 338 5013 volumus,
356 4941 427 5001 ideo
450 4940 595 4999 fidelitati
616 4948 716 4997 vestre
739 4940 850 5014 harum
875 4940 953 4996 serie
975 4937 1107 4996 firmiter
1130 4937 1337 5012 precipientes
1362 4951 1464 5023 man-u
