3256 5346
179 451 242 525 4¹8
544 445 616 502 Doe.
633 437 713 520 328.
730 455 808 519 3²9·
831 475 871 486 —
896 442 955 500 Aa
977 437 1071 520 1482.

177 664 323 723 onalibus
353 661 469 719 nobilis
501 661 645 718 dominae
667 658 850 730 Zthanycza,
873 659 1000 717 relictae
1023 659 1102 717 olim
1125 659 1305 719 Clementis
1328 661 1392 733 Kys
1412 661 1446 718 de

179 770 376 842 ttykchewcr
400 766 520 835 viduae,
543 782 596 824 sex
621 765 767 824 videlicet
789 780 897 823 earum
921 766 1084 839 populosis
1107 774 1139 824 et
1161 774 1303 841 quatuor
1325 767 1445 826 desertis

179 878 210 934 in
235 877 386 947 hlaryncz,
416 884 549 946 quatuor
579 873 654 930 item
684 871 847 945 populosis
870 873 901 928 in
923 870 1112 954 Jalwsewce
1135 886 1174 930 ac
1198 874 1304 932 tribus
1327 874 1446 932 desertis

179 985 210 1040 in
234 982 391 1056 praedicta
417 979 614 1052 ‚llykchewcz
640 978 886 1052 possessionibus
909 978 1032 1049 habitis,
1055 977 1237 1052 praefatum
1261 981 1362 1038 altare
1385 981 1446 1053 pig·

181 1089 266 1146 noris
288 1088 367 1145 alias
389 1085 457 1162 jure
480 1085 725 1158 respicientibus,
742 1099 836 1158 penes
851 1083 1032 1141 mandatum
1056 1085 1194 1143 alathiae
1209 1088 1306 1159 regis,
1329 1102 1347 1144 a
1368 1086 1446 1144 clan-

180 1195 265 1252 sula:
285 1194 478 1271 „Exponitur
494 1191 584 1249 nobis
598 1186 672 1247 etc.“
693 1190 848 1259 inchoans,
864 1190 1071 1261 statutorium,
1088 1190 1196 1250 medio
1212 1193 1294 1265 regii
1317 1200 1349 1251 et
1369 1192 1446 1266 capi-

180 1300 290 1358 tularis
319 1299 482 1358 hominurn
514 1306 672 1370 peractam
702 1297 895 1369 complexae,
923 1296 955 1354 in
984 1297 1165 1354 authentico
1188 1299 1301 1357 attacti
1323 1298 1447 1373 capituli

178 1409 374 1478 transumpto
390 1419 448 1477 pro
461 1404 647 1462 monasterio
662 1402 861 1460 Paulinorum
875 1402 1072 1460 Remethensi
1083 1417 1153 1459 ann.
1172 1419 1269 1472 1505.
1281 1405 1446 1481 expeditae.

285 1542 346 1589 Act.
361 1555 428 1588 mon.
456 1541 575 1589 Remete.
596 1539 669 1587 Fasc.
689 1538 740 1586 111.
760 1553 798 1587 nr.
818 1549 858 1599 27.
879 1539 910 1585 ln
928 1537 1025 1587 archiv.
1042 1553 1115 1600 regn.
1134 1537 1225 1587 Croat.
1245 1539 1353 1591 Sinon
1367 1538 1446 1588 Dalm

766 1767 852 1833 328.

286 1927 366 1974 Anno
389 1927 454 1986 1482
484 1941 570 1974 mense
587 1927 713 1989 januario.
733 1925 882 1989 Zugrabiae.

176 2110 187 2126 ,
289 2056 322 2112 ln
355 2056 486 2113 termino
520 2056 712 2129 Epiphaniae
746 2055 919 2129 capitulum
952 2056 982 2113 in
1013 2070 1105 2112 causa
1136 2071 1211 2114 cum
1242 2058 1372 2116 civitate
1392 2073 1448 2116 non

183 2162 367 2234 comparuit,
391 2163 496 2234 itaque
519 2178 575 2235 per
598 2176 657 2219 non
682 2162 868 2219 senientiam
893 2163 923 2219 in
946 2160 1062 2236 judicio
1084 2169 1237 2221 consveto
1259 2170 1292 2222 et
1315 2178 1448 2239 pronon

183 2268 337 2324 solutione
359 2268 390 2324 in
414 2265 535 2340 dupplo
557 2267 733 2324 convictum
757 2274 812 2338 est,
834 2274 865 2325 et
888 2267 1020 2325 Michael
1043 2268 1202 2341 palatinus
1224 2267 1319 2344 jussit
1342 2271 1447 2329 iterum

184 2389 242 2445 pro
274 2374 406 2430 termino
438 2389 460 2429 s.
492 2372 619 2445 Georgii
654 2371 693 2430 ad
730 2374 953 2432 exhibitionem
982 2375 1160 2432 litterarum
1195 2382 1228 2432 et
1262 2378 1446 2435 solutionem

183 2493 295 2536 norem
321 2494 497 2537 marcarum
522 2480 552 2537 in
577 2479 676 2536 tribus
700 2478 777 2537 toris
798 2480 1045 2553 provincialibus
1067 2481 1264 2553 proclamari
1287 2497 1346 2556 per
1368 2483 1448 2540 chas-

186 2601 309 2654 mense;
333 2601 350 2642 a
374 2601 436 2658 quo
459 2586 574 2643 iterum
598 2586 730 2643 termino
753 2591 956 2659 prorogatum
979 2590 1028 2643 est
1049 2601 1105 2659 per
1135 2587 1261 2645 litteras
1295 2587 1448 2647 Michaelis

184 2690 393 2749 diversimode
415 2692 454 2749 ad
479 2693 645 2750 terminum
670 2709 692 2749 s.
715 2692 875 2750 Michaelis
897 2693 969 2750 anni
991 2693 1156 2764 sequentis.

290 2848 396 2910 Georgii
417 2848 585 2896 Marcelovid:
608 2849 740 2909 Regesta,
761 2855 788 2896 ut
808 2862 894 2911 supra.

289 3221 365 3265 :inno
388 3219 462 3279 1482,
485 3230 504 3267 t.
525 3217 655 3267 februarii.
676 3217 822 3281 Zagrabiae.

191 3346 362 3414 catharina,
379 3344 497 3402 Mataei
510 3344 669 3401 Latzarr'nr'
681 3354 771 3402 morte
791 3346 922 3415 ruiiuota,
938 3366 975 3403 ex
990 3346 1113 3403 Mcolai
1124 3350 1252 3406 sartoris
1267 3350 1449 3424 dispositione

185 3471 409 3537 testarrrentaria,
434 3488 521 3525 uaum
543 3468 608 3536 flor.
633 3471 805 3527 marrrrsterr'o
826 3472 975 3528 remetensr'
988 3478 1046 3545 pro
1061 3470 1189 3546 fornacis
1204 3475 1333 3533 mercede
1340 3474 1448 3548 penda.

291 3632 323 3688 ln
355 3630 477 3687 nomine
509 3629 635 3686 domini.
665 3623 775 3688 Amen.
808 3632 897 3688 Anno
920 3631 1089 3688 nativitatis
1112 3631 1255 3689 eiusdem
1278 3634 1446 3692 millesimo

182 3737 488 3811 quadringentesimo
524 3736 734 3807 octuagesimo
764 3735 907 3807 secundo,
940 3734 1110 3794 indiccione
1134 3737 1379 3809 quintadecima,
1401 3738 1446 3795 die

182 3860 256 3901 vero
280 3845 382 3917 prima
406 3843 519 3899 mensis
543 3840 699 3910 februarii,
722 3842 799 3898 hora
823 3857 1024 3914 vesperarum
1051 3841 1102 3899 vel
1127 3842 1225 3916 quasi,
1249 3860 1346 3917 penes
1363 3844 1446 3903 staci-

180 3965 270 4007 onem
295 3965 347 4006 seu
365 3948 484 4005 holtam
502 3948 560 4004 sub
577 3946 671 4003 domo
692 3947 823 4005 condam
840 3947 966 4021 providi
989 3949 1049 4006 viri
1073 3948 1194 4007 Nicolai
1216 3952 1358 4023 sartoris,
1373 3950 1445 4009 ciris

180 4055 314 4112 civitatis
345 4054 457 4111 montis
488 4054 657 4124 Grecensis,
683 4055 712 4110 in
744 4053 859 4126 angulo
883 4055 969 4112 iuxta
1001 4055 1157 4127 palacium
1180 4054 1334 4137 Johannis
1358 4057 1444 4114 Pero

180 4162 269 4233 wych
293 4162 378 4230 civis,
402 4159 519 4216 ibidem
544 4160 681 4217 habitam
706 4167 736 4218 et
752 4161 943 4228 existentem,
967 4160 1164 4233 pontificatus
1187 4168 1296 4221 autem
1320 4163 1443 4222 sanctis·

180 4267 251 4324 simi
275 4267 305 4323 in
329 4265 453 4322 Christo
485 4268 581 4337 patris
605 4274 635 4324 et
666 4267 783 4325 domini
807 4268 912 4337 nostri,
937 4267 1057 4325 domini
1078 4265 1176 4339 Syxti,
1199 4265 1308 4326 divina
1342 4267 1442 4342 prori-

183 4371 289 4429 dencia
321 4386 402 4444 pape
434 4372 543 4441 quarti,
567 4388 645 4430 anno
678 4375 742 4432 eius
774 4373 946 4445 undecimo,
978 4373 1008 4430 in
1042 4373 1102 4431 mei
1133 4373 1248 4431 notarii
1272 4375 1394 4450 publici
1415 4381 1442 4432 et

184 4479 308 4535 testium
333 4476 602 4549 infrascriptarum
627 4481 784 4552 presencia
808 4480 963 4538 constituti
984 4479 1189 4554 personaliter
1219 4479 1442 4556 circumspecta

180 4589 211 4641 et
244 4585 373 4642 honesta
404 4583 530 4641 domina
553 4585 726 4658 Chaterina,
762 4586 1012 4659 llatheygenicza
1043 4586 1251 4644 communiter
1274 4587 1442 4661 appellata,

178 4704 304 4747 consors
337 4707 411 4748 vero
435 4691 588 4763 legittima
619 4690 713 4750 Blasii
743 4693 893 4763 latrarin,
924 4693 1000 4750 civis
1030 4690 1150 4764 prefate
1172 4691 1308 4752 civitatis
1331 4691 1443 4752 montis

178 4796 338 4856 Grecensis
362 4801 401 4856 ab
427 4814 494 4869 una,
527 4806 615 4871 parte
639 4815 713 4856 vero
737 4801 777 4857 ab
801 4800 900 4856 altera
924 4799 1112 4857 venerabilis
1135 4805 1165 4856 et
1187 4799 1356 4872 religiosus
1380 4812 1442 4858 ma·

176 4904 271 4976 gister
302 4904 396 4962 trater
431 4905 546 4961 Paulus
581 4906 738 4977 Kranyecz
763 4907 895 4963 vicarius
935 4905 1065 4963 claustri
1087 4910 1117 4962 et
1141 4903 1279 4964 fratrum
1302 4903 1441 4970 Heremi-
