3278 5348
627 426 700 486 Doc.
724 438 792 502 232.
818 458 859 468 -
882 425 938 484 An.
962 421 1055 503 1464.
1405 446 1462 506 29¹

197 645 312 698 verunt
323 641 414 699 nobis
431 639 583 715 quasdam
598 640 717 700 litteras
732 641 920 699 serenissimi
936 640 1069 699 condam
1085 641 1235 715 principis
1258 641 1378 700 domini
1400 641 1467 700 Ste-

196 746 295 819 phani
318 747 400 819 regis
415 747 582 820 Hungarie,
600 746 825 822 predecessoris
840 747 946 818 nostri,
960 748 991 805 in
1007 762 1156 821 appresso
1177 748 1378 820 consignatas,
1395 763 1467 806 con-

197 850 358 910 firmative
381 853 413 911 in
435 869 468 910 se
490 853 640 911 habentes
663 857 802 911 tenorem
832 852 1041 926 quarumdam
1064 853 1246 911 libertatum
1277 853 1466 911 serenissimi

196 956 332 1015 condam
362 958 512 1032 principis
536 958 655 1017 domini
678 959 749 1016 Bele
771 958 915 1017 similiter
937 958 1019 1032 regis
1042 959 1209 1031 Hungarie,
1233 959 1380 1032 genitoris
1409 959 1466 1029 sui,

196 1063 313 1135 quibus
344 1063 554 1122 mediantibus
586 1063 670 1122 idem
701 1064 834 1122 condam
857 1063 1002 1122 dominus
1024 1064 1097 1122 Bela
1120 1079 1175 1121 rex
1200 1063 1318 1137 prefate
1341 1065 1460 1122 civitati

195 1174 302 1227 nostre
333 1170 447 1228 montis
478 1168 639 1228 Grecensis
669 1168 821 1228 nundinas
853 1170 893 1226 ab
916 1175 986 1227 octo
1009 1169 1120 1227 diebus
1143 1176 1213 1227 ante
1235 1168 1350 1227 festum
1373 1169 1456 1227 beati

195 1275 293 1333 Marci
316 1276 514 1348 ewangeliste
544 1275 720 1350 incipiendo
756 1291 853 1349 usque
887 1274 926 1332 ad
961 1282 1087 1333 octavas
1123 1275 1261 1333 eiusdem
1288 1274 1359 1333 testi
1393 1275 1459 1333 sine

195 1381 315 1439 tributo
345 1380 486 1454 quolibet
517 1380 719 1439 celebrandas
742 1381 885 1439 annuisse
916 1380 1093 1452 dinoscitur,
1124 1382 1240 1440 tenoris
1264 1379 1463 1454 infrascripti,

193 1486 408 1560 supplicantes
438 1487 591 1545 maiestati
620 1493 724 1545 nostre
748 1486 861 1560 prefati
884 1486 1030 1544 Nicolaus
1052 1484 1146 1562 judex
1168 1503 1204 1544 ac
1229 1487 1402 1544 Anthonius
1426 1492 1455 1544 et

197 1591 321 1650 Blasius
350 1591 444 1668 jurati
474 1593 565 1664 cives,
597 1593 660 1651 suis
692 1599 722 1650 et
744 1592 900 1651 dictorum
922 1593 1140 1650 universorum
1162 1593 1280 1651 civium
1299 1608 1335 1650 ac
1358 1591 1457 1650 tocius

197 1699 430 1756 communitatis
459 1698 598 1771 predicte
621 1686 753 1756 civitatis
775 1703 879 1756 nostre
902 1698 1015 1756 montis
1039 1696 1201 1756 Grecensis
1224 1697 1411 1769 nominibus,
1428 1701 1463 1754 ut

193 1818 252 1862 nos
277 1806 464 1879 prescriptas
488 1805 607 1863 litteras
630 1803 742 1878 prefati
766 1803 885 1862 domini
908 1802 1056 1878 Stephani
1079 1805 1161 1877 regis
1184 1813 1214 1861 et
1237 1804 1341 1861 omnia
1363 1803 1457 1861 ineis

192 1916 335 1968 contenta
356 1916 447 1983 ratas,
462 1917 565 1984 gratas
578 1916 608 1968 et
623 1917 750 1985 accepta
767 1909 910 1968 habendo
926 1911 1051 1983 suisque
1072 1910 1184 1968 litteris
1208 1908 1457 1983 privilegialibus

193 2015 233 2073 de
254 2016 351 2074 verbo
374 2014 414 2073 ad
439 2016 573 2073 verbum
597 2015 761 2073 transcribi
784 2021 814 2072 et
836 2015 930 2073 inseri
953 2013 1095 2072 faciendo
1117 2014 1296 2088 approbare
1319 2029 1354 2071 ac
1370 2014 1453 2087 ipsas

193 2136 254 2196 pro
275 2121 405 2195 prefatis
429 2121 566 2192 Nicolao,
591 2122 747 2180 Anthonio
770 2127 800 2179 et
823 2121 926 2178 Blasio
948 2135 984 2178 ac
1007 2126 1071 2178 tota
1094 2121 1315 2178 communitate
1338 2119 1455 2177 civium

192 2232 224 2284 et
252 2226 497 2284 inhabitatorum
529 2226 648 2301 prefate
677 2233 782 2284 nostre
812 2227 962 2296 civitatis,
995 2227 1286 2299 successoribusque
1317 2225 1459 2298 ipsorum

194 2332 347 2391 universis
369 2333 550 2391 innovantes
573 2339 724 2407 perpetuo
755 2333 907 2391 valituras
937 2332 1121 2390 confirmare
1145 2332 1352 2404 dignaremur.
1378 2332 1461 2405 Qua·

191 2439 392 2513 rumquidem
425 2440 601 2498 litterarum
624 2447 713 2497 tenor
737 2440 808 2497 talis
831 2446 892 2497 est:
915 2433 999 2517 (vide
1021 2440 1083 2497 vol.
1108 2440 1129 2497 l.
1153 2439 1227 2496 Doc.
1252 2452 1301 2507 51.
1326 2438 1364 2495 de
1379 2453 1459 2496 anno

194 2547 300 2616 1270),
324 2544 386 2603 Nos
398 2546 494 2618 igitur
517 2545 703 2604 humillimis
726 2545 1010 2620 supplicacionibus
1035 2544 1243 2602 antelaturum
1266 2545 1384 2601 civium
1401 2560 1457 2617 per

190 2666 244 2709 eos
273 2652 337 2709 suis
367 2666 403 2709 ac
432 2650 626 2725 prefatorum
654 2652 795 2710 omnium
825 2651 942 2708 civium
958 2657 988 2707 et
1012 2651 1110 2708 tocius
1133 2649 1365 2708 communitatis
1390 2665 1460 2722 pre·

190 2761 272 2814 tacte
304 2756 437 2814 civitatis
468 2763 572 2815 nostre
604 2758 718 2816 montis
742 2756 904 2816 Grecensis
926 2757 1106 2814 nominibus
1129 2762 1160 2813 et
1183 2756 1323 2830 personis
1346 2761 1458 2826 nostre,

191 2861 287 2919 modo
316 2876 378 2935 quo
409 2877 513 2936 supra,
547 2869 688 2936 porrecte
712 2864 872 2934 maiestati,
907 2864 991 2935 regia
1024 2863 1213 2936 benignitate
1244 2861 1397 2920 exauditis
1428 2868 1459 2919 et

189 2966 359 3026 clementer
391 2967 543 3039 admissis,
566 2969 755 3042 prescriptas
785 2969 903 3027 litteras
926 2968 1040 3042 prefati
1063 2969 1181 3026 domini
1205 2966 1355 3041 Stephani
1377 2969 1458 3041 regis

188 3087 251 3130 non
273 3073 408 3145 abrasas,
432 3088 495 3131 non
517 3074 702 3132 cancellatas
721 3091 777 3132 nec
792 3075 823 3132 in
838 3076 944 3149 aliqua
966 3076 1014 3132 sui
1037 3079 1125 3148 parte
1146 3085 1311 3147 suspectas,
1336 3090 1458 3147 presen-

188 3178 336 3252 tibusque
366 3180 478 3237 litteris
502 3181 615 3238 nostris
639 3180 888 3253 privilegialibus
911 3182 976 3238 sine
999 3180 1207 3238 diminucione
1231 3187 1260 3236 et
1291 3187 1458 3253 augmento

188 3285 320 3357 aliquali
336 3287 475 3360 insertas,
492 3286 596 3359 quoad
612 3301 719 3344 omnes
734 3302 841 3344 earum
857 3288 1071 3358 continencias,
1083 3286 1239 3345 clausulas
1262 3293 1292 3343 et
1308 3287 1457 3345 articulos

188 3397 324 3459 eatenus,
366 3398 517 3465 quatenus
547 3392 656 3450 eedem
686 3394 744 3451 rite
774 3402 804 3451 et
834 3394 986 3466 legittime
1018 3400 1158 3451 emanare
1182 3394 1326 3464 existunt,
1358 3408 1452 3466 acep-

187 3502 297 3566 tamus,
321 3498 535 3571 approbamus
558 3504 588 3555 et
613 3498 804 3556 ratificamus
821 3514 857 3556 ac
873 3499 996 3556 easdem
1020 3504 1049 3556 et
1073 3500 1177 3557 omnia
1201 3499 1232 3555 in
1255 3499 1292 3555 iis
1315 3504 1457 3556 contenta

189 3617 228 3659 ex
251 3612 334 3659 certa
356 3610 460 3660 nostre
484 3605 652 3662 maiestatis
667 3606 798 3663 sciencia
815 3611 845 3663 et
868 3606 971 3661 animo
996 3604 1169 3662 deliberato
1194 3619 1251 3677 pro
1275 3605 1457 3662 memoratis

186 3708 308 3766 civibus
339 3715 368 3766 et
403 3716 466 3767 tota
489 3712 710 3770 communitate
733 3711 852 3786 prefate
875 3712 1008 3769 civitatis
1031 3719 1133 3768 nostre
1158 3712 1361 3784 ipsorumque
1388 3726 1455 3768 suc·

186 3815 362 3872 sessoribus
392 3822 423 3873 et
455 3818 686 3889 posteritatibus
718 3819 870 3877 universis
902 3818 1094 3876 innovandas
1128 3823 1278 3890 perpetuo
1301 3817 1453 3873 valituras

185 3918 407 3977 confirmamus
430 3923 581 3994 presentis
604 3924 711 3998 scripti
735 3926 833 3982 nostri
857 3925 1028 3997 patrocinio
1053 3923 1215 3982 mediante.
1237 3924 1272 3979 In
1296 3923 1383 3979 cuius
1408 3922 1454 3980 rei

185 4027 379 4097 memoriam,
409 4026 652 4102 firmitatemque
684 4036 866 4103 perpetuam
892 4036 1048 4104 presentes
1072 4029 1190 4085 litteras
1213 4033 1334 4086 nostras
1358 4028 1454 4101 privi-

185 4131 313 4203 legiales
345 4133 506 4206 pendentis
537 4141 566 4192 et
598 4138 742 4195 autentici
774 4137 899 4194 maioris
931 4136 1026 4208 sigilii
1048 4135 1144 4191 nostri
1169 4134 1327 4207 dupplicis
1353 4133 1452 4190 muni·

184 4237 267 4295 mine
290 4239 452 4296 roboratas
476 4240 592 4298 eisdem
617 4242 762 4300 duximus
779 4243 996 4301 concedendas¹
1015 4243 1130 4298 Datum
1155 4257 1211 4314 per
1236 4256 1345 4298 manus
1361 4255 1446 4298 reve·

183 4343 361 4401 rendissimi
385 4346 415 4402 in
439 4345 564 4404 Christo
588 4349 693 4421 patris,
718 4349 837 4407 domini
861 4347 1007 4420 Stephani
1031 4348 1200 4404 colocensis
1223 4355 1253 4404 et
1277 4345 1451 4404 bachiensis

183 4450 385 4508 ecclesiarum
408 4453 642 4527 archicpiscopi,
669 4454 793 4528 locique
809 4453 947 4512 eiusdem
963 4454 1140 4510 Colocensis
1164 4454 1285 4510 comitis
1302 4451 1454 4525 perpetui,

182 4555 253 4614 aule
276 4562 380 4615 nostre
413 4560 528 4616 summi
551 4561 736 4631 cancellarii,
753 4560 856 4618 fidelis
871 4560 968 4617 nostri
992 4558 1108 4617 dilecti.
1135 4562 1223 4617 Anno
1247 4558 1366 4617 domini
1383 4557 1455 4615 mil·

183 4661 295 4720 lesimo
328 4663 633 4737 quadringentesimo
664 4667 858 4738 sexagesimo
889 4672 1008 4738 quarto,
1039 4678 1120 4722 nono
1152 4665 1301 4724 kalendas
1332 4663 1450 4738 aprilis.

182 4768 281 4841 Regni
312 4770 410 4828 nostri
433 4785 513 4829 anno
536 4773 678 4845 septimo,
702 4771 913 4830 coronacionis
930 4785 1004 4828 vero
1029 4771 1139 4844 primo.
1164 4771 1405 4831 venerabilibus
1423 4772 1454 4830 iu

182 4873 306 4934 Christo
338 4878 490 4952 patribus,
523 4879 667 4951 dominis,
692 4880 833 4938 Dionisio
857 4879 896 4936 de
927 4879 1034 4950 Zeech,
1066 4879 1216 4937 cardinali
1248 4879 1453 4951 strigoniensi,

1347 4982 1365 5020 a
