3278 5348
567 331 637 388 Dec.
661 343 733 388 220.
758 344 825 391 221.
849 363 884 373 -
911 330 967 388 Aa.
991 325 1081 407 1461.

1203 436 1450 449 ——-——

786 647 875 714 220.

296 844 376 892 Anno
398 844 472 906 1461,
495 856 533 894 ιο.
553 843 713 908 septembris.
734 843 882 907 Zagrabiae.

198 968 363 1037 Vinzrndm,
393 967 481 1026 abbas
518 969 583 1030 cist.
613 968 753 1042 angrub„
775 969 910 1043 plebanis
940 971 1149 1028 communitatis
1182 971 1310 1028 caritatis
1340 970 1452 1043 sagrab.

192 1075 324 1145 attondat,
352 1082 386 1132 ut
414 1083 590 1133 cotimmaces
616 1076 754 1149 quosdam
777 1093 811 1132 uc
833 1077 1085 1134 excommunicatos
1106 1077 1234 1133 hanzines
1248 1084 1373 1151 propter
1392 1073 1455 1135 sub·

376 1183 543 1240 tractionem
566 1181 739 1238 decanorum
762 1182 883 1255 capion·
904 1181 1020 1255 zograb.
1045 1183 1077 1241 in
1091 1184 1147 1258 jus
1170 1190 1275 1240 vocent.

295 1345 402 1402 Frater
432 1343 628 1403 Winnandus
659 1345 757 1403 abbas
789 1346 969 1402 monasterii
1000 1346 1090 1403 beate
1120 1344 1217 1402 Marie
1253 1344 1385 1417 virginis
1418 1344 1454 1402 de

188 1449 349 1522 Zagrabia‚
381 1449 498 1508 ordinis
528 1451 738 1521 cisterciensis,
762 1458 962 1509 conservator
985 1456 1016 1508 et
1037 1449 1132 1526 judex
1155 1494 1161 1508 .
1186 1496 1192 1508 .
1216 1496 1222 1508 .
1248 1497 1254 1508 .
1287 1455 1454 1524 perpetuus

193 1599 199 1611 .
225 1598 232 1611 .
257 1598 265 1614 .
290 1556 554 1614 ‚venerabilibus
584 1555 719 1614 dominis
749 1557 878 1629 capituli
901 1556 1120 1629 zagrabiensis,
1143 1572 1200 1629 per
1223 1561 1452 1615 sacrosanctam

191 1661 368 1733 generalem
397 1659 543 1720 sinodum
574 1662 774 1720 Basiliensem
798 1706 958 1719 ......
983 1661 1073 1720 datus
1097 1668 1128 1720 et
1151 1660 1330 1736 deputatus.
1356 1663 1451 1720 Vobis

187 1766 328 1825 discretis
358 1769 434 1825 viris
457 1767 591 1827 dominis
615 1769 715 1840 Petro,
739 1769 835 1826 sancti
859 1768 1000 1840 Emerici,
1025 1768 1157 1838 Matheo,
1183 1768 1282 1824 sancti
1308 1768 1456 1826 Anthonii

187 1872 226 1931 de
241 1873 391 1946 Zagrabia
408 1875 608 1932 ecclesiarum
626 1875 777 1948 plebanis,
793 1875 824 1932 in
840 1875 955 1932 virtute
978 1880 1081 1932 sancte
1105 1874 1286 1932 obediencie
1310 1874 1453 1932 commit·

185 1980 280 2037 timus
310 1987 339 2037 et
363 1979 555 2053 mandamus,
579 1986 729 2053 quatenus
753 1995 826 2038 mox
849 1981 980 2054 receptis
997 1980 1200 2053 presentibus,
1223 1979 1264 2037 ad
1288 1980 1450 2038 universos

187 2095 216 2143 et
239 2087 377 2158 singulos
394 2087 534 2144 homines
556 2089 792 2159 generacionum
817 2086 935 2159 Supczi,
959 2087 1102 2144 Thalichi
1125 2095 1154 2144 et
1179 2085 1413 2158 Zenthywancz,
1429 2087 1455 2144 si

187 2191 328 2265 ipsorum
360 2198 412 2249 aut
443 2199 680 2266 procuratorum
703 2193 885 2250 eorumdem
909 2194 940 2251 in
963 2193 1088 2251 civitate
1110 2192 1304 2265 zagrabiensi
1328 2194 1454 2266 copiam

187 2298 302 2354 habere
334 2299 483 2371 poteritis,
514 2298 654 2371 alioquin
685 2298 723 2355 ad
748 2299 857 2356 valvas
881 2298 1071 2357 kathedralis
1094 2298 1222 2356 ecclesie
1245 2299 1454 2371 zagrabiensis

187 2403 346 2472 accedatis,
363 2405 509 2476 ipsosque
525 2404 642 2462 ibidem
660 2406 786 2478 publice
808 2410 838 2461 et
862 2404 1024 2462 manifeste
1047 2421 1104 2478 per
1126 2403 1308 2462 affixionem
1330 2420 1455 2478 presen-

187 2509 268 2564 cium
287 2509 381 2565 vestri
399 2510 428 2565 in
446 2511 636 2582 presenciam
653 2510 692 2567 ad
718 2512 894 2583 proximam
919 2509 1028 2567 feriam
1054 2515 1206 2584 quartam,
1223 2509 1261 2566 ad
1281 2509 1452 2567 videndum

187 2618 217 2671 et
247 2612 434 2670 audiendum
464 2632 496 2671 se
528 2617 791 2674 excommunicari
823 2632 880 2690 pro
913 2617 1107 2674 contumacia
1138 2631 1235 2690 quare
1259 2615 1344 2673 idem
1368 2617 1453 2674 citati

187 2721 396 2794 peremptorie
420 2720 458 2777 ad
483 2721 664 2779 instanciam
688 2721 842 2780 dictorum
868 2722 1066 2780 dominorum
1090 2722 1221 2794 capituli
1243 2723 1453 2794 zagrabiensis

186 2833 315 2900 propter
349 2829 596 2885 subtraccionem
632 2828 823 2886 decimarum
858 2837 887 2886 et
922 2829 1113 2886 invasionem
1145 2834 1176 2885 et
1209 2829 1451 2901 occupacionem

186 2933 375 3005 earumdem,
392 2936 531 3007 ipsorum
557 2934 594 2990 de
612 2934 714 2993 medio
737 2935 837 2993 eidem
861 2935 998 3009 capitulo
1023 2936 1187 3007 provenire
1210 2933 1377 3006 debendas,
1392 2951 1448 2994 nec

186 3046 400 3113 comparentes
432 3055 535 3096 coram
568 3041 658 3098 nobis
681 3046 933 3114 contempserunt
955 3048 985 3098 et
1009 3041 1231 3098 commiserunt
1254 3047 1284 3097 et
1308 3056 1368 3114 pro
1390 3057 1451 3114 qua

186 3152 381 3203 contumaces
397 3148 532 3218 reputati
548 3156 629 3216 sunt,
645 3153 697 3203 aut
714 3146 753 3203 ad
771 3146 937 3204 dicendum
953 3156 982 3204 et
1006 3146 1207 3219 allegandum
1231 3161 1328 3220 quare
1344 3150 1453 3222 previa

186 3253 307 3309 racione
331 3253 591 3309 excommunicari
617 3268 677 3309 non
699 3253 855 3321 deberent,
880 3254 1089 3326 peremptorie
1112 3253 1220 3323 citetis
1242 3254 1354 3311 seriem
1380 3269 1450 3311 cum

185 3358 362 3415 nominibus
387 3359 559 3426 citatorum,
584 3360 843 3430 terminoquoque
868 3360 1022 3430 assignato
1046 3358 1136 3416 nobis
1159 3358 1384 3417 conscienciose
1405 3376 1451 3417 re-

185 3464 362 3533 scribentes,
395 3467 591 3538 presentibus
622 3466 712 3523 nobis
743 3466 773 3523 in
805 3467 907 3539 specie
931 3467 1077 3524 remissis
1103 3465 1219 3523 Datum
1244 3465 1397 3537 Zagrabie
1420 3468 1450 3524 in

187 3569 281 3627 domo
302 3581 405 3627 nostre
428 3573 631 3629 habitacionis
656 3572 731 3628 feria
755 3574 863 3645 quinta
887 3574 1031 3646 proxima
1055 3578 1124 3645 post
1141 3571 1255 3629 festum
1278 3573 1448 3630 nativitatis

187 3676 316 3747 virginis
344 3679 447 3734 llarie.
473 3680 562 3734 Anno
594 3679 712 3735 domini
735 3680 905 3737 millesimo
929 3678 1233 3751 quadringentesimo
1256 3679 1450 3752 sexagesimo

184 3781 298 3853 primo.

760 3904 874 3920 .....
894 3868 926 3915 de
944 3869 1077 3932 Thywrer,
1096 3870 1212 3917 notarius
1230 3869 1257 3917 in
1276 3870 1417 3934 premissis.

290 4095 422 4158 Originale
441 4097 468 4144 in
488 4098 582 4147 charta.
604 4101 634 4145 In
654 4098 767 4159 margine
785 4098 900 4145 inferiori
922 4098 1074 4160 impressum
1101 4104 1139 4145 est
1165 4095 1279 4160 sigillum
1298 4098 1408 4156 abbatis,
1426 4105 1450 4146 et

184 4183 235 4230 duo
261 4182 346 4246 sigilla
373 4184 541 4247 plebanorum
569 4194 593 4233 et
622 4195 682 4234 nota
707 4187 868 4248 marginalis:
896 4186 1050 4234 Reverende
1070 4192 1151 4249 pater.
1170 4185 1226 4233 Nos
1248 4187 1352 4261 Petras,
1371 4187 1450 4237 sancti

183 4273 296 4321 Emeriei
315 4281 339 4321 et
360 4273 473 4323 Mathias
493 4277 573 4323 saneti
593 4275 718 4324 nathonii
738 4276 902 4325 ecclesiarum
922 4274 1110 4340 pnwchialium
1128 4274 1233 4340 plebani
1246 4274 1355 4325 fecimus
1368 4282 1450 4326 vestre

183 4362 344 4425 paternitatis
363 4363 434 4411 iuxta
453 4365 646 4415 continenciam.
