3278 5348
624 444 696 504 Dor.
720 440 789 521 136.
812 477 854 487 -
878 446 934 503 An.
959 460 1049 524 1443.
1406 465 1465 525 193

199 662 232 713 ut
255 657 325 731 ipsa
350 658 461 716 totales
495 660 646 718 sessiones
668 674 739 717 suas
773 675 903 717 numero
927 665 997 730 tres,
1032 662 1201 719 simulcum
1224 679 1278 720 sex
1302 660 1463 737 jugeribus

198 778 249 820 seu
275 761 368 820 dietis
388 764 420 822 in
451 780 563 839 campo
599 774 630 823 et
663 766 820 824 territorio
843 767 976 824 civitatis
1011 767 1131 841 prefate
1166 769 1197 826 in
1221 767 1298 825 villa
1322 768 1466 827 videlicet

198 867 356 941 Pobresya
379 870 459 928 inter
482 871 694 945 possessiones
717 887 771 929 seu
794 872 944 929 sessiones
974 869 1187 946 jobagionales
1218 872 1390 932 liberorum
1411 891 1465 933 seu

195 989 413 1033 successorum
438 976 499 1033 viri
522 975 653 1033 condam
685 975 810 1049 providi
833 982 863 1033 et
894 977 1015 1034 honesti
1050 978 1209 1036 Michaelis
1244 980 1322 1037 olim
1355 980 1465 1039 iudicis

195 1087 225 1138 et
248 1082 387 1139 concivis
410 1083 517 1153 nostri,
540 1082 599 1140 filii
623 1081 804 1153 Sebastiam,
825 1084 983 1156 utrimque
1006 1084 1128 1141 habitas
1149 1091 1179 1142 et
1195 1086 1369 1157 existentes,
1386 1086 1465 1144 alias

197 1185 410 1260 Banatellelry,
432 1203 504 1245 eum
527 1189 603 1262 ipsis
636 1204 690 1246 sex
713 1187 873 1261 iugeribus
896 1205 949 1246 seu
985 1189 1074 1247 dietis
1097 1197 1178 1248 terre
1201 1191 1298 1263 vulgo
1320 1191 1464 1250 Zadwor·

196 1309 292 1365 nycze
329 1293 421 1351 dictis
455 1294 627 1369 appelatos.
661 1309 697 1352 ac
721 1296 818 1352 eciam
854 1295 1005 1368 quasdam
1039 1302 1138 1354 terras
1173 1311 1243 1354 suas
1275 1298 1409 1356 arabiles
1433 1300 1464 1357 in

196 1400 307 1458 eodem
333 1416 445 1475 campo
470 1407 502 1458 et
537 1401 693 1459 territorio
728 1402 860 1458 civitatis
885 1401 1003 1476 prefate
1038 1403 1122 1460 iuxta
1156 1402 1329 1476 predictam
1353 1404 1462 1462 villam

198 1505 358 1578 Pobresye
381 1513 524 1565 vocatam
550 1508 581 1565 in
604 1508 762 1566 vicinitate
786 1514 939 1565 terrarum
963 1508 1136 1567 liberorum
1167 1525 1220 1566 seu
1251 1524 1462 1568 successorum

195 1612 331 1670 condam
355 1614 504 1696 Johannis
527 1613 668 1686 Graczyn
692 1620 721 1671 et
744 1614 918 1671 liberorum
942 1615 1087 1673 similiter
1111 1630 1165 1672 seu
1189 1631 1402 1674 successorum
1426 1632 1461 1675 ac

194 1719 345 1777 heredum
368 1720 501 1778 condam
516 1720 631 1778 Donati
647 1719 685 1777 de
702 1722 812 1790 lleczo,
836 1720 933 1792 vulgo
949 1719 1174 1793 Zadwornycze
1189 1720 1352 1792 dictarum,
1369 1738 1462 1795 penes

193 1824 280 1882 viam
304 1840 502 1884 communem
528 1826 568 1885 ad
581 1835 708 1901 portum
724 1827 895 1884 liberorum
916 1827 1048 1885 condam
1063 1828 1208 1898 Ladislai,
1224 1828 1283 1885 filii
1303 1828 1462 1910 Johannis,

194 1930 233 1989 de
263 1930 373 2005 Chehy
405 1933 578 2003 ducentem,
613 1934 745 2002 habitas,
783 1934 874 1990 certis
908 1934 1003 2004 signis
1026 1934 1193 1991 metalibus
1216 1934 1409 2006 consignatas
1433 1941 1462 1993 et

195 2037 296 2095 eciam
319 2038 398 2096 alias
421 2044 520 2098 terras
542 2055 613 2097 suas
636 2041 780 2097 similiter
810 2039 945 2096 arabiles
977 2041 1056 2097 inter
1089 2046 1187 2098 terras
1210 2039 1383 2098 liberorum
1407 2056 1460 2098 seu

194 2158 409 2202 successorum
440 2145 573 2203 condam
608 2146 707 2217 Petri,
742 2145 817 2203 dicti
851 2145 982 2216 Nobilis,
1018 2146 1094 2203 olim
1128 2147 1264 2204 concivis
1298 2147 1396 2204 nostri
1431 2154 1460 2204 et

195 2250 366 2324 quemdam
390 2257 529 2309 meatum
553 2267 633 2325 aque
655 2252 815 2326 pluvialis,
838 2251 1062 2324 Chogoynycza
1085 2253 1288 2326 appellatum,
1312 2267 1347 2309 ac
1382 2251 1459 2310 duas

194 2357 261 2414 vias
293 2371 476 2416 communes
511 2360 683 2429 existentes,
722 2372 840 2416 necnon
863 2358 940 2415 alias
970 2358 1113 2415 similiter
1150 2364 1247 2415 terras
1270 2371 1340 2414 suas
1363 2358 1458 2416 modo

193 2463 288 2521 simili
312 2464 456 2536 arabiles,
480 2465 597 2522 ibidem
620 2465 652 2521 in
675 2464 821 2537 opposito
845 2464 927 2522 ultra
950 2465 1034 2520 viam
1059 2463 1239 2520 earumdem
1261 2469 1415 2521 terrarum
1441 2479 1459 2521 a

193 2573 281 2641 parte
305 2570 457 2641 orientali,
481 2571 561 2628 inter
584 2575 682 2628 terras
707 2569 838 2626 condam
862 2568 1036 2626 liberorum
1059 2584 1113 2626 seu
1134 2583 1344 2626 successorum
1380 2570 1458 2628 olim

194 2676 338 2748 magistri
362 2676 446 2735 Petri
468 2677 604 2746 litterati,
628 2691 646 2734 a
670 2684 757 2750 parte
781 2675 854 2733 dicti
878 2683 997 2733 meatus
1020 2691 1099 2749 aque
1123 2675 1348 2747 Chogoynycza
1381 2692 1456 2735 nun·

191 2788 304 2855 cupate
329 2788 359 2838 et
395 2783 567 2841 liberorum
603 2783 805 2840 consimiliter
839 2798 892 2839 seu
927 2797 1138 2839 successorum
1172 2780 1303 2839 condam
1328 2782 1456 2855 Vrbani,

191 2884 265 2944 dicti
301 2887 490 2958 Hansethyn,
526 2887 602 2944 olim
637 2887 779 2944 similiter
814 2888 910 2944 nostri
945 2887 1088 2956 concivis,
1120 2893 1149 2943 et
1184 2886 1260 2944 duas
1282 2888 1348 2945 vias
1372 2903 1455 2946 corn·

189 3005 302 3049 munes
326 2993 357 3049 in
381 3007 492 3065 campo
514 2999 620 3050 nostro
644 2993 822 3066 supradicto
843 2994 916 3051 sitas
941 2992 977 3049 ad
1010 2993 1168 3066 predictas
1191 2995 1339 3050 sessiones
1363 2992 1453 3069 joba·

187 3099 330 3169 gionales
354 3106 384 3156 et
408 3100 474 3172 ipsa
508 3116 562 3156 sex
594 3097 701 3174 jugera
734 3106 815 3156 terre
839 3115 963 3171 semper
998 3107 1026 3156 et
1059 3100 1100 3155 ab
1123 3100 1250 3172 antiquo
1274 3099 1312 3157 de
1335 3099 1402 3174 jure
1424 3109 1454 3160 et

189 3203 345 3276 legittime
379 3211 552 3279 spectantes
588 3211 618 3262 et
642 3207 835 3280 pertinentes,
860 3207 960 3279 ipsam
995 3206 1112 3263 seilicet
1135 3206 1264 3263 Elenam
1288 3207 1452 3265 mulierem

187 3310 351 3384 apreiato
374 3311 512 3393 Johanne
536 3313 684 3383 institere,
709 3313 814 3385 priore
851 3311 995 3369 videlicet
1030 3311 1157 3368 domino
1191 3317 1220 3369 et
1258 3314 1369 3370 marito
1393 3330 1451 3372 suo

187 3415 351 3489 legittimo,
373 3424 444 3489 post
474 3418 596 3476 obitum
619 3419 716 3491 ipsius
751 3417 817 3492 jure
853 3417 1040 3502 hereditario
1075 3419 1160 3475 iuxta
1194 3419 1290 3490 ipsius
1321 3421 1453 3479 civitatis

187 3523 349 3596 antiquam
384 3523 635 3581 consuetudinem
662 3532 692 3580 et
715 3524 946 3597 privilegiatam
971 3523 1154 3594 libertatem,
1179 3525 1300 3581 nemine
1332 3527 1452 3598 penitus

185 3629 423 3701 contradicente,
440 3630 497 3687 rite
517 3636 547 3688 et
563 3631 714 3703 legittime
731 3637 955 3698 concernentes,
970 3629 1137 3686 simulcum
1152 3631 1297 3686 omnibus
1313 3632 1452 3703 ipsarum

186 3735 281 3793 trium
304 3736 476 3793 sessionum
493 3751 619 3793 suarum
634 3734 880 3811 jobagionalium
896 3751 932 3793 ac
949 3736 1101 3793 dictarum
1125 3752 1179 3792 sex
1202 3733 1346 3809 jugerum
1363 3744 1451 3809 terre,

184 3854 302 3898 necnon
349 3841 488 3914 ipsarum
525 3842 658 3899 aliarum
694 3849 848 3900 terrarum
883 3843 1052 3899 arabilium
1087 3843 1288 3912 utilitatibus,
1322 3841 1451 3917 juribus,

184 3946 301 4016 usibus,
330 3947 568 4020 integritatibus,
603 3947 869 4006 fructuositatibus
903 3956 933 4004 et
967 3950 1164 4021 pertinenciis
1199 3950 1351 4006 universis
1383 3952 1450 4008 viro

185 4052 331 4110 similiter
353 4053 487 4127 provido
511 4053 665 4111 Clementi
700 4054 845 4124 carnifici,
882 4054 948 4111 filio
988 4055 1154 4125 Michaelis,
1186 4055 1304 4111 concivi
1336 4064 1450 4127 nostro,

184 4156 301 4217 decano
321 4159 472 4217 moderno
494 4160 648 4217 colendini
669 4160 927 4218 confraternitatis
951 4160 1139 4230 carnificum,
1164 4177 1198 4217 ac
1221 4177 1276 4232 per
1293 4177 1363 4217 eum
1387 4163 1450 4219 suis

185 4264 356 4323 heredibus
379 4281 437 4341 pro
460 4266 609 4324 tredecim
632 4267 755 4325 ilorenis
779 4268 847 4324 auri
879 4283 933 4341 per
969 4267 1101 4323 eundem
1125 4267 1318 4323 Clementem
1350 4269 1448 4325 carni·

184 4368 277 4431 ficem
302 4371 420 4445 prefate
443 4372 537 4430 Elene
562 4373 695 4443 mulieri,
719 4381 813 4447 prout
836 4374 968 4447 ipsamet
1001 4374 1090 4430 nobis
1122 4373 1236 4443 retulit,
1265 4371 1329 4447 jam
1354 4373 1444 4445 plene

183 4477 360 4551 persolutis,
384 4478 581 4549 vendidisset,
606 4479 702 4536 immo
714 4495 752 4536 ex
775 4495 924 4537 consensu
948 4487 1011 4536 tam
1029 4479 1140 4552 prefati
1161 4478 1287 4551 Georgii
1313 4479 1442 4551 clientis,

183 4581 304 4641 domini
327 4583 473 4642 videlicet
495 4592 525 4642 et
550 4586 653 4643 mariti
676 4587 724 4643 sui
748 4586 901 4658 legittimi,
918 4602 1013 4659 quarn
1026 4587 1200 4643 vicinorum
1224 4586 1445 4659 predictorum,

182 4688 324 4748 vendidit
347 4704 452 4748 coram
475 4666 566 4749 nobis
589 4689 657 4765 jure
680 4700 832 4765 perpetuo
857 4699 886 4750 et
908 4692 1155 4750 irrevocabiliter
1191 4690 1392 4766 possidendas
1415 4699 1446 4750 et

182 4795 477 4870 quomodocumque
513 4797 668 4855 voluerint
704 4798 910 4872 disponendas
944 4797 1030 4874 juxta
1068 4800 1280 4858 condicionem
1311 4799 1445 4857 civitatis

183 4907 343 4975 prenotate
373 4903 413 4961 ab
444 4904 572 4976 antiquo
607 4905 822 4978 approbatam.
849 4905 881 4962 ln
917 4905 1002 4963 cuius
1026 4907 1071 4964 rei
1103 4908 1295 4978 memoriam,
1317 4905 1446 4964 firmita-

1350 5027 1385 5085 ¹3
