3278 5348
590 428 664 487 Doc.
681 441 757 505 3⁰¹·
784 460 825 472 -
849 427 906 486 An
930 422 1020 505 1476.

774 797 858 864 301.
957 894 971 919 ο

285 993 367 1043 Anno
388 992 463 1058 1476,
485 1005 525 1055 14.
542 992 617 1057 Julii.
635 992 734 1042 Budne.

180 1174 325 1243 Matthias,
356 1173 533 1247 Huugariac
561 1181 610 1230 etc.
642 1191 705 1243 rex,
727 1172 828 1229 abbati
851 1171 969 1247 Cysterc.
994 1171 1113 1247 nngrab.
1137 1169 1277 1244 mandat,
1306 1174 1445 1246 utimp

181 1300 256 1356 tione
283 1298 442 1356 Turturum
471 1299 632 1355 rinmincntc
661 1296 821 1354 dt'mantur
849 1297 978 1369 tuguria,
1008 1296 1060 1353 sub
1090 1299 1267 1355 monasten'o
1291 1299 1361 1368 sita,
1380 1314 1445 1372 quae

652 1421 747 1495 facile
769 1419 971 1481 accendantur.

296 1616 426 1674 Mathias
450 1614 499 1674 dei
522 1617 628 1688 gracia
657 1632 713 1673 rex
743 1616 911 1689 Hungarie‚
942 1616 1088 1675 Bohemie
1119 1620 1175 1676 etc.
1207 1617 1314 1677 Fideli
1344 1624 1443 1677 nostro

181 1723 327 1794 religioso
359 1723 427 1780 viro
458 1722 565 1780 abbati
595 1723 773 1781 monasterii
803 1723 893 1780 beate
925 1723 1021 1781 Marie
1052 1723 1182 1795 virginis
1215 1723 1256 1781 de
1288 1724 1445 1798 Zagrabiu

180 1829 313 1885 salutem
344 1834 374 1885 et
403 1829 550 1901 graciam.
581 1828 764 1902 Expositum
795 1828 897 1887 extitit
926 1828 1080 1886 maiestati
1110 1834 1218 1887 nostre
1251 1830 1285 1888 in
1309 1830 1443 1904 personis

181 1934 323 1992 fidelium
346 1941 525 1993 nostrorum
548 1935 741 1993 honorabilis
756 1935 884 2007 capituli
901 1935 1029 1992 ecclesie
1044 1934 1264 2007 zagrabiensis‚
1289 1934 1444 2009 quomodo

182 2056 238 2098 vos
262 2048 292 2098 et
323 2042 427 2114 ipsum
458 2041 681 2099 monasterium
706 2047 843 2099 vestrum
866 2041 925 2099 sub
956 2041 1130 2099 municione
1153 2040 1298 2100 eiusdem
1321 2040 1446 2116 capituli

181 2147 336 2205 haberetis
367 2148 396 2205 in
429 2148 546 2205 vilibus
577 2147 723 2204 domibus
753 2152 783 2204 et
805 2147 944 2219 tuguriis,
968 2146 1136 2220 cespitibus
1158 2147 1328 2220 coopertis,
1352 2156 1447 2206 certos

182 2253 365 2311 domicellas
389 2270 443 2311 seu
466 2252 655 2329 jobagiones‚
680 2253 761 2311 unde
784 2260 814 2311 et
837 2253 876 2310 de
892 2254 1006 2326 quibus
1022 2252 1218 2326 temporibus
1234 2253 1444 2312 incursionum

181 2360 379 2418 Thurcorum
403 2377 459 2434 per
481 2359 622 2418 incendia
646 2367 709 2419 tam
741 2360 879 2434 capitulo
903 2375 998 2433 quam
1021 2358 1139 2417 civitati
1161 2357 1359 2431 zagrabiensi
1381 2372 1446 2431 gra·

184 2468 234 2524 via
257 2475 438 2525 vererentur
468 2468 592 2525 evenire
623 2482 713 2541 posse
745 2466 884 2540 pericula
916 2471 947 2524 et
976 2465 1121 2539 dampna,
1154 2464 1373 2539 supplicantes
1395 2480 1446 2538 per

182 2574 375 2632 maiestatem
398 2580 537 2632 nostram
561 2575 598 2632 de
622 2573 760 2632 remedio
783 2571 950 2647 provideri.
969 2570 1049 2629 Cum
1071 2577 1176 2629 autem
1198 2571 1370 2629 commoda
1392 2570 1446 2628 rei·

181 2682 307 2753 publice
330 2682 461 2755 privatis
485 2683 661 2755 quibusque
691 2679 830 2754 preferri,
862 2684 892 2737 et
927 2677 1013 2752 prius
1044 2676 1082 2736 de
1112 2676 1257 2750 periculo
1281 2676 1441 2751 provideri

183 2785 323 2857 debeant,
352 2803 447 2860 quam
470 2789 622 2858 eveniant,
654 2786 797 2844 fidelitati
827 2786 932 2859 itaque
963 2790 1064 2841 vestre
1093 2782 1227 2840 firmiter
1256 2783 1444 2857 precipimus

183 2899 213 2950 et
236 2893 429 2963 mandamus,
461 2902 612 2966 quatenus
643 2893 748 2951 statim
778 2892 912 2965 acceptis
943 2890 1147 2964 presentibus,
1171 2888 1244 2947 illas
1275 2889 1397 2946 casulas
1419 2893 1446 2945 et

183 3001 306 3069 tuguria
330 2999 568 3057 domiceilarum
585 3007 719 3069 tuorum,
736 2999 822 3056 omni
837 2997 996 3055 occasione
1012 3001 1042 3054 et
1065 2995 1233 3053 renitencia
1258 2994 1446 3070 postpositis,

182 3104 321 3161 funditus
353 3105 483 3163 distrahi
514 3115 544 3163 et
575 3106 690 3179 deponi
718 3105 827 3176 facere,
851 3105 1029 3176 incolasque
1052 3103 1125 3160 illos
1148 3101 1230 3159 intra
1255 3100 1444 3160 fortalicium

182 3226 235 3267 seu
268 3212 475 3267 municionem
507 3212 638 3285 capituli
670 3218 841 3285 pretactam
872 3210 976 3268 locare
1006 3207 1154 3278 debeatis,
1178 3207 1321 3281 alioquin
1344 3213 1443 3265 aucto·

183 3317 305 3374 ritatem
329 3318 502 3390 plenariam
519 3318 662 3375 dedimus
678 3319 766 3376 banis
790 3317 841 3375 vel
865 3315 1022 3374 vicebanis
1045 3314 1132 3386 regui
1154 3314 1253 3371 nostri
1276 3311 1445 3381 Sclauonie,

183 3430 216 3479 ut
239 3423 297 3496 ipsi
329 3438 384 3480 vos
419 3424 457 3480 ad
489 3425 744 3482 observacionem
775 3423 954 3482 huiusmodi
984 3420 1123 3479 mandati
1144 3419 1242 3477 nostri
1265 3434 1324 3493 per
1347 3418 1445 3477 omnia

183 3537 358 3601 opportuna
389 3533 572 3601 gravamina
595 3537 698 3588 vestra
721 3531 911 3604 compellere
942 3527 1073 3586 debeant
1096 3531 1127 3584 et
1149 3525 1332 3598 astringant
1356 3523 1443 3583 Secus

182 3651 256 3707 ergo
280 3650 339 3692 non
370 3634 487 3693 facturi.
512 3637 671 3695 Presentes
693 3644 797 3694 autem
821 3643 891 3711 post
915 3636 1066 3693 lecturam
1090 3648 1207 3703 earum,
1230 3631 1354 3690 reddite
1378 3645 1442 3706 pre·

182 3742 321 3799 sentanti.
353 3742 469 3799 Datum
492 3743 576 3800 Bude
612 3743 688 3800 seria
712 3753 822 3816 quarta
846 3744 990 3818 proxima
1020 3747 1091 3800 ante
1114 3740 1229 3799 festum
1253 3740 1345 3798 beate
1372 3739 1445 3796 llar-

182 3849 309 3923 garetlie
333 3849 461 3920 virginis
483 3856 512 3905 et
529 3851 673 3907 martiris.
692 3853 781 3908 Anno
805 3851 923 3908 domini
948 3848 1117 3907 millesimo
1142 3844 1443 3920 quadringentesimo

182 3956 410 4028 septuagesimo
436 3962 530 4012 sexto.
555 3956 733 4028 Regnorum
758 3965 934 4015 nostrorum
959 3970 1040 4013 anno
1063 3954 1223 4027 Hungarie
1246 3958 1303 4012 etc.
1328 3951 1442 4009 decimo

181 4076 272 4132 nono,
295 4061 442 4118 Bohemie
466 4077 541 4118 vero
565 4069 684 4119 octavo.

287 4301 421 4366 Originale
448 4301 475 4348 in
500 4300 595 4350 charta.
615 4303 646 4350 In
665 4303 780 4365 margine
798 4303 914 4351 inferiori
933 4303 1086 4367 impressum
1105 4306 1145 4349 est
1162 4296 1288 4363 sigillum.
1307 4299 1339 4347 In
1356 4294 1444 4346 archiv.

181 4406 237 4441 ven.
257 4392 334 4455 cupit.
354 4389 455 4453 zagrab.
476 4389 537 4439 Act.
557 4392 634 4452 capit.
654 4399 706 4442 ant.
726 4393 788 4442 fasc.
811 4403 850 4455 17.
870 4406 907 4441 nr.
928 4390 970 4452 96.
