3278 5348
612 424 685 484 Doc.
708 437 779 500 203.
804 456 847 466 -
871 423 926 480 An.
950 419 1046 501 1458.

779 635 871 701 203.

289 780 371 829 Anno
392 781 466 846 1458,
487 780 511 832 8.
530 779 630 845 aprilis.
650 778 798 843 Zagrabiae.

191 910 284 985 Vitas,
310 918 496 990 praepositus
528 917 649 990 capituli
676 915 805 988 zograb,
832 922 862 971 ct
895 914 1021 971 Clemens
1043 915 1195 970 canonicus
1215 920 1335 986 propter
1355 919 1451 969 conns·

182 1023 299 1080 antliam
314 1024 448 1080 camiso
469 1023 581 1081 cuidam
605 1023 727 1091 illatum,
742 1023 889 1091 consortio,
903 1020 1091 1094 proventibus
1106 1028 1134 1076 et
1140 1016 1276 1092 praediis
1291 1017 1334 1074 od
1346 1026 1453 1091 tempus

655 1128 796 1203 quoddam
812 1128 983 1205 privantur.

199 1352 202 1360 Ι
291 1273 382 1330 Anno
407 1272 526 1331 domini
550 1272 793 1345 MCCCCLVIII,
817 1271 948 1330 sabbato
973 1271 1119 1345 proximo
1135 1276 1206 1343 post
1229 1267 1341 1326 festum
1367 1283 1452 1326 resu-

184 1377 328 1436 rectionis
350 1378 488 1451 Domini,
511 1379 552 1438 ad
568 1394 679 1438 sonum
695 1378 823 1437 maioris
840 1393 998 1453 campane,
1022 1393 1129 1436 omnes
1153 1376 1272 1435 domini
1294 1381 1451 1450 presentes

185 1484 401 1557 capitulariter
434 1487 619 1559 congregati,
650 1490 720 1544 ante
751 1501 900 1560 magnam
930 1485 1089 1543 choralem
1121 1485 1258 1553 missam,
1290 1483 1398 1540 multis
1420 1488 1450 1540 et

184 1590 318 1649 diversis
340 1592 429 1665 prius
452 1592 615 1667 premissis
634 1592 819 1652 tractatibus
835 1598 866 1651 et
887 1598 1010 1650 matura
1025 1591 1190 1666 prehabita
1213 1589 1449 1661 deliberacione,

184 1696 325 1755 unanimi
358 1702 433 1756 voto
463 1703 494 1756 et
516 1698 662 1758 concordi
691 1699 852 1757 voluntate
883 1700 1108 1769 concluserunt,
1139 1695 1223 1771 quod
1254 1695 1449 1753 venerabiles

183 1803 254 1875 viri,
279 1802 407 1877 domini,
431 1804 522 1863 Vitus
546 1805 722 1879 prepositus
745 1810 775 1863 et
787 1806 936 1879 magister
951 1805 1104 1875 Clemens,
1128 1803 1325 1860 concanonici
1344 1802 1451 1872 nostri,

184 1926 243 1985 per
262 1909 471 1969 reverendum
508 1912 539 1969 in
567 1911 692 1970 Christo
723 1917 854 1986 patrem,
886 1910 1048 1968 dominum
1082 1916 1223 1967 nostrum
1255 1921 1448 1981 generosum,

184 2016 348 2074 dominum
378 2018 562 2092 episcopum
591 2018 828 2089 waradiensem,
859 2034 897 2076 ex
929 2018 1081 2075 relacione
1114 2014 1307 2073 honorabilis
1330 2013 1449 2071 domini

183 2123 304 2181 Thome
327 2122 450 2197 Tompa
472 2125 583 2196 vocati,
605 2125 738 2182 consocii
760 2125 865 2196 nostri,
889 2124 1049 2197 inculpati,
1070 2122 1212 2192 accusati,
1236 2119 1321 2193 quod
1353 2118 1448 2176 iidem

183 2228 319 2288 eundem
341 2234 485 2304 tempore
508 2245 562 2288 sue
579 2230 767 2304 captivitatis
787 2231 879 2289 certis
895 2229 1113 2288 diffamatoriis
1137 2228 1188 2285 vel
1210 2225 1451 2285 exacerbatoriis

182 2336 298 2411 pocius
320 2336 427 2394 verbis
449 2337 587 2409 graviter
610 2336 812 2396 offendissent
835 2337 919 2394 Bude
949 2337 1066 2394 scilicet
1097 2336 1128 2393 in
1157 2340 1263 2393 nostra
1293 2333 1449 2405 legacione

182 2443 360 2514 existentes,
385 2443 428 2500 ob
451 2458 546 2517 quam
569 2443 668 2501 eciam
692 2443 795 2501 littere
819 2444 1031 2517 privilegiales
1062 2442 1191 2516 capituli
1221 2441 1345 2499 racione
1371 2438 1452 2495 deci·

183 2563 310 2607 marum
337 2549 416 2606 inter
439 2550 561 2607 Moram
584 2558 614 2606 et
638 2550 785 2608 Drawam
810 2566 866 2623 per
889 2548 1022 2607 cundem
1046 2548 1207 2606 dominum
1228 2545 1452 2605 waradiensem

186 2654 423 2730 quodammodo
446 2655 607 2729 prepedite
631 2655 732 2714 forent
754 2672 809 2713 nec
832 2655 872 2713 ad
896 2671 1022 2729 presens
1046 2660 1116 2713 sunt
1146 2658 1298 2724 extracte3
1330 2653 1451 2725 primo:

185 2763 343 2821 consortio
367 2761 499 2820 fratrum
523 2762 750 2835 capitularium,
774 2763 902 2821 demum
925 2762 1042 2836 prediis
1065 2761 1305 2830 canonicalibus,
1322 2757 1447 2815 tandem

184 2869 331 2927 omnibus
354 2874 384 2926 et
407 2867 570 2941 quibusvis
593 2868 797 2942 proventibus
821 2868 940 2926 tamdiu
964 2875 1033 2925 sunt
1057 2869 1171 2941 privati
1194 2871 1223 2924 et
1247 2866 1360 2923 debent
1385 2863 1446 2936 pri·

185 2976 263 3046 vari,
285 2990 447 3049 quousque
470 2974 588 3032 litteras
612 2975 800 3048 placacionis
823 2975 863 3033 ad
887 2977 956 3049 ipso
980 2974 1106 3033 domino
1131 2973 1303 3031 varadiensi
1321 2971 1443 3044 optinu-

183 3083 265 3140 erint
296 3086 326 3138 et
355 3080 479 3138 easdem
510 3096 615 3138 coram
644 3081 734 3139 nobis
765 3081 971 3155 produxerint
994 3082 1044 3154 ita,
1070 3081 1152 3155 quod
1177 3080 1309 3138 eundem
1335 3093 1448 3150 cogno·

185 3189 324 3246 verimus
344 3203 399 3261 per
415 3188 520 3245 omnia
536 3187 702 3261 placatum.
731 3186 877 3260 Magister
904 3194 1008 3246 autem
1032 3189 1177 3245 Clemens
1200 3186 1327 3256 tamdiu,
1353 3185 1450 3241 eciam

184 3302 256 3369 post
279 3295 437 3352 inventam
459 3308 477 3351 a
500 3294 628 3351 domino
652 3293 834 3352 waradiensi
859 3297 1006 3367 graciam,
1031 3296 1215 3368 privabitur,
1241 3306 1403 3367 quousque
1429 3305 1447 3348 a

185 3401 278 3459 nobis
301 3400 438 3473 graciam
461 3400 583 3458 racione
607 3400 831 3473 imperticionis
856 3401 1035 3473 Kralyouch
1059 3402 1207 3459 meruerit
1229 3400 1377 3474 optinere.
1403 3396 1451 3454 Ad

187 3523 249 3581 que
272 3508 424 3580 premissa
448 3507 642 3565 observanda
662 3522 768 3566 omnes
792 3511 920 3584 propria
944 3525 1036 3566 manu
1060 3509 1178 3565 domini
1202 3524 1234 3565 se
1256 3505 1452 3564 subscribent

185 3619 216 3670 et
239 3614 298 3670 sub
322 3614 482 3686 premissis
505 3614 592 3687 penis
616 3628 707 3670 nemo
730 3632 768 3671 ex
792 3614 925 3673 dominis
950 3630 1007 3689 pro
1030 3632 1062 3671 sc
1086 3616 1214 3671 ulterius
1238 3628 1295 3686 pro
1320 3612 1451 3682 Kralyo·

185 3720 245 3777 uch
277 3728 306 3777 et
338 3721 401 3777 suis
432 3720 627 3793 pertinenciis
659 3720 825 3792 laborabit,
849 3737 948 3795 neque
971 3722 1064 3778 alicui
1095 3721 1268 3791 consilium,
1298 3718 1451 3776 auxilium

186 3826 237 3884 vel
262 3825 403 3884 favorem
427 3843 465 3883 ex
489 3827 578 3884 nobis
597 3827 647 3883 vel
674 3828 774 3885 alieno
799 3829 960 3901 prestabit.

1099 3901 1103 3919 Ι

290 3926 424 3992 Johannes
448 3926 528 3975 lector
553 3937 577 3975 et
603 3944 657 3978 can.
683 3929 745 3979 eccl.
770 3929 951 3992 zagrabiensis,
972 3931 1075 3994 propria
1089 3946 1164 3977 manu
1184 3928 1323 3991 subscripsi
1342 3927 1374 3974 od
1395 3941 1450 3988 pre·

185 4016 271 4066 missa.
292 4015 489 4065 Bartholomeus
517 4024 605 4064 cantor
623 4023 648 4064 et
668 4033 721 4067 can.
743 4034 775 4069 m.
796 4035 819 4082 p.
841 4036 859 4070 s.
886 4019 1007 4083 Mathyas
1028 4021 1172 4083 prepositus
1196 4016 1353 4065 chasmensis
1373 4030 1404 4063 m.
1426 4028 1449 4075 p.

186 4107 244 4169 Ego
258 4107 357 4162 Petrus,
376 4105 571 4154 archidiaconus
589 4106 751 4155 dubiczensis
770 4123 802 4158 m.
823 4124 847 4172 p,
867 4108 1008 4172 subscripsi
1027 4110 1059 4156 nd
1073 4109 1195 4172 premissa
1208 4107 1375 4155 observanda.
1394 4107 1451 4166 Ego

186 4195 375 4258 sigismundus,
389 4195 583 4243 archidiaconus
603 4196 635 4242 de
649 4197 762 4244 Warosd
776 4213 809 4247 m.
825 4213 848 4260 p.
864 4214 883 4247 s.
904 4199 961 4260 Ego
975 4199 1066 4245 Petrus
1080 4197 1274 4244 archidiaconus
1288 4196 1320 4242 de
1335 4193 1450 4242 Kemlck

186 4300 213 4349 p.
232 4299 265 4334 m.
285 4299 305 4332 s.
325 4284 383 4346 Ego
394 4282 535 4347 Johannes,
554 4284 750 4332 archidiaconus
769 4285 801 4333 de
820 4287 902 4334 Bexin
921 4303 947 4349 p.
967 4303 999 4337 m.
1020 4304 1031 4333 s
1062 4288 1118 4348 Ego
1138 4283 1241 4340 Paulus,
1255 4283 1450 4331 archidiaconus

185 4372 219 4421 de
238 4371 341 4420 Waska
358 4388 391 4423 m.
411 4388 435 4436 p.
465 4373 522 4435 Ego
548 4373 700 4421 Franciscus
725 4375 864 4423 canonicus
883 4391 915 4425 m.
937 4392 961 4439 p.
994 4377 1051 4437 Ego
1071 4375 1192 4422 Matheus
1211 4389 1265 4423 can.
1285 4389 1318 4423 m.
1339 4388 1356 4435 p
1393 4372 1450 4433 Ego

187 4460 319 4510 Fabianus
337 4476 391 4511 can.
411 4476 445 4509 m.
465 4477 489 4526 p.
510 4463 568 4523 Ego
587 4462 724 4510 Lndislaus
743 4470 829 4513 custos
849 4471 873 4511 et
894 4480 948 4514 can.
967 4480 998 4514 m.
1020 4480 1044 4527 p.
1067 4463 1222 4512 Vincencius
1242 4462 1331 4511 doctor
1351 4477 1405 4511 can.
1425 4467 1451 4509 et

186 4548 297 4598 vicarius
316 4548 423 4598 ecclesie
442 4549 623 4612 zagrabiensis.
650 4552 707 4613 Ego
726 4551 873 4615 Stephanus
892 4552 1073 4600 Cherzthwecz
1098 4568 1152 4601 can.
1172 4551 1272 4614 zagrab.
1294 4567 1326 4602 m.
1348 4567 1372 4614 p.
1393 4551 1450 4611 Ego

184 4637 308 4704 Jacobus‚
336 4638 433 4695 doctor,
462 4638 494 4686 de
520 4639 600 4687 'siner
618 4655 672 4690 can.
699 4638 760 4691 eccl.
779 4639 879 4701 vagrab.
900 4657 932 4688 m.
953 4657 978 4704 p.
1008 4642 1066 4703 Ego
1086 4641 1212 4689 Martinus
1231 4640 1264 4688 de
1283 4639 1450 4688 Martinowcz

186 4742 242 4777 can.
269 4726 330 4778 eccl.
355 4726 455 4790 zagrab.
482 4743 515 4778 m.
544 4743 569 4792 p.
600 4730 657 4792 Ego
682 4727 807 4777 Nicolaus
829 4727 943 4777 Tolduer
962 4744 1017 4780 can.
1038 4728 1098 4779 cccl.
1118 4729 1219 4791 zagrab.
1240 4728 1282 4776 hic
1310 4744 1350 4777 me
1369 4743 1401 4778 m.
1423 4743 1448 4792 p.

187 4815 336 4880 subscripsi.
366 4817 423 4879 Ego
443 4816 522 4881 Elyas
541 4816 683 4881 Saplonczn
702 4832 757 4867 can.
777 4815 831 4865 eccl
865 4817 966 4880 zagrab.
987 4833 1020 4868 m.
1041 4833 1066 4882 p.
1087 4834 1105 4864 s.
1139 4818 1196 4880 Ego
1215 4816 1329 4865 Thomas
1350 4818 1450 4880 Tompn

187 4903 221 4955 de
239 4905 369 4955 Homowa
388 4905 566 4969 strigoniensis
585 4912 610 4954 et
628 4904 801 4969 zagrabiensis
826 4906 991 4957 ecclesiarum
1010 4922 1064 4957 can.
1084 4922 1117 4958 m.
1137 4922 1162 4971 p.
1188 4907 1247 4970 Ego
1272 4905 1399 4956 Albertus
1418 4906 1451 4955 de
