3278 5348
608 416 683 475 Dor.
706 430 773 493 231.
798 449 839 460 -
864 416 921 476 Aa
944 412 1037 495 1464.
1391 421 1453 496 ²89

181 632 334 689 noticiam
366 633 478 689 harum
506 632 586 689 serie
616 633 762 689 volumus
792 633 971 706 pervenire,
1003 633 1086 705 quod
1118 633 1228 691 fideles
1257 636 1356 692 nostri
1380 650 1452 708 pru·

182 735 293 809 dentes
316 742 347 793 et
369 737 586 810 circumspecti
617 735 762 794 Nicotaus
792 734 886 812 judex
909 752 945 794 ac
969 739 1143 796 Anthonius
1163 744 1195 797 et
1217 739 1337 797 Blasius
1360 741 1453 799 iurati

182 843 269 901 cives
291 843 426 900 civitatis
449 847 552 900 nostre
576 843 690 900 montis
713 842 875 901 Grecensis
897 843 1076 901 nominibus
1099 849 1129 900 et
1152 845 1183 901 in
1205 845 1345 917 personis
1367 847 1453 904 exhi-

182 949 321 1006 buerunt
353 954 383 1007 et
418 954 673 1021 presentaverunt
707 949 798 1007 nobis
821 947 975 1021 quasdam
1008 949 1128 1006 litteras
1164 950 1295 1022 capituli
1324 951 1453 1009 ecclesie

181 1054 330 1124 albensis,
358 1054 464 1126 sigillo
494 1053 641 1123 eiusdem,
665 1069 727 1127 quo
750 1055 855 1124 utitur,
876 1057 908 1111 in
931 1054 1076 1126 pendenti
1092 1056 1293 1128 consignatas,
1317 1056 1453 1115 median-

182 1160 270 1218 tibus
302 1160 417 1233 quibus
447 1159 531 1217 idem
561 1160 734 1234 capitulum
769 1159 920 1233 quasdam
951 1161 1069 1218 litteras
1099 1161 1231 1218 condam
1264 1163 1452 1221 serenissimi

183 1267 336 1341 principis
366 1265 485 1323 domini
515 1265 587 1323 Bele
617 1264 731 1340 prefati
761 1267 848 1338 regni
870 1266 967 1323 nostri
990 1266 1149 1339 Hungarie
1178 1268 1268 1340 regis,
1292 1267 1451 1341 predeces-

181 1373 265 1431 soris
296 1373 403 1443 nostri,
434 1387 529 1446 super
556 1387 618 1430 non
647 1373 805 1430 solucione
835 1377 865 1428 et
888 1374 1090 1445 exempcione
1115 1374 1330 1445 quorumlibet
1353 1375 1452 1432 tribu·

182 1484 290 1537 torum
313 1484 378 1536 tam
400 1477 554 1549 interris,
578 1493 673 1551 quam
691 1492 785 1551 super
809 1479 898 1551 aquis
921 1494 956 1535 ac
987 1479 1085 1536 eciam
1113 1480 1342 1538 tricesimamm
1371 1482 1453 1538 intra

183 1584 341 1642 ambitum
365 1581 452 1656 regni
473 1584 571 1641 nostri
593 1583 677 1655 exigi
705 1583 869 1642 solitarum
899 1600 956 1657 per
978 1584 1136 1658 prefatum
1158 1584 1320 1644 dominum
1344 1587 1451 1645 Belam

180 1705 291 1763 regem
313 1690 466 1747 annotatis
490 1689 611 1747 civibus
634 1694 665 1747 et
680 1689 942 1747 inhabitatoribus
965 1688 1046 1747 dicte
1068 1690 1202 1748 civitatis
1218 1697 1322 1749 nostre
1337 1693 1452 1751 montis

182 1796 349 1856 Grecensis
364 1797 503 1868 graciose
518 1796 670 1854 concessis
688 1799 853 1866 emanatas,
869 1796 1107 1869 transumpsisse
1123 1795 1322 1869 dignoscitur,
1339 1799 1452 1857 tenoris

181 1901 383 1976 infrascripti,
414 1901 625 1975 supplicantes
657 1901 811 1959 maiestati
839 1905 944 1959 nostre
974 1900 1088 1975 prefati
1118 1901 1265 1960 Nicolaus
1296 1899 1391 1978 judex
1421 1910 1452 1962 et

183 2008 360 2067 Anthonius
383 2022 420 2064 ac
442 2006 561 2064 Blasius
585 2007 678 2065 iurati
701 2007 785 2064 cives
808 2007 871 2064 suis
886 2013 916 2065 et
932 2007 1086 2065 dictorum
1102 2008 1319 2066 universorum
1335 2010 1451 2068 civium

182 2128 220 2172 ac
241 2114 342 2172 tocius
366 2113 596 2172 communitatis
619 2112 758 2186 predicte
781 2114 916 2171 civitatis
944 2119 1049 2171 nostre
1073 2114 1187 2172 montis
1211 2113 1374 2173 Grecensis
1397 2130 1451 2173 no·

183 2220 331 2291 minibus,
362 2226 396 2278 ut
425 2234 482 2278 nos
505 2220 695 2294 prescriptas
718 2219 838 2278 litteras
862 2220 936 2278 dicti
959 2221 1088 2294 capituli
1110 2221 1239 2278 ecclesie
1262 2220 1399 2278 albensis
1420 2226 1451 2278 et

183 2327 290 2385 omnia
314 2326 345 2383 in
369 2326 412 2383 eis
435 2330 578 2383 contenta
600 2331 692 2396 ratas,
714 2331 818 2397 gratas
842 2331 871 2383 et
894 2331 1019 2400 accepta
1035 2326 1192 2397 habentes,
1209 2326 1320 2384 litteris
1337 2327 1452 2384 nostris

177 2432 436 2507 privilegialibus
460 2430 499 2488 de
521 2432 619 2488 verbo
643 2431 682 2487 ad
706 2432 839 2489 verbum
864 2432 991 2490 inscribi
1010 2438 1039 2489 et
1056 2432 1149 2490 inseri
1166 2431 1317 2504 faciendo,
1336 2447 1451 2506 appro-

182 2538 269 2610 bare,
292 2553 328 2595 ac
351 2539 435 2612 ipsas
458 2553 517 2611 pro
541 2537 669 2611 prelatis
693 2537 830 2608 Nicolao‚
856 2538 1013 2596 Anthonio
1044 2545 1073 2595 et
1096 2539 1197 2596 Blasio
1221 2553 1257 2595 ac
1280 2543 1343 2596 tota
1367 2552 1451 2595 com·

183 2646 335 2703 munitate
358 2644 474 2703 civium
498 2649 529 2703 et
551 2644 795 2703 inhabitatorum
819 2643 939 2718 prefate
972 2653 1076 2702 nostre
1100 2645 1242 2715 civitatis,
1264 2644 1448 2702 successori·

187 2751 309 2824 busque
332 2751 472 2824 ipsorum
496 2750 658 2822 universis,
681 2750 872 2809 innovandas
903 2757 1055 2824 perpetuo
1084 2751 1235 2808 valituras
1265 2749 1451 2807 confirmare

185 2855 396 2930 dignaremur.
422 2855 693 2931 Quammquidem
716 2857 894 2915 litterarum
917 2863 1006 2914 tenor
1028 2857 1098 2913 talis
1122 2861 1179 2914 est:
1212 2851 1300 2934 (vide
1331 2857 1394 2914 vol.
1427 2856 1449 2915 l.

183 2961 258 3020 Doc
286 2976 354 3031 15²·
378 2962 417 3021 de
439 2978 520 3022 anno
544 2977 638 3038 1329.
666 2978 713 3037 13.
736 2954 937 3040 novembris).
962 2962 1026 3020 Nos
1049 2963 1143 3035 igitur
1166 2962 1354 3019 humillimis
1377 2978 1450 3036 sup·

183 3068 411 3142 plicacionibus
434 3068 642 3127 antefatorum
666 3069 782 3127 civium
806 3086 862 3142 per
884 3083 936 3125 eos
960 3069 1023 3125 suis
1046 3074 1076 3125 et
1100 3067 1292 3141 prefatorum
1309 3068 1450 3126 omnium

182 3174 300 3232 civium
330 3189 367 3232 ac
397 3175 494 3232 tocius
525 3175 756 3232 communitatis
786 3178 922 3247 pretacte
954 3174 1086 3232 civitatis
1109 3178 1213 3230 nostre
1236 3173 1351 3230 montis
1374 3171 1450 3231 Gre-

183 3280 282 3337 censis
305 3280 484 3338 nominibus
508 3287 537 3337 et
560 3281 591 3338 in
615 3280 754 3354 personis
785 3286 903 3349 nostre,
936 3278 1031 3336 modo
1062 3293 1124 3351 quo
1154 3293 1266 3351 supra,
1298 3279 1450 3351 porrectis

183 3386 353 3456 maiestati,
387 3387 473 3458 regia
508 3387 697 3459 benignitate
731 3385 883 3444 exauditis
917 3391 947 3443 et
982 3385 1150 3442 clementer
1185 3384 1344 3455 admissis,
1381 3401 1449 3459 pre-

182 3492 315 3564 scriptas
338 3491 457 3549 litteras
481 3492 555 3550 dicti
578 3493 708 3566 capituli
730 3492 857 3550 ecclesie
881 3492 1016 3548 albensis
1046 3505 1107 3548 non
1130 3492 1266 3561 abrasas,
1290 3506 1351 3548 non
1379 3507 1450 3549 can·

182 3596 320 3668 cellatas,
343 3613 400 3654 nec
423 3599 454 3655 in
477 3598 582 3671 aliqua
606 3599 653 3657 sui
676 3603 763 3671 parte
787 3605 953 3671 suspectas,
977 3597 1232 3669 presentibusque
1256 3597 1368 3654 litteris
1395 3611 1450 3655 no·

182 3703 256 3760 stris
279 3703 531 3775 privilegialibus
554 3707 619 3763 sine
650 3704 859 3762 diminucione
890 3711 919 3761 et
951 3708 1117 3775 augmento
1149 3703 1278 3776 aliquali
1312 3704 1450 3775 insertas,

182 3808 286 3882 quoad
310 3824 419 3866 omnes
441 3825 548 3867 earum
574 3810 788 3880 continencias,
813 3810 968 3867 clausulas
992 3816 1022 3866 et
1045 3810 1192 3867 articulos
1216 3815 1350 3879 eatenus,
1374 3824 1450 3882 qua·

182 3920 272 3972 tenus
303 3914 411 3972 eedem
441 3916 500 3973 rite
531 3921 561 3973 et
587 3916 740 3987 legittime
770 3920 910 3973 emanate
934 3916 1077 3985 existunt,
1101 3921 1307 3987 acceptamus,
1331 3929 1448 3987 appro-

180 4020 295 4078 bamus
326 4026 356 4077 et
387 4020 578 4079 ratificamus
608 4037 644 4079 ac
674 4022 799 4079 easdem
830 4028 861 4079 et
889 4022 993 4079 omnia
1018 4022 1048 4078 in
1072 4021 1115 4077 eis
1139 4024 1281 4075 contenta
1305 4035 1342 4075 ex
1367 4025 1449 4076 certa

181 4133 287 4185 nostre
311 4127 479 4185 maiestatis
501 4128 632 4186 sciencia
655 4134 685 4186 et
708 4130 812 4186 animo
836 4127 1008 4185 deliberato
1040 4141 1098 4199 pro
1121 4125 1302 4182 memoratis
1327 4125 1449 4183 civibus

182 4238 214 4291 et
236 4238 301 4290 tota
324 4234 546 4291 communitate
570 4233 689 4308 prefate
712 4235 846 4293 civitatis
862 4242 974 4304 nostre,
992 4234 1194 4306 ipsorumque
1217 4231 1448 4287 successoribus

181 4347 213 4398 et
236 4338 471 4413 posteritatibus
493 4340 646 4398 universis
669 4341 859 4411 innovantes,
884 4344 1034 4414 perpetuo
1059 4338 1209 4394 valituras
1226 4335 1448 4393 confirmamus

180 4445 334 4518 presentis
357 4446 465 4519 scripti
486 4448 583 4504 nostri
606 4448 778 4521 patrocinio
808 4446 972 4505 mediante.
1003 4446 1037 4502 ln
1068 4445 1154 4501 cuius
1185 4444 1231 4501 rei
1263 4442 1448 4500 memoriam

179 4549 425 4623 firmitatemque
447 4560 631 4626 perpetuam
653 4558 809 4627 presentes
839 4553 959 4610 litteras
990 4556 1111 4608 nostras
1135 4548 1348 4624 privilegiales
1371 4564 1448 4622 pen·

180 4655 282 4716 dentis
312 4662 344 4715 et
373 4657 541 4715 authentici
571 4658 697 4717 maioris
728 4657 826 4731 sigilli
860 4657 958 4716 nostri
982 4656 1139 4730 dupplicis
1163 4655 1334 4713 munimine
1354 4654 1449 4712 robo-

179 4768 265 4823 ratas
288 4764 406 4823 eisdem
430 4764 578 4823 duximus
601 4765 819 4824 concedendas
842 4765 960 4822 Datum
984 4779 1040 4838 per
1064 4779 1174 4821 manus
1197 4759 1449 4820 reverendissimi

177 4871 212 4931 in
235 4869 360 4930 Christo
381 4871 490 4946 patris,
514 4871 635 4930 domini
657 4870 807 4947 Stephani
829 4871 998 4930 colocensis
1011 4876 1041 4928 et
1056 4869 1230 4929 bachiensis
1246 4867 1448 4927 ecclesiarum

1348 4987 1386 5047 19
