3278 5348
183 425 241 467 202
486 409 559 465 Doc.
583 421 651 485 144.
678 422 745 484 145,
771 441 810 452 -
835 410 891 466 An.
915 420 997 485 1447
1043 421 1135 485 1449.

1006 514 1035 519 -
1053 513 1134 519 ——.
1143 513 1253 520 ———
1264 512 1432 521 *—

774 617 856 685 144.

289 707 369 756 Anno
391 719 465 770 1447.

290 817 463 876 Funduales
486 821 717 878 communitatis
738 821 854 878 civium
879 820 994 877 montis
1014 818 1178 877 Grecensis
1200 834 1297 894 super
1313 818 1439 892 quodam

183 923 279 981 tundo
303 926 461 983 communi
486 925 563 983 alias
586 925 719 989 deserto.
742 923 804 999 jarn
827 942 884 999 per
907 925 1071 996 Thomam,
1094 925 1196 984 filium
1220 926 1342 1008 Jacobi,
1364 924 1438 983 insti·

76 1022 83 1035 ’
182 1037 282 1088 torem
305 1040 335 1087 et
359 1032 517 1089 concivem
541 1048 641 1101 suurn,
666 1032 813 1091 aedificiis
837 1033 998 1104 instructo,
1020 1032 1114 1090 simul
1148 1047 1220 1090 cum
1248 1038 1338 1090 oerto
1366 1027 1440 1104 adja-

182 1142 267 1193 cente
290 1144 390 1194 terrae
414 1139 523 1211 spatio,
548 1138 687 1210 praefato
704 1138 843 1197 Thomae
865 1154 903 1196 ac
923 1155 982 1213 per
1000 1154 1075 1197 ean
1096 1139 1162 1196 suis
1175 1136 1367 1196 haeredibus
1381 1152 1441 1210 per·

182 1247 284 1314 petuo,
308 1242 345 1299 de
369 1243 515 1302 mandato
534 1243 739 1303 illustrissimi
762 1245 913 1319 principis
936 1245 1042 1308 Ulrici.
1073 1243 1181 1316 Ciliae,
1210 1244 1440 1315 Ortemburgae,

183 1350 391 1422 Zagoriaeque
415 1350 535 1407 comitis
558 1367 614 1407 nec
638 1365 697 1408 non
722 1353 808 1423 regni
831 1349 1014 1409 Sclaveniae
1038 1351 1119 1421 bani,
1141 1350 1299 1423 elargitae.

290 1469 352 1518 Act.
370 1476 478 1518 monast.
499 1467 659 1518 Remetensis
677 1471 738 1521 fasc.
756 1471 793 1517 11.
813 1486 851 1521 ur.
872 1482 913 1532 30.
933 1470 965 1518 In
977 1469 1075 1519 archiv.
1087 1469 1159 1533 regni
1171 1469 1260 1521 Croat.
1279 1467 1349 1521 stu.
1362 1466 1433 1518 Dalm

776 1702 858 1768 145.

295 1786 376 1835 Anno
398 1800 472 1850 1449,
493 1790 516 1840 8.
535 1790 603 1838 maii.
625 1791 710 1841 t'risii.

190 1895 304 1952 astricus
344 1913 432 1954 coines
472 1898 582 1967 (iletre,
617 1919 654 1956 ex
687 1900 810 1974 quodum
844 1899 1026 1972 &gismundi
1056 1898 1132 1972 regis
1165 1900 1305 1957 mandato
1347 1898 1444 1955 nobiles

179 1985 461 2060 possessionutosquc
494 1988 619 2046 tornines
649 2007 668 2044 a
701 1989 810 2046 cluibus
843 1988 1076 2061 aagrabiensibus
1110 1987 1249 2044 tributum
1274 1997 1336 2061 pro
1364 2002 1444 2043 merce

707 2078 821 2150 exslvere
843 2085 927 2134 uetat.

292 2219 417 2276 Vlricus
451 2219 499 2276 dei
534 2221 637 2293 gracia
672 2221 760 2292 Cilic,
794 2221 1013 2294 Ortemburge,
1048 2219 1240 2293 Zagorieque
1270 2232 1375 2276 comes
1396 2221 1444 2272 etc

185 2340 302 2383 necnon
326 2327 412 2399 regni
437 2325 600 2385 Sclanonie
623 2328 730 2386 banus.
746 2329 907 2388 Universis
923 2335 953 2386 et
968 2327 1100 2401 singulis
1116 2326 1256 2400 prelatis,
1271 2323 1445 2391 baronibus,

184 2432 344 2489 nobilibus
367 2438 397 2489 et
417 2433 544 2491 alterius
568 2435 704 2493 cuiusvis
728 2440 825 2492 status
848 2435 923 2494 dicti
957 2435 1045 2507 regni
1081 2431 1245 2491 Sclauonie
1279 2429 1444 2505 possessio·

185 2539 263 2594 natis
286 2539 464 2596 hominibus
487 2545 517 2597 et
539 2542 570 2598 in
593 2542 655 2599 suis
679 2543 926 2615 possessionibus
948 2541 1065 2599 tributa
1087 2538 1275 2598 habentibus
1298 2543 1329 2595 et
1345 2541 1444 2595 tenen·
1468 2595 1470 2599 ,

185 2645 276 2716 tibus,
302 2646 375 2703 item
400 2647 539 2719 ipsorum
555 2649 727 2707 tributariis
742 2649 876 2707 ubilibet
892 2648 1073 2719 constitutis,
1088 2644 1283 2720 presencium
1299 2643 1442 2702 noticiam

185 2750 346 2823 habituris,
369 2751 501 2809 salutern
524 2770 595 2811 cum
619 2754 737 2813 favore.
761 2756 807 2812 Ex
830 2754 941 2812 litteris
966 2753 1124 2826 quondam
1146 2750 1337 2810 serenissimi
1366 2748 1446 2823 prin·

186 2857 263 2930 cipis
287 2864 316 2914 et
340 2857 467 2930 domini,
490 2858 608 2918 domini
632 2859 824 2933 sigismundi
846 2862 1059 2918 Romanorum
1082 2857 1290 2933 imperatoris,
1314 2870 1350 2914 ac
1364 2855 1447 2912 Hun-

186 2966 279 3037 garie‚
303 2965 449 3022 Bohemie
473 2972 527 3025 etc.
550 2968 641 3039 regis,
665 2983 724 3041 pro
748 2974 837 3042 parte
859 2966 1002 3024 fidelium
1023 2972 1202 3024 nostrorum
1225 2960 1346 3037 judicis,
1369 2959 1449 3036 jura·

186 3076 299 3141 torum,
324 3076 558 3145 ceterorumque
582 3073 698 3131 civium
722 3080 752 3132 et
772 3074 932 3147 hospitum
947 3088 983 3130 ac
999 3071 1172 3131 incolarum
1187 3068 1323 3128 civitatis
1339 3065 1449 3125 montis

187 3176 347 3234 Greeensis
371 3178 408 3235 de
432 3179 583 3251 Zagrabia
606 3181 765 3251 emanatis,
787 3180 940 3253 vobisque
961 3184 992 3236 et
1014 3178 1142 3235 cuilibet
1164 3181 1306 3236 vestrum
1321 3173 1449 3246 loqueu-

188 3283 269 3339 tibus
295 3298 330 3340 ac
353 3299 458 3341 coram
481 3286 571 3343 nobis
594 3302 651 3360 per
674 3285 799 3344 eosdem
820 3287 851 3344 in
874 3286 976 3359 specie
999 3282 1169 3359 productis,
1184 3282 1300 3341 clarius
1315 3279 1451 3339 vidimus

189 3389 346 3459 contineri,
372 3391 455 3463 quod
479 3408 533 3448 sua
557 3394 701 3450 maiestas
724 3408 762 3450 ex
784 3391 906 3468 juribus
929 3397 964 3449 et
981 3390 1116 3464 antiquis
1146 3388 1347 3448 libertatibus
1370 3387 1451 3460 ipso·

187 3511 257 3550 rum
281 3497 407 3568 civium,
430 3499 505 3554 alias
528 3514 634 3556 coram
657 3513 711 3556 sua
736 3500 897 3556 serenitate
921 3497 1090 3572 productis,
1113 3497 1198 3570 ipsos
1221 3500 1251 3552 et
1268 3509 1319 3552 res
1342 3505 1451 3551 eorum

189 3602 345 3673 quaslibet
388 3605 512 3661 venales
552 3611 581 3661 et
616 3604 864 3662 mercimoniales
899 3619 916 3661 a
951 3603 1117 3661 cuiuslibet
1151 3600 1261 3660 tributi
1293 3599 1451 3658 solucione

188 3715 350 3780 exemptos
374 3719 404 3766 et
427 3717 610 3767 exoneratos
634 3711 699 3768 sore
723 3712 888 3784 reperiens,
919 3711 1010 3768 vobis
1033 3718 1062 3767 et
1097 3709 1226 3767 cuilibet
1257 3713 1399 3764 vestrum
1421 3704 1451 3762 in

188 3814 325 3870 solidum
360 3815 390 3872 id
427 3817 539 3873 seriose
573 3817 746 3874 mandasset
783 3825 812 3875 et
836 3817 1049 3885 commisisset
1073 3820 1108 3873 ut
1130 3815 1215 3888 ipsos
1237 3813 1322 3870 cives
1345 3811 1452 3869 etho·

188 3921 282 3992 spites
306 3937 340 3977 ac
363 3936 470 3978 eorum
494 3924 628 3980 alterurn
652 3926 774 3982 racione
797 3925 927 3982 alicuius
951 3923 1118 3980 solucionis
1149 3926 1179 3979 et
1202 3919 1377 3979 exaccionis
1400 3917 1451 3975 tri·

189 4027 309 4084 butarie
331 4028 363 4083 in
386 4028 462 4085 locis
486 4031 675 4088 tributorum
699 4036 874 4088 vestrorum
898 4031 1001 4087 ubivis
1024 4029 1204 4087 habitorum
1218 4041 1281 4084 non
1298 4024 1451 4083 auderetis

189 4149 244 4189 nec
269 4137 544 4206 presumpmeretis
568 4136 790 4209 quoquomodo
815 4135 966 4209 impedire
990 4141 1020 4193 et
1043 4136 1209 4193 molestare
1232 4146 1286 4191 seu
1309 4129 1451 4205 dampni·

189 4240 290 4297 ficare.
324 4240 424 4315 Super
459 4259 521 4315 quo
556 4249 585 4301 et
618 4258 683 4311 nos,
720 4258 776 4300 vos
799 4249 828 4301 et
852 4243 1025 4316 quemlibet
1048 4247 1188 4299 vestrum
1211 4238 1402 4312 requirimus
1423 4240 1451 4292 et

190 4348 359 4417 hortamur,
383 4349 665 4421 nichilominusque
689 4350 795 4407 banali
817 4355 921 4406 nostra
956 4348 1136 4406 auctoritate
1166 4345 1257 4404 vobis
1286 4341 1451 4401 committi·

190 4469 259 4510 mus
283 4459 312 4510 et
337 4453 521 4512 mandamus
544 4456 667 4525 seriose,
692 4461 841 4528 quatenus
865 4471 882 4512 a
913 4455 1059 4528 pretactis
1086 4451 1198 4529 judice,
1227 4447 1346 4524 juratis,
1375 4453 1452 4507 cete·

190 4560 293 4633 risque
317 4561 437 4618 civibus
461 4567 490 4618 et
514 4561 690 4634 hospitibus
713 4576 749 4618 ac
771 4562 879 4619 incolis
902 4567 1045 4618 annotate
1075 4558 1209 4617 civitatis
1238 4556 1355 4615 montis
1377 4553 1451 4613 Gre-

189 4668 288 4725 cencis
301 4666 338 4724 de
354 4667 513 4740 Zagrabia,
529 4666 567 4724 de
590 4666 745 4739 rebusque
767 4674 798 4725 et
818 4668 906 4725 bonis
929 4681 1036 4724 eorum
1060 4664 1223 4722 venalibus
1245 4667 1276 4720 et
1290 4661 1451 4721 mercimo

189 4773 324 4832 nialibus
347 4774 597 4846 quibuscumque
619 4773 650 4830 in
673 4774 750 4830 locis
775 4772 927 4831 dictorum
950 4773 1140 4830 tributorum
1163 4776 1342 4828 vestrorum
1357 4772 1388 4826 et
1408 4765 1451 4825 al·

190 4879 284 4937 terius
307 4886 447 4937 vestrum
470 4886 576 4938 contra
599 4878 782 4937 mandatum
807 4877 920 4952 prefati
951 4877 1082 4936 condam
1113 4875 1234 4936 domini
1263 4871 1452 4948 sigismundi
