3278 5348
205 450 265 507 206
617 448 690 507 Dor.
713 443 784 523 148.
807 480 850 490 —
873 448 929 505 An.
955 460 1043 525 1450.

200 661 356 740 justiciam
379 661 480 721 facere
502 663 665 721 valeamus
701 664 780 722 inter
813 668 918 737 partes
952 664 984 721 in
1018 663 1179 737 premissis
1211 670 1308 738 prout
1338 664 1459 724 dictabit

200 770 278 829 ordo
302 767 387 846 juris.
410 769 571 827 Presentes
594 768 699 842 sigillo
723 770 946 828 vicebanorum
968 774 999 828 et
1021 769 1172 828 comitum
1204 775 1384 830 nostrorum
1406 771 1458 829 cri·

200 877 348 935 siensium
378 874 508 933 fecimus
529 875 715 947 consignari.
738 875 854 933 Datum
877 875 970 933 Crisii
992 880 1104 934 octavo
1127 874 1177 935 die
1206 876 1334 935 termini
1356 891 1459 951 preno-

200 984 263 1042 tati.
286 985 377 1041 Anno
399 980 518 1040 domini
541 981 712 1039 millesimo
735 982 1041 1055 quadringentesimo
1064 982 1306 1056 quadragesimo
1329 998 1419 1042 nono.

305 1138 329 1186 E
348 1142 508 1201 transumpto
527 1135 628 1185 comitis
647 1137 773 1186 Friderici
792 1137 825 1186 de
848 1152 916 1187 anno
943 1149 1018 1203 1450.
1055 1139 1088 1187 In
1114 1137 1229 1187 archivio
1252 1136 1300 1188 lib.
1320 1154 1373 1202 reg.
1392 1137 1454 1187 civit.

199 1226 381 1291 ragrabiensis.

784 1401 876 1467 148.

304 1546 377 1593 Circa
404 1558 444 1593 an.
468 1554 542 1607 1450,
569 1556 657 1589 mense
675 1542 774 1590 martio.

197 1677 394 1750 Magistratus
423 1672 548 1730 civitatis
588 1669 752 1743 caproncae
782 1668 815 1726 de
845 1671 985 1727 sententia
1015 1671 1045 1727 in
1068 1688 1157 1728 causo
1179 1670 1309 1745 quodam
1329 1679 1456 1746 pronun·

331 1782 403 1837 tiata
426 1777 662 1835 communitatem
685 1775 810 1832 civitatis
833 1776 937 1832 monto
965 1774 1117 1834 Grecensis
1132 1784 1333 1854 percontatur.

302 1921 474 1980 Fraternali
502 1919 691 1976 salutacione
714 1919 800 1975 omni
823 1919 949 1977 caritate
984 1919 1095 1979 tratres
1129 1928 1160 1979 et
1191 1923 1284 1981 amici
1306 1925 1404 1982 nostri
1429 1926 1457 1981 in

197 2031 321 2089 Christo
345 2028 458 2086 dilecti.
482 2024 686 2085 Notificamus
709 2024 821 2082 vestris
844 2026 992 2084 amiciciis
1016 2043 1072 2099 per
1102 2034 1269 2102 presentes,
1301 2030 1457 2103 quomodo

196 2153 295 2211 nuper
326 2133 472 2192 videlicet
494 2130 571 2189 feria
594 2128 728 2187 secunda
750 2135 820 2188 ante
844 2132 1090 2191 carnisbrevium
1114 2134 1185 2191 talis
1208 2150 1301 2193 causa
1324 2137 1457 2210 contigit,

196 2243 280 2317 quod
304 2240 446 2299 venimus
470 2240 501 2296 in
525 2238 682 2295 civitatem
718 2238 939 2311 Kaprancbam
963 2250 993 2297 et
1028 2256 1099 2298 cum
1122 2239 1266 2298 sedemus
1300 2243 1333 2300 in
1367 2242 1457 2302 domo

193 2348 304 2424 judicis
327 2346 465 2405 eiusdem
481 2345 621 2415 civitatis,
638 2350 750 2402 extunc
766 2344 890 2401 veniens
907 2360 1012 2403 coram
1027 2347 1117 2404 nobis
1133 2346 1288 2428 Jobannes
1304 2347 1454 2421 Pranuch,

194 2456 271 2513 ciuis
295 2453 334 2510 de
349 2451 529 2525 Salczprug,
553 2451 800 2523 conquerebatur
814 2448 910 2524 judici
930 2467 983 2509 seu
999 2453 1089 2510 nobis
1112 2451 1275 2513 eomodo:
1300 2455 1457 2527 quomodo

193 2564 260 2636 ipse
272 2561 405 2618 venisset
420 2559 452 2615 in
475 2557 604 2614 eandem
627 2557 785 2614 civitatem
808 2562 838 2613 et
861 2558 1078 2631 assumpsisset
1101 2559 1142 2616 ab
1165 2575 1227 2617 uno
1250 2560 1319 2619 cive
1342 2567 1456 2634 nostro,

193 2668 337 2726 videlicet
353 2665 498 2733 Fabiano,
522 2677 616 2719 unam
640 2662 769 2719 domum
793 2661 832 2719 ad
857 2662 1039 2736 deponenda
1073 2679 1128 2722 sua
1163 2666 1368 2725 mercimonia
1401 2684 1456 2727 suo

193 2776 224 2832 in
248 2774 360 2848 precio,
385 2769 566 2844 quiquidem
598 2769 741 2827 Pranuch
764 2768 880 2826 ibidem
906 2786 1091 2843 permanens
1113 2771 1198 2844 apud
1222 2772 1357 2831 eundem
1388 2775 1457 2833 hos·

193 2882 290 2955 pitem
313 2894 405 2937 suum
429 2893 490 2934 non
508 2891 608 2950 pauco
625 2882 774 2949 tempore,
791 2877 1002 2949 premeditans
1016 2894 1049 2936 se
1072 2877 1154 2936 idem
1179 2880 1337 2960 Johannes
1352 2895 1456 2954 supra·

194 2986 303 3057 dictus,
328 2985 401 3042 emit
425 2984 541 3054 civille,
574 2991 672 3040 terras
695 2984 830 3040 arabiles
863 2990 893 3041 et
916 2990 1014 3044 certas
1048 2986 1258 3059 possessiones
1292 2986 1325 3043 iu
1348 2986 1456 3044 eadem

191 3093 323 3163 civitate,
354 3097 388 3148 ut
410 3091 512 3148 socius
536 3104 645 3146 eorum
670 3089 786 3146 civium
810 3089 921 3147 firmus
944 3092 1110 3149 exstitisset
1133 3093 1164 3150 in
1198 3090 1309 3149 eadem
1333 3093 1456 3150 civitate

190 3199 384 3272 Kaprancha.
410 3196 489 3254 Cum
515 3210 588 3253 vero
612 3195 761 3253 voluisset
783 3197 867 3253 exire
890 3197 921 3253 in
944 3196 1077 3255 fundum
1100 3214 1193 3255 suum
1227 3198 1389 3256 emticium
1413 3198 1450 3257 de

189 3304 282 3361 domo
306 3303 461 3377 apreciato
485 3317 556 3359 cum
579 3302 672 3358 rebus
695 3301 767 3371 suis,
802 3301 948 3360 videlicet
981 3305 1091 3376 pannis
1122 3309 1152 3361 et
1186 3305 1305 3377 ceteris,
1342 3310 1454 3363 extunc

188 3411 270 3467 idem
294 3411 406 3483 hospes
422 3425 503 3479 suus,
527 3424 545 3465 a
567 3423 629 3480 quo
653 3406 783 3465 domum
816 3410 1035 3482 apreciaverat,
1067 3411 1188 3469 irruens
1210 3427 1305 3485 super
1337 3411 1452 3470 famili·

187 3531 255 3573 ares
279 3531 359 3586 suos,
382 3517 520 3597 Johanue
554 3516 717 3587 nesciente,
752 3531 848 3572 unum
871 3531 1009 3589 pannum
1043 3520 1163 3591 absque
1199 3517 1360 3575 voluntate
1383 3533 1447 3590 sua,

188 3624 219 3679 vi
240 3638 298 3696 pro
321 3638 351 3678 se
375 3622 547 3694 recepisset,
572 3621 691 3679 dicens:
715 3622 872 3694 obligatur
896 3624 990 3681 michi
1019 3640 1090 3682 cum
1114 3624 1219 3699 precio
1241 3629 1273 3681 et
1295 3625 1449 3698 expensis,

186 3728 240 3786 sed
264 3735 366 3785 tamen
390 3729 492 3801 primo
515 3728 636 3786 avidice
657 3728 785 3785 minime
807 3729 1005 3801 requisierat;
1027 3730 1139 3802 dicens,
1163 3729 1247 3788 idem
1289 3729 1445 3812 Johannes

186 3835 230 3892 sic
267 3851 373 3893 coram
409 3834 500 3892 nobis
534 3835 718 3892 constitutus
749 3835 931 3907 querulose:
967 3835 1085 3894 domini
1114 3833 1211 3912 judex
1243 3850 1281 3893 ac
1307 3836 1450 3909 magistri

187 3942 413 3999 tavernicorum
448 3956 605 4012 conquero
640 3942 730 3998 vobis
767 3956 860 4013 super
891 3956 928 3998 eo
963 3941 1065 4013 iacto,
1101 3940 1259 4014 quomodo
1294 3940 1451 4000 Fabianus

185 4064 285 4121 nuper
308 4048 419 4119 hospes
451 4063 546 4116 meus,
572 4046 665 4104 modo
689 4063 764 4103 vero
786 4046 895 4113 socius,
931 4063 1002 4104 cum
1036 4048 1095 4105 sim
1130 4048 1173 4104 ita
1195 4046 1273 4104 civis
1306 4047 1387 4105 sicut
1419 4052 1448 4105 et

188 4155 262 4227 ipse,
296 4154 412 4225 recepit
446 4168 464 4208 a
499 4153 707 4209 familiaribus
738 4152 815 4209 meis
849 4167 943 4208 uuam
966 4153 1086 4226 peciam
1110 4153 1213 4226 panni,
1237 4152 1324 4226 quod
1345 4153 1446 4211 nescio

185 4268 291 4318 utrum
316 4259 355 4315 sit
378 4260 501 4329 nigrum
525 4260 575 4315 vel
601 4260 710 4315 album
744 4264 797 4316 aut
831 4260 973 4330 rubeum,
1007 4274 1063 4316 sua
1100 4259 1241 4333 potencia
1277 4259 1441 4330 mediante,

186 4366 311 4423 dicens:
335 4365 360 4421 si
395 4380 494 4421 essem
519 4365 649 4434 debitus,
672 4364 797 4421 deberet
821 4380 871 4421 me
895 4380 964 4421 cum
989 4365 1110 4422 iusticia
1132 4372 1201 4421 ante
1223 4362 1361 4440 judicem
1392 4365 1442 4423 vel

183 4486 288 4529 coram
312 4471 402 4527 vobis
427 4485 623 4544 proquerere,
648 4471 702 4527 sed
726 4471 784 4527 hoc
807 4472 935 4527 minime
972 4470 1050 4528 tecit.
1084 4472 1203 4528 Extunc
1228 4485 1287 4529 nos
1309 4471 1440 4530 eundem

182 4578 354 4635 Fabianum
377 4575 416 4633 ad
440 4592 496 4633 nos
518 4579 699 4634 vocavimus
723 4583 753 4635 et
776 4592 813 4633 ex
837 4577 895 4634 hiis
911 4578 1058 4635 omnibus
1074 4577 1295 4651 suprascriptis
1309 4580 1441 4636 eundem

181 4685 426 4757 interogavimus
448 4692 555 4741 curet
589 4701 685 4757 quare
722 4685 781 4741 hoc
813 4682 950 4755 iecisset;
990 4683 1171 4757 quiquidem
1205 4683 1376 4758 respondit,
1409 4690 1443 4741 ut

181 4797 368 4865 prenotatur,
393 4792 475 4865 quod
500 4792 528 4850 ei
551 4790 673 4849 debitus
704 4791 785 4850 foret
817 4797 848 4849 et
871 4793 1013 4850 existeret
1037 4790 1157 4848 dicens:
1174 4788 1245 4849 ideo
1259 4806 1332 4849 sum
1346 4789 1438 4868 judex

180 4897 292 4956 domus
316 4913 402 4969 mee;
427 4898 511 4972 quod
534 4898 624 4956 nobis
645 4895 763 4973 justum
785 4912 848 4956 non
872 4898 1046 4970 videbatur,
1071 4903 1105 4954 ut
1135 4898 1255 4971 absque
1277 4894 1381 4975 judice
1413 4902 1443 4954 et
