3278 5348
625 455 698 514 Dec.
723 468 787 530 151.
811 489 854 497 -
877 456 934 513 Aa.
959 468 1048 532 1450.
1396 474 1456 536 ²09

797 767 864 835 151.

294 963 369 1014 Circa
387 980 427 1016 an.
450 973 525 1029 1450,
546 976 587 1017 21.
607 964 768 1030 septembris.
789 964 878 1018 ciliae.

190 1090 310 1151 Ulncus
343 1111 433 1150 comes
461 1092 555 1151 Cileae
584 1100 614 1150 et
639 1093 740 1163 bonus,
770 1093 919 1151 correctatm'
946 1093 1078 1151 cenitensi
1096 1093 1250 1167 praecipit,
1271 1102 1306 1151 ret
1331 1111 1456 1163 causam,

183 1216 259 1274 quoe
282 1200 362 1257 inter
382 1200 539 1272 captivatum
563 1199 760 1273 aageobiense,
781 1199 1060 1272 communitatemque
1090 1200 1214 1256 ct'm'taeis
1243 1201 1346 1258 montc's
1382 1199 1456 1258 Gre-

184 1305 274 1363 censis
297 1288 489 1363 de⁸scdcccma
514 1306 579 1363 ochi
598 1313 627 1363 et
639 1306 766 1380 frugum
789 1306 820 1362 in
842 1306 988 1362 territano
1012 1305 1137 1363 cc'oitatc's
1167 1306 1270 1364 monetes
1307 1306 1458 1365 Grecense's

495 1413 716 1471 excrescentium
739 1413 847 1486 agitur,
869 1409 916 1470 ad
927 1413 1025 1487 finem
1044 1411 1177 1473 adclucnt.

292 1554 419 1614 Vlricus
453 1556 502 1615 dei
536 1557 641 1630 gracia
675 1556 761 1629 Cilie‚
799 1557 1006 1630 Ortunburge,
1037 1557 1228 1630 Zagorieque
1263 1571 1366 1614 comes
1400 1561 1456 1614 etc.

184 1676 305 1720 necnon
335 1662 423 1735 regni
453 1661 616 1721 Sclauonie
652 1664 759 1721 banus.
782 1662 943 1721 Fidelibus
965 1663 1079 1720 nostris
1102 1663 1234 1735 egregiis
1258 1662 1393 1735 Georgio
1416 1661 1455 1719 de

185 1765 311 1840 Bykzm
335 1773 366 1825 et
388 1767 509 1827 Thome
530 1767 568 1826 de
592 1768 693 1841 Zyrak
715 1769 873 1827 vicebanis
894 1774 924 1826 et
940 1769 1107 1827 comitibus
1121 1769 1234 1827 nostris
1250 1769 1455 1839 crisiensibus,

186 1872 392 1947 ipsorumque
415 1874 650 1933 vicecomitibus
684 1880 714 1933 et
735 1872 893 1950 judicibus
915 1874 1069 1932 nobilium
1105 1875 1269 1932 comitatus
1303 1874 1456 1933 crisiensis

186 1978 335 2051 eiusdem,
358 1980 491 2038 salutem
515 1986 546 2038 et
570 1981 717 2053 graciam.
742 1981 908 2039 Occasione
932 1980 1085 2038 sedecime
1107 1981 1252 2039 vinorum
1276 1987 1306 2039 et
1329 1981 1455 2053 frugum

187 2085 218 2143 in
233 2086 392 2144 territorio
408 2086 527 2144 civium
549 2087 664 2145 montis
681 2086 842 2145 Grecensis
867 2086 905 2144 de
928 2086 1079 2159 Zagrabia
1098 2088 1256 2145 annuatim
1280 2103 1455 2145 excrescen-

187 2190 269 2249 cium
293 2192 373 2250 inter
395 2192 532 2268 prelatos
556 2193 640 2250 cives
661 2192 874 2266 zagrabienses
897 2193 938 2250 ab
962 2209 1022 2250 una
1039 2198 1068 2250 et
1084 2189 1266 2252 honorabile
1281 2193 1454 2267 capitulum

187 2297 314 2355 ecclesie
337 2299 544 2372 zagrabiensis
567 2315 606 2356 ex
629 2298 728 2356 altera
752 2298 903 2372 partibus,
940 2299 1098 2356 contencio
1127 2307 1157 2356 et
1180 2298 1219 2357 lis
1249 2305 1295 2357 est
1326 2299 1454 2357 suborta

185 2408 280 2476 atque
302 2404 334 2462 in
358 2405 550 2478 presenciam
572 2410 712 2462 nostram
735 2410 841 2477 partes
864 2419 921 2477 per
944 2404 1100 2478 predictas
1124 2420 1181 2479 pro
1197 2405 1245 2463 sui
1263 2405 1452 2463 discussione

186 2515 216 2567 et
239 2509 470 2568 deliberacione
494 2510 595 2568 extitit
617 2508 788 2584 deportata.
822 2510 859 2567 Et
883 2525 1001 2581 verum,
1034 2511 1106 2583 quia
1136 2526 1193 2569 nos
1224 2511 1293 2568 aliis
1316 2510 1453 2569 multum

185 2614 292 2675 arduis
316 2631 374 2690 pro
396 2633 477 2674 nunc
500 2617 642 2690 occupati
673 2617 809 2689 negociis
832 2623 861 2674 et
884 2615 1068 2690 peragendis
1103 2632 1194 2675 cause
1218 2616 1399 2675 huiusmodi
1424 2622 1453 2675 et

186 2722 251 2780 eius
275 2721 458 2781 discussioni
481 2722 654 2791 commode,
671 2729 764 2797 prout
781 2721 910 2795 deceret,
934 2738 1045 2781 vacare
1068 2738 1129 2781 non
1146 2724 1297 2794 valemus,
1315 2723 1453 2782 valentes

186 2843 261 2901 ergo
285 2834 314 2886 et
338 2834 531 2904 acceptantes
553 2830 749 2904 presentibus
773 2844 898 2887 causam
922 2830 1024 2903 ipsam
1047 2831 1079 2887 in
1102 2829 1184 2887 facto
1216 2828 1336 2903 prefate
1366 2829 1454 2888 sede·

187 2935 268 2993 cime
291 2941 396 3008 partes
418 2935 498 2994 inter
520 2936 676 3010 predictas
700 2940 816 2993 motam
842 2940 872 2994 et
894 2936 1083 3006 suscitatam,
1108 2936 1289 2994 discussioni
1317 2942 1347 2994 et
1378 2936 1453 2994 deli-

185 3040 344 3099 beracioni
366 3043 487 3114 vestris,
511 3043 608 3101 nostri
631 3043 662 3100 in
685 3057 818 3116 persona
847 3042 965 3114 fiendis,
1000 3043 1195 3116 presencium
1226 3042 1303 3100 serie
1336 3043 1454 3100 submi-

185 3147 294 3205 simus.
318 3145 420 3222 Super
443 3163 506 3222 quo
539 3147 684 3206 fidelitati
718 3152 820 3206 vestre
855 3148 988 3206 firmiter
1022 3148 1226 3222 precipientes
1260 3148 1455 3216 mandamus,

185 3252 346 3327 quatenus,
370 3254 486 3313 habitis
508 3255 713 3329 presentibus,
737 3256 768 3313 in
791 3255 934 3328 proxime
958 3255 1095 3313 venturis
1126 3254 1243 3312 octavis
1266 3255 1338 3313 festi
1371 3256 1454 3313 beati

185 3358 348 3417 Michaelis
382 3361 570 3434 archangeli,
605 3362 781 3419 convocatis
816 3361 958 3435 partibus
981 3360 1129 3435 predictis
1159 3366 1188 3418 et
1211 3362 1306 3419 vestri
1329 3362 1361 3419 in
1383 3377 1453 3434 pre-

184 3466 321 3524 senciam
344 3466 507 3537 accersitis,
531 3472 626 3541 prout
648 3466 757 3525 eedem
780 3467 879 3524 eciam
903 3466 935 3524 id
957 3483 990 3525 se
1012 3482 1117 3526 coram
1143 3460 1260 3548 (nobis)
1277 3468 1449 3540 retulerint,

183 3574 261 3632 visis
283 3579 314 3631 et
338 3573 521 3631 examinatis
541 3573 723 3630 earumdem
744 3570 866 3648 juribus
882 3579 912 3631 et
928 3573 1103 3631 literalibus
1119 3573 1329 3631 instrumentis
1346 3589 1450 3632 coram

183 3679 276 3738 vobis
299 3694 336 3738 ac
357 3679 445 3753 regni
467 3678 628 3738 nobilibus
651 3680 681 3737 in
706 3679 779 3737 sede
809 3685 912 3737 vestra
937 3679 1073 3737 crisiensi
1097 3725 1288 3739 .......
1313 3681 1452 3754 ipsarum

184 3785 255 3844 aliis
278 3786 473 3859 quibuslibet
504 3785 724 3859 probabilibus
755 3785 956 3857 documentis,
986 3801 1120 3844 unacum
1152 3786 1227 3844 dicti
1256 3788 1342 3860 regni
1364 3787 1452 3845 nobi·

184 3890 269 3950 libus
305 3891 524 3969 deliberantes,
559 3891 591 3949 id
628 3892 809 3950 adinvenire
833 3938 1022 3950 .......
1047 3892 1194 3963 debeatis,
1229 3895 1278 3951 cui
1310 3894 1452 3967 parcium

183 3997 397 4074 predictarum
420 3997 575 4056 sedecima
599 3997 778 4056 huiusmodi
801 3997 839 4055 de
862 3996 929 4073 jure
954 4005 984 4056 et
1012 4000 1098 4071 regni
1132 3999 1351 4056 consvetudine
1380 4013 1451 4071 pro-

183 4104 291 4163 venire
313 4110 344 4162 et
366 4103 579 4163 administrari
602 4102 713 4161 debeat
736 4109 765 4162 et
795 4097 967 4183 (teneatur),
998 4120 1034 4162 ae
1057 4106 1182 4162 tandem
1215 4104 1451 4161 deliberacionis

184 4217 214 4269 et
237 4210 437 4269 discussionis
461 4212 582 4282 seriem,
606 4217 699 4284 prout
723 4209 815 4268 fuerit
838 4211 1014 4285 expediens,
1038 4212 1128 4268 nobis
1152 4211 1262 4268 vestris
1285 4211 1316 4268 in
1339 4210 1451 4267 litteris

184 4317 355 4376 rescribere
388 4317 537 4375 studeatis
572 4323 602 4374 et
637 4309 716 4395 s(itis
748 4311 920 4394 obligati).
945 4363 951 4375 .
972 4362 978 4376 .
1002 4363 1008 4375 .
1033 4362 1038 4374 .
1070 4317 1267 4374 Prosentibus
1298 4316 1451 4390 perlectis,

184 4422 343 4481 exhibenti
365 4423 523 4482 restitutis.
546 4423 664 4480 Datum
687 4422 766 4481 Cilic
789 4423 820 4481 in
844 4422 922 4481 festo
946 4424 1029 4481 beati
1053 4423 1166 4480 hiatbei
1188 4422 1330 4495 apostoli.
1362 4425 1451 4480 Anno

184 4528 303 4588 domini
324 4530 495 4589 millesimo
518 4529 822 4603 quadringentesimo
846 4571 973 4588 .....

290 4718 314 4766 E
333 4723 496 4782 transumpto
515 4714 599 4767 lacero
617 4726 643 4767 et
660 4733 747 4776 exeso,
765 4718 946 4767 vicebanorum
967 4718 1074 4781 Georgii
1099 4718 1131 4767 de
1155 4717 1262 4783 Bykzad
1285 4726 1310 4767 et
1335 4718 1451 4767 Thomae

182 4802 215 4854 de
234 4805 326 4871 Zyrair.
347 4806 379 4855 Iu
397 4805 494 4857 archiv.
512 4804 570 4855 incl.
594 4806 677 4859 Acad.
697 4807 792 4860 Sciant.
811 4806 881 4859 Slav.
902 4807 991 4858 merid.
