3278 5348
513 421 588 480 Doc.
613 434 681 478 [ρο.
706 454 747 463 -
771 420 826 480 An.
850 415 941 496 1438.
1295 423 1354 494 163

90 640 209 713 regiam
233 644 376 697 evocaret
399 639 431 697 in
454 637 655 712 presenciam,
680 644 709 695 ct
734 645 803 713 post
827 639 883 696 hec
906 637 1005 710 ipsius
1029 637 1222 695 evoeacionis
1247 638 1357 695 seriem

91 760 160 804 cum
184 745 365 804 nominibus
388 749 590 803 evocatorum
613 743 653 801 ad
676 744 801 802 easdem
824 753 950 802 octavas
980 743 1062 800 dicto
1096 742 1222 801 domino
1254 751 1359 800 nostro

89 853 156 924 regi
178 850 316 909 fideliter
345 850 565 909 rescriberetis.
605 849 669 907 Vos
700 851 795 922 igitur
825 851 957 924 receptis
992 849 1103 906 litteris
1138 850 1276 906 annotati
1310 863 1360 906 co·

72 957 176 1015 mitis
210 957 353 1015 Mathcus
390 957 593 1026 evocatoriis,
628 954 714 1030 juxta
749 956 930 1014 earumdem
972 956 1193 1013 continenciam
1228 971 1361 1013 unacum

91 1063 253 1122 Demetrio
276 1062 315 1121 de
330 1064 485 1135 Drenova,
500 1063 627 1121 homine
648 1064 743 1135 regio,
767 1067 906 1121 vestrum
932 1065 1090 1121 hominem
1107 1061 1276 1135 Georgium
1300 1061 1361 1118 cle·

91 1170 194 1227 n‘cum
218 1168 258 1228 de
280 1169 428 1242 Swsicha,
453 1170 539 1227 chori
563 1168 644 1227 dicte
667 1170 796 1227 ecclesie
826 1177 927 1227 vestre
951 1168 1192 1243 prebendarium
1222 1168 1262 1226 ad
1293 1183 1362 1241 pre·

92 1277 221 1333 missam
257 1277 473 1334 evocacionem
506 1275 680 1333 faciendam
713 1282 817 1333 vestro
848 1291 905 1350 pro
929 1275 1106 1332 testimonio
1130 1273 1361 1332 tranmisissetis

92 1381 295 1455 fidedignum.
319 1382 381 1455 Qui
405 1381 529 1440 tandem
554 1381 665 1439 exinde
686 1381 726 1439 ad
749 1397 805 1439 vos
828 1382 953 1450 reversi,
979 1381 1069 1439 vobis
1092 1380 1286 1438 concorditer
1316 1395 1363 1436 re-

93 1489 258 1558 tullissent‚
283 1487 365 1561 qued
388 1488 448 1562 ipsi
471 1489 603 1546 sabbato
627 1489 772 1562 proximo
797 1494 866 1546 ante
888 1488 1002 1545 festum
1026 1487 1108 1545 beati
1138 1487 1255 1544 Mathci
1289 1500 1363 1560 apo·

94 1596 166 1653 stoli
188 1600 219 1653 et
243 1595 440 1668 ewangeliste
463 1595 494 1653 in
519 1593 604 1652 dicto
625 1610 705 1652 anno
729 1594 847 1652 domini
870 1595 1040 1651 millesimo
1059 1592 1363 1666 quadringentesimo

95 1700 251 1758 tricesimo
286 1707 399 1775 quarto
432 1700 624 1774 preteritum,
660 1700 796 1773 prefatos
832 1699 1033 1774 Stephanum,
1068 1699 1171 1756 filium
1195 1698 1364 1770 Michaelis,

96 1809 166 1863 tunc
188 1803 324 1881 judicem
357 1822 392 1863 ac
427 1805 620 1877 Michaelem‚
655 1806 758 1864 filium
789 1805 970 1876 Sebastiam,
994 1806 1188 1863 Anthonium
1211 1806 1364 1876 Italicum,

100 1909 261 1983 Briccium,
297 1912 399 1970 filium
434 1912 598 1984 Benedicti,
633 1912 803 1986 Georgium
834 1919 996 1982 sartorem,
1019 1913 1146 1970 Petrum
1169 1912 1364 1984 Hungarum,

98 2018 173 2076 alias
196 2016 323 2092 judices,
348 2020 520 2077 Fabianum
543 2020 724 2091 litteratum,
749 2021 877 2092 Fryche,
892 2020 1039 2090 Blasium,
1056 2019 1159 2076 filium
1174 2017 1367 2090 Wythezych

99 2130 123 2181 et
147 2124 332 2197 Georgium,
356 2125 459 2183 filium
482 2126 645 2196 Francisci,
668 2124 794 2201 juratos,
810 2141 846 2182 ac
863 2132 979 2183 ceteros
1002 2125 1085 2183 cives
1109 2130 1260 2182 ettotam
1283 2139 1366 2181 com·

97 2231 281 2288 munitatem
306 2230 438 2288 civitatis
463 2233 576 2289 montis
599 2230 763 2289 Greccnsis
795 2232 833 2289 de
865 2232 950 2289 iuxta
980 2231 1165 2304 Zagrabiam
1196 2232 1227 2288 in
1258 2229 1367 2286 eadem

95 2338 222 2395 civitate
245 2337 360 2394 montis
383 2335 546 2395 Greccnsis
570 2342 677 2395 contra
701 2345 882 2395 annotatum
906 2337 1079 2411 capitulum
1102 2337 1229 2394 ecclesie
1262 2350 1367 2407 ragra-

93 2440 213 2501 biensis
237 2442 276 2499 ad
299 2443 452 2517 premissa
473 2443 512 2500 ad
536 2444 633 2501 dictas
658 2449 782 2501 octavas
806 2444 876 2502 festi
900 2444 982 2500 beati
1008 2443 1167 2501 Michaelis
1190 2441 1369 2513 archangeli

90 2549 217 2623 regiam
241 2557 420 2606 evocassent
441 2550 474 2607 in
497 2550 697 2623 presenciam,
722 2550 761 2607 ad
785 2566 861 2624 quas
887 2549 1012 2607 tandem
1035 2554 1160 2606 octavas
1192 2548 1262 2605 festi
1285 2547 1369 2604 beati

87 2654 260 2715 Michaelis
294 2655 472 2728 archangeli
506 2655 621 2730 prefati
655 2657 686 2714 in
717 2673 843 2715 causam
866 2658 988 2715 attracti
1012 2673 1068 2730 per
1092 2663 1270 2713 annotatum
1296 2669 1367 2729 pro·

88 2768 273 2821 curatorem
298 2760 525 2837 dicti‘capituli
549 2763 579 2820 in
602 2778 734 2837 persona
756 2764 895 2821 eiusdem
919 2765 1063 2835 congruis
1095 2763 1205 2820 diebus
1229 2763 1369 2836 ipsarum

89 2875 283 2928 octavarum
299 2883 405 2927 coram
427 2870 495 2943 ipso
512 2870 624 2927 comite
640 2871 780 2928 Mathcus
797 2871 958 2944 expectati,
975 2870 1114 2926 eiusdem
1130 2869 1161 2925 in
1177 2868 1369 2942 presenciam

89 2990 161 3033 non
185 2976 349 3046 venissent,
373 2992 472 3048 neque
495 2976 659 3049 misissent,
684 2993 739 3034 nec
764 2977 985 3051 persolvissent
1007 2974 1122 3050 judicia
1144 2975 1371 3048 prenominata,

92 3081 153 3139 sed
178 3097 212 3139 se
235 3081 444 3140 mediantibus
468 3082 557 3139 dictis
581 3083 694 3141 lttteris
717 3084 855 3140 annotati
870 3083 992 3140 comitis
1009 3082 1149 3139 Mathcus
1171 3079 1370 3154 judicialibus

94 3186 211 3245 exinde
234 3186 381 3245 coniectis
403 3204 460 3262 pro
484 3204 593 3247 eorum
615 3206 676 3246 non
700 3190 851 3247 veniendo
876 3190 906 3246 in
929 3187 1078 3263 judicium
1095 3189 1247 3245 consuetis
1264 3195 1293 3244 et
1310 3201 1368 3260 pro

97 3309 162 3352 non
187 3294 347 3353 solucione
371 3295 526 3353 dictorum
556 3294 743 3370 judiciorum
775 3297 807 3353 in
838 3295 959 3369 dupplo
995 3294 1177 3351 eorumdem
1206 3293 1372 3365 aggravari

101 3400 322 3473 permisissent.
346 3400 468 3474 Quibus
489 3402 635 3460 exhibitis
659 3401 797 3476 prelatus
824 3407 1004 3476 procurator
1035 3401 1132 3474 ipsius
1156 3399 1285 3472 capituli
1308 3397 1372 3455 ale·

102 3507 189 3579 gavit
227 3521 264 3564 eo
299 3507 403 3580 modo,
434 3508 592 3582 quomodo
627 3524 719 3566 causa
753 3509 784 3564 in
815 3508 967 3581 premissa
998 3506 1101 3565 medio
1125 3513 1267 3580 tempore
1291 3507 1370 3563 inter

101 3613 226 3671 easdem
262 3619 365 3686 partes
401 3614 634 3687 quodammodo
669 3613 874 3671 condescensa
909 3615 1068 3684 extitisset,
1091 3613 1173 3671 unde
1209 3614 1235 3670 si
1258 3612 1289 3669 id
1313 3611 1374 3686 juri

104 3718 312 3778 conformaret
335 3725 365 3777 et
388 3722 516 3794 equitati
541 3719 707 3791 videretur,
739 3726 853 3778 extunc
876 3721 960 3778 idem
985 3722 1158 3794 capitulum
1183 3719 1319 3793 prefatos
1342 3720 1374 3776 in

104 3840 229 3883 causam
252 3831 398 3883 attractos
421 3826 460 3883 ad
484 3828 635 3900 premissa
660 3828 777 3899 regiam
803 3829 832 3884 in
866 3829 1057 3900 presenciam
1089 3828 1240 3899 legittime
1273 3826 1373 3884 facere

104 3932 200 3989 vellet
223 3931 420 4005 proclamari.
444 3933 480 3990 Et
498 3934 570 4006 quia
587 3934 739 4005 allegacio
757 3936 968 4007 procuratoris
987 3935 1084 4008 ipsius
1100 3933 1290 3991 admittenda
1308 3933 1374 3989 lore

105 4037 278 4109 videbatur,
311 4054 369 4112 pro
401 4054 436 4096 eo
461 4049 598 4097 vestram
621 4041 795 4097 amiciciam
820 4042 1015 4113 presentibus
1039 4041 1173 4113 petimus
1202 4039 1374 4111 diligenter,

106 4150 257 4218 quatenus
288 4153 428 4203 vestrum
462 4148 592 4204 mittatis
623 4147 782 4204 hominem
787 4163 862 4240 ,pro
887 4148 1062 4204 testimonio
1086 4144 1287 4215 fidedignum,
1312 4158 1375 4216 quo

107 4257 248 4324 presente
279 4251 470 4324 Valentinus,
503 4252 587 4310 filius
618 4252 775 4326 Stephani,
809 4253 860 4310 vel
891 4253 1038 4310 Nicotaus
1062 4258 1113 4309 aut
1138 4251 1313 4307 Demetrius
1338 4249 1375 4305 de

105 4357 268 4429 Drenowa‚
291 4373 345 4415 seu
370 4359 545 4430 Dyonisius,
571 4359 654 4417 filius
678 4361 810 4417 Emerici
835 4360 872 4416 de
896 4359 1086 4431 Adanowch,
1111 4373 1163 4414 seu
1188 4358 1286 4413 Lucas
1310 4356 1375 4412 sive

105 4463 238 4522 Michael
263 4463 301 4520 de
326 4464 477 4536 Kysgora‚
499 4482 585 4522 newe
611 4466 764 4523 Ladomer
788 4466 826 4523 de
850 4466 933 4523 dicta
957 4465 1140 4532 Adanowcz‚
1165 4464 1234 4519 aliis
1267 4463 1375 4518 absen-

104 4569 197 4641 tibus,
221 4570 318 4628 homo
341 4573 454 4644 regiuS,
479 4573 650 4645 prelibatos
674 4574 705 4629 in
729 4588 853 4630 causam
877 4580 1022 4629 attractos
1055 4572 1086 4627 in
1119 4569 1276 4643 premissis
1307 4585 1376 4641 per·

106 4676 284 4750 hemptorie
308 4693 520 4752 responsuros,
536 4680 755 4752 racionemque
779 4679 937 4737 efficacem
954 4678 1139 4746 reddituros,
1157 4692 1192 4732 ac
1208 4675 1246 4732 dc
1262 4674 1376 4750 iudicio

103 4783 330 4858 quinquaginta
365 4800 545 4843 marcarum
576 4786 667 4844 nobis
701 4792 732 4844 et
763 4787 844 4862 parti
875 4785 1005 4843 adverse
1037 4782 1248 4840 satisfacturos
1271 4789 1377 4840 contra

103 4896 287 4949 annotatum
311 4891 484 4967 capitulum
508 4893 637 4950 ecclesie
663 4894 872 4966 zagrabiensis
895 4893 934 4950 ad
957 4897 1083 4949 octavas
1115 4887 1185 4947 festi
1216 4890 1298 4947 beati
1322 4889 1378 4947 Mi·

1271 4991 1286 5027 tl<
