3278 5348
619 461 690 516 Doc.
710 454 784 533 381.
813 491 849 500 -
875 458 931 514 An.
956 467 1044 532 1495.
1387 471 1446 524 505

182 680 212 732 et
236 681 424 731 mercatores
441 672 559 746 prefate
582 674 715 730 civitatis
739 677 842 730 nostre
869 672 981 729 montis
1004 672 1167 730 Grecensis
1190 672 1231 729 ad
1255 671 1450 729 solucionem

183 780 371 837 tributorum
390 787 573 849 vestrorum,
592 781 708 836 scilicet
723 786 901 835 nostrorum
918 780 1120 851 propriorum
1138 780 1242 837 ubivis
1265 778 1346 836 intra
1361 776 1444 834 dicta

181 901 276 958 regna
307 900 393 943 sacre
424 900 536 943 corone
560 886 706 954 subiecta,
736 884 946 952 existencium,
970 894 1077 942 contra
1110 885 1244 943 formam
1278 883 1451 957 prescripte

186 1007 295 1050 eorum
320 992 473 1049 libertatis
496 1000 526 1048 et
558 991 768 1064 exempcionis
791 999 891 1046 artare
915 997 945 1046 et
968 992 1159 1064 compellere
1190 998 1243 1047 aut
1274 992 1359 1063 ipsos
1382 1005 1451 1062 pre·

184 1105 266 1156 terea
302 1099 332 1155 in
366 1096 496 1170 per‘sona
527 1104 556 1154 et
588 1098 681 1154 rebus
714 1095 935 1169 quoquomodo
967 1096 1120 1169 impedire
1152 1096 1202 1154 vel
1225 1094 1450 1169 dampnificare

184 1218 339 1277 nusquam
375 1208 405 1261 et
435 1217 636 1275 nequaquam
670 1203 891 1275 presummatis
926 1218 981 1259 nec
1012 1203 1077 1260 sitis
1099 1203 1166 1260 ausi
1190 1202 1284 1259 modo
1309 1202 1448 1274 aliquali

185 1311 258 1382 quia
282 1311 306 1366 si
331 1324 418 1365 secus
435 1309 578 1379 feceritis,
603 1307 898 1382 quemadmoduma
915 1309 999 1381 regia
1017 1309 1175 1367 maiestate
1199 1309 1452 1366 commissionem

183 1416 344 1485 habemus,
370 1416 486 1472 tributa
510 1415 573 1485 illa,
598 1415 628 1471 in
651 1414 765 1487 quibus
789 1415 978 1472 contrarium
1001 1415 1092 1472 huius
1115 1414 1212 1487 lieret,
1234 1429 1292 1488 pro
1314 1428 1369 1470 sua
1386 1428 1452 1470 ma·

184 1523 292 1579 iestate
315 1522 461 1594 occupari
486 1520 642 1578 faciemus.
659 1520 755 1578 Aliud
778 1536 853 1592 ergo
869 1536 930 1578 non
943 1520 1062 1578 facturi.
1081 1521 1278 1578 Presentibus
1296 1519 1451 1593 perlectis,

181 1628 340 1685 exhibenti
370 1627 525 1684 restitutis.
557 1626 674 1682 Datum
697 1627 727 1683 in
751 1626 875 1683 civitate
898 1628 1011 1683 montis
1034 1626 1196 1684 Grecensis
1221 1625 1446 1699 prenominata,

185 1734 235 1791 die
269 1733 424 1791 dominico
457 1733 601 1805 proximo
635 1737 705 1789 ante
736 1731 849 1789 festum
874 1733 1043 1790 nativitatis
1073 1732 1297 1804 gloriosissime
1321 1730 1451 1802 virginis

184 1840 289 1899 Marie.
323 1841 414 1896 Anno
442 1837 560 1895 domini
590 1838 760 1896 millesimo
782 1838 1087 1911 quadringentesimo
1110 1839 1310 1910 nonagesimo
1335 1837 1452 1910 quinto.

288 1975 422 2039 Originale
441 1975 468 2024 in
488 1976 643 2027 membrana.
663 1977 695 2023 Iu
714 1976 829 2024 inferiori
849 1977 963 2038 margine
977 1976 1130 2039 impressum
1149 1981 1188 2022 cst
1203 1973 1319 2037 sigillum
1337 1971 1451 2022 anularez

180 2066 213 2112 In
232 2064 302 2113 arch.
322 2063 381 2115 incl.
400 2064 484 2114 Acad.
504 2064 599 2114 Scient.
620 2063 718 2113 Slavor.
739 2064 828 2113 merid.

784 2258 863 2322 381.

288 2393 368 2448 Anno
390 2411 465 2462 1495,
487 2410 527 2461 27.
548 2399 702 2448 novembris,
724 2400 755 2446 Iu
774 2399 907 2462 Topusko.

173 2509 330 2586 Jolramres
373 2509 519 2566 Carvilius
551 2507 709 2565 Sluvom'ae
739 2515 786 2564 etr.
821 2509 891 2577 aliar,
926 2528 944 2564 a
978 2511 1175 2565 corrrmum'tute
1202 2510 1329 2566 civitatis
1351 2508 1453 2564 rrrcmlr's

186 2615 337 2673 Grecensis
359 2611 432 2680 800,
450 2614 519 2687 flor,
536 2622 696 2683 mutuatur,
711 2633 828 2687 eamque
840 2623 995 2687 propterea
1018 2615 1161 2673 atributa
1196 2634 1294 2671 aarum
1316 2613 1451 2670 solvendo

761 2722 870 2780 liberal.

287 2866 349 2924 Nos
360 2866 515 2948 Johannes
524 2866 686 2936 Coruinus
696 2880 799 2924 comes
815 2867 951 2940 Opawie,
966 2868 1148 2940 Lypthowie
1161 2878 1190 2924 et
1203 2866 1365 2925 Sclauonie
1377 2864 1454 2922 dux·

183 2988 300 3031 necnon
336 2988 502 3046 regnorum
539 2973 674 3040 Croacie‚
713 2973 872 3031 Dalmacie
903 2983 932 3030 ct
964 2972 1126 3030 Sclanonie
1160 2974 1266 3030 banus.
1304 2972 1453 3029 liemorie

181 3080 437 3138 commendamus
468 3088 573 3138 tenore
605 3082 799 3154 presencium
824 3081 1039 3152 significantes,
1069 3081 1151 3165 quod
1176 3095 1232 3138 nos
1266 3078 1449 3154 aprovidis

182 3192 211 3243 et
235 3187 467 3260 circumspectis
490 3187 566 3244 viris
590 3185 699 3261 judice,
715 3185 831 3261 juratis,
856 3188 1025 3261 ceterisque
1047 3189 1168 3244 civibus
1185 3187 1319 3245 civitatis
1346 3191 1453 3243 nostre

182 3293 294 3349 montis
326 3292 487 3350 Grecensis
511 3294 685 3366 recepimus
709 3293 899 3364 octingentos
931 3293 1060 3350 ssorcnos
1085 3294 1115 3349 in
1139 3308 1194 3366 spe
1229 3292 1451 3363 restitucionis‚

182 3413 260 3472 quos
296 3413 360 3468 nos,
395 3400 492 3455 verbo
527 3405 632 3456 nostro
657 3398 770 3470 ducali,
806 3399 1017 3472 promittimus
1052 3398 1170 3456 eisdem
1192 3399 1313 3457 civibus
1337 3400 1451 3455 nostris

185 3506 353 3562 restituere.
385 3505 562 3562 Presentem
593 3513 696 3562 autem
728 3506 863 3567 tharam.
889 3519 983 3577 quam
1007 3504 1097 3562 nobis
1121 3505 1217 3562 iidem
1242 3506 1326 3562 cives
1351 3505 1449 3562 nostri

181 3610 220 3666 ad
246 3610 359 3668 festum
376 3612 621 3684 Epiphaniarum
646 3611 771 3679 domini,
796 3612 938 3684 proxime
962 3619 1135 3681 venturum,
1159 3610 1233 3667 dare
1260 3610 1450 3682 obligantur,

182 3717 298 3774 eisdem
324 3734 378 3790 per
402 3723 557 3791 presentes
582 3711 781 3794 (relaxamus)
794 3717 892 3773 immo
905 3717 1115 3774 relaxavimus
1139 3719 1171 3774 in
1194 3723 1314 3773 sortem
1329 3717 1449 3790 predic·

118 3838 123 3848 ·
190 3830 292 3880 torum
324 3824 569 3895 octingentorum
605 3816 804 3899 (florenorum
835 3817 875 3898 et)
900 3822 1088 3880 officialibus
1113 3824 1225 3881 nostris
1255 3823 1452 3896 presentibus

182 3938 212 3988 et
236 3929 347 3988 futuris
378 3931 488 3987 barum
524 3929 601 3987 serie
625 3923 768 4006 (firmiter
793 3922 993 4004 precipimus)
1018 3938 1047 3986 et
1072 3929 1268 3993 mandamus,
1296 3929 1381 3987 aliud
1400 3929 1452 3985 ha·

185 4037 259 4094 bere
279 4037 426 4107 nolentes,
451 4042 601 4109 quatenus
635 4036 788 4109 predictos
812 4038 894 4094 cives
917 4045 1037 4093 nostros
1063 4053 1120 4110 pro
1154 4036 1330 4094 huiusmodi
1356 4036 1450 4093 thaxa

189 4142 277 4199 nullo
302 4142 395 4199 modo
420 4143 572 4216 impedire
595 4152 647 4199 aut
671 4143 836 4200 molestare
860 4143 992 4200 debeant
1015 4151 1108 4216 atque
1134 4143 1258 4201 valeant
1285 4141 1379 4199 modo
1396 4143 1452 4200 ali·

184 4248 279 4320 quali.
302 4248 418 4305 Datum
442 4250 473 4305 in
508 4248 678 4323 Thopuzka
709 4247 785 4306 feria
816 4258 901 4306 sexta
934 4250 1077 4322 proxima
1112 4259 1179 4323 post
1212 4248 1326 4305 festum
1358 4249 1448 4305 beate

111 4378 114 4389 ·
193 4352 364 4426 Elyzabeth
395 4354 497 4412 vidue.
531 4357 620 4413 Anno
655 4354 773 4412 domini
797 4356 965 4412 millesimo
990 4356 1294 4428 quadringentesimo
1316 4368 1452 4426 nonage-

185 4460 264 4517 simo
288 4461 405 4532 quinto.

286 4596 420 4659 Johannes
440 4596 568 4645 Coruinus
582 4598 641 4649 dux.
663 4612 738 4645 mann
759 4599 869 4661 propria.

292 4721 426 4785 Originale
450 4724 478 4773 in
502 4723 599 4773 charta.
625 4725 654 4770 ln
675 4723 789 4785 margine
818 4722 933 4773 inferiori
954 4725 1106 4787 impressum
1126 4733 1164 4772 cst
1185 4721 1299 4785 sigillum
1318 4721 1399 4769 ducis.
1420 4722 1452 4769 In

184 4809 280 4860 archiv,
301 4809 347 4862 lib.
367 4826 419 4875 reg.
440 4811 488 4862 civ.
509 4812 609 4875 zagrab.
