3278 5348
194 427 252 501 238
617 424 690 481 Dor.
713 434 781 499 174.
808 454 844 464 -
872 423 927 479 An.
952 435 1040 499 1453.

190 639 312 697 statutis
335 639 447 697 nostris
463 637 649 710 huiusmodi,
674 631 772 695 immo
794 638 898 695 verius
922 638 1102 709 apostolicis
1124 638 1214 695 nobis
1238 640 1270 696 in
1293 634 1352 695 hac
1368 643 1449 711 parte

190 746 363 803 commissis
388 788 582 806 .......
606 743 733 802 domino
755 745 903 819 episcopo
927 743 1118 816 zagrabiensi
1135 745 1165 801 in
1182 743 1325 803 futurum
1346 744 1451 802 consti·
1499 787 1505 806 ,

192 857 258 909 tuto
282 859 312 908 et
335 852 491 922 existente,
516 850 565 907 cui
590 850 632 906 ob
655 850 864 907 reverenciam
889 848 1046 921 dignitatis
1070 848 1218 907 duximus
1234 848 1448 907 deferrendum

189 957 329 1031 predicta
352 957 536 1015 auctoritate
559 956 729 1029 apostolica
751 955 842 1013 nobis
866 956 896 1013 in
920 956 977 1012 hac
1001 959 1089 1029 parte
1122 956 1282 1027 attributa,
1307 958 1447 1015 canonica

188 1064 362 1122 monicione
398 1064 558 1137 premissa,
596 1068 667 1136 post
701 1077 754 1118 sex
788 1060 909 1118 dierum
942 1061 1082 1135 spacium
1117 1061 1246 1118 ecclesie
1270 1054 1450 1138 (ingressum

189 1162 404 1244 prohibemus)
439 1174 468 1226 et
492 1167 703 1225 interdicimus
725 1168 756 1225 in
780 1167 839 1224 hiis
862 1168 986 1240 scriptis
1010 1213 1015 1224 .
1039 1213 1044 1223 .
1068 1211 1074 1224 .
1098 1172 1168 1240 post
1200 1168 1381 1226 huiusmodi
1404 1184 1452 1226 sex

187 1275 309 1332 dierum
332 1275 402 1332 aliis
424 1291 477 1332 sex
502 1274 611 1331 diebus
635 1272 813 1332 immediate
836 1274 1036 1345 sequentibus
1058 1264 1108 1351 (si)
1124 1274 1228 1330 animo
1249 1274 1450 1333 sustinueritis

187 1381 330 1439 indurato
354 1380 461 1437 eadem
486 1381 632 1437 canonica
655 1380 830 1437 municione
852 1381 1004 1452 premissa
1028 1379 1246 1452 suspendimus
1277 1395 1295 1436 a
1331 1380 1449 1439 divinis.

187 1488 305 1546 Verum
330 1488 429 1545 eciam
452 1488 478 1544 si
501 1486 630 1559 prelatis
650 1486 804 1544 interdicti
820 1492 850 1543 et
874 1487 1084 1559 suspensionis
1107 1487 1277 1543 sentencias
1301 1502 1358 1560 per
1379 1487 1451 1545 alios

194 1610 247 1651 sex
272 1594 345 1665 dies,
369 1592 498 1667 prelatis
522 1592 685 1650 duodecim
711 1592 820 1650 diebus
845 1591 1023 1649 immediate
1039 1592 1246 1665 sequentibus,
1272 1567 1357 1666 quod
1381 1593 1450 1651 alias

193 1702 296 1757 animo
320 1701 525 1756 sustinueritis
549 1698 701 1770 indurato,
726 1713 782 1755 vos
807 1705 935 1772 propter
958 1697 1136 1763 huiusmodi
1153 1704 1369 1771 contemptum
1385 1713 1448 1756 nos·

191 1812 283 1875 trum,
303 1805 421 1879 prefata
438 1807 583 1863 canonica
596 1806 768 1862 monicione
785 1806 944 1877 premissa,
957 1805 1289 1861 excommunicacionis
1305 1805 1451 1862 sentencie

192 1900 318 1970 vinculo
342 1912 527 1970 innodamus
550 1913 581 1969 in
613 1913 672 1969 hiis
695 1913 825 1985 scriptis.
849 1913 882 1969 ln
917 1926 973 1968 vos
1009 1927 1083 1969 vero
1119 1911 1294 1985 capitulum
1328 1911 1450 1968 ecclesie

187 2020 403 2091 zagrabiensis,
426 2024 479 2075 aut
502 2018 595 2075 illum
631 2018 680 2074 vel
714 2018 785 2093 illos
822 2017 1000 2075 huiusmodi
1036 2018 1217 2090 presentatis
1251 2023 1281 2073 et
1312 2016 1450 2074 admissis

187 2142 240 2184 seu
264 2125 410 2183 institutis
434 2124 675 2181 contradictores
699 2139 753 2180 seu
777 2124 911 2181 rebelles
935 2125 1094 2196 quoslibet
1117 2122 1295 2181 huiusmodi
1333 2130 1449 2180 nostras

189 2231 445 2301 confirmacionis,
470 2230 691 2288 declaracionis
716 2245 750 2287 ac
774 2236 888 2288 statuta
911 2230 1153 2303 impedientibus
1176 2245 1271 2304 super
1293 2230 1450 2303 premissis

188 2339 240 2396 vel
262 2339 369 2410 aliquo
391 2338 614 2410 premissorum
639 2339 820 2394 auctoritate
845 2336 1016 2410 apostolica
1038 2353 1095 2411 per
1117 2350 1173 2393 nos
1197 2335 1280 2393 edita
1311 2344 1367 2394 aut
1394 2337 1448 2393 im·

188 2445 354 2518 pedientes,
378 2444 485 2501 dantes
509 2444 670 2514 auxilium,
694 2444 858 2500 consilium
883 2444 934 2499 vel
959 2442 1099 2501 favorem
1123 2443 1249 2516 publice
1271 2449 1313 2528 et⁰
1324 2443 1449 2511 occulte,

188 2551 303 2608 directe
326 2551 376 2608 vel
400 2549 557 2621 indirecte,
574 2551 799 2623 cuiuscumque
822 2555 928 2620 status,
951 2548 1147 2619 condicionis,
1172 2548 1296 2621 gradus,
1319 2548 1448 2623 preemi-

187 2659 300 2729 nencie,
325 2657 491 2730 dignitatis,
514 2657 703 2714 auctoritatis
720 2663 772 2714 aut
796 2656 983 2714 condicionis
1007 2657 1146 2726 existant,
1171 2657 1353 2713 auctoritate
1377 2669 1450 2728 apo·

190 2766 308 2835 stolica,
333 2765 478 2822 canonica
501 2765 674 2822 monicione
705 2765 867 2839 premissa,
891 2765 1103 2838 suspensimus
1127 2763 1167 2820 ab
1203 2764 1343 2835 ingressu
1375 2761 1452 2819 dicte

187 2871 315 2928 ecclesie
350 2869 557 2942 zagrabiensis
593 2878 622 2928 et
656 2871 812 2928 interdicti
846 2872 1015 2928 sentencias
1049 2870 1289 2944 promulgamus
1324 2869 1355 2927 in
1392 2868 1450 2925 hiis

187 2979 318 3050 scriptis.
343 2977 585 3034 absolucionem
610 2992 685 3034 vero
711 2978 851 3034 omnium
877 2987 905 3034 et
927 2977 1123 3050 singulorum
1148 2975 1381 3048 premissorum,
1400 2974 1452 3047 qui

188 3082 323 3155 prelatas
346 3089 465 3140 nostras
489 3086 658 3141 sentencias
682 3085 732 3142 vel
757 3099 825 3141 eam
858 3084 996 3156 aliquam
1021 3082 1244 3155 quoquomodo
1259 3082 1449 3139 incurreritis

187 3204 240 3246 seu
264 3191 436 3260 incurrerit,
460 3191 550 3248 nobis
574 3199 626 3248 aut
649 3191 927 3248 successossoribus
951 3197 1071 3248 tantum
1095 3190 1208 3247 nostris
1244 3203 1447 3246 reservamus.

187 3295 221 3351 ln
246 3310 378 3367 quorum
404 3298 543 3353 omnium
568 3305 596 3353 et
613 3297 808 3368 singulorum
831 3297 926 3353 fidem
943 3302 972 3353 et
990 3296 1202 3354 testimouium
1225 3295 1449 3369 premissorum

187 3408 343 3473 presentes
366 3401 484 3457 litteras
507 3409 627 3459 nostras
651 3419 703 3460 seu
728 3419 855 3475 presens
879 3402 1042 3476 publicum
1074 3403 1315 3460 instrumentum
1340 3400 1449 3459 exinde

185 3505 254 3563 fieri
277 3516 306 3563 et
330 3522 386 3579 per
408 3510 562 3565 notarium
587 3511 748 3582 publicum
774 3509 1007 3582 infrascriptum
1039 3510 1194 3567 subscribi
1226 3515 1256 3566 et
1291 3490 1468 3582 publicari'

186 3612 412 3682 mandavimus,
437 3615 594 3686 sigillique
619 3610 728 3693 (nostri
743 3609 901 3691 jussimus)
917 3617 1105 3689 appensione
1121 3616 1316 3674 communiri
1333 3615 1447 3671 Datum

186 3725 335 3777 etactum
359 3721 390 3776 in
415 3719 507 3777 domo
541 3723 666 3778 estuarii
702 3738 754 3779 seu
788 3724 877 3779 stube
901 3722 1013 3795 prelati
1038 3722 1201 3795 hospitalis
1224 3735 1305 3778 auno
1328 3720 1445 3778 domini

185 3827 352 3883 millesimo
376 3825 680 3899 quadringentesimo
705 3829 962 3900 quinquagesimo
986 3830 1090 3901 tercio,
1126 3828 1297 3886 indiccione
1333 3828 1447 3901 prima,

186 3932 234 3990 die
259 3933 373 4003 Martis,
399 3934 474 3989 hora
500 3935 664 3990 terciarum
689 3936 740 3990 vel
765 3935 862 4006 quasi.
887 3935 1085 3992 Pontificatus
1124 3940 1226 3992 autem
1262 3933 1446 3991 sanctissimi

183 4040 215 4096 in
239 4027 339 4096 Cristo
363 4041 461 4113 patris
484 4049 512 4096 et
538 4040 662 4111 domini,
695 4041 812 4099 domini
838 4041 957 4098 Nicolai
990 4042 1094 4100 divina
1129 4040 1330 4116 providencia
1368 4054 1448 4113 pape

184 4147 291 4219 quinti,
313 4161 392 4203 anno
416 4147 480 4202 eius
506 4148 639 4218 septimo
664 4147 812 4219 predicto.
849 4148 1045 4205 Presentibus
1084 4146 1201 4204 ibidem
1237 4146 1378 4203 discretis
1413 4153 1442 4201 et

183 4254 318 4310 honestis
353 4252 436 4322 viriS,
468 4252 601 4309 dominis
635 4254 773 4334 Johanne
809 4254 846 4310 de
887 4229 1018 4325 Kacbys
1047 4253 1264 4326 aquilegiensis
1296 4252 1446 4328 dyocesis,

181 4354 344 4417 Dominico
367 4340 404 4416 de
428 4358 560 4416 Chasma
595 4353 778 4436 sent(lelelr),
802 4360 958 4434 Stephano
991 4359 1028 4417 de
1064 4360 1260 4431 Rakytnycra
1305 4364 1334 4416 et
1373 4363 1448 4416 Am·

184 4466 287 4523 brosio
310 4473 413 4523 sancte
436 4467 536 4523 crucis
560 4465 597 4521 de
622 4467 777 4537 Hrvtbyna
800 4468 1000 4523 ecclesiarum
1025 4467 1177 4538 plebanis,
1202 4465 1293 4522 Petro
1316 4465 1445 4539 preben-

183 4573 270 4630 dario
294 4574 379 4629 chori
404 4573 530 4630 ecclesie
553 4574 759 4643 zagrabiensis
795 4573 931 4646 predicte
964 4582 992 4629 et
1028 4572 1151 4629 Anlrea
1187 4571 1230 4628 de
1247 4566 1462 4643 'Zthwbycza

182 4680 363 4754 presbiteris
387 4680 594 4751 zagrabiensis
619 4679 758 4750 dyocesis
791 4687 819 4736 et
853 4680 922 4736 aliis
958 4678 1200 4752 quampluribus
1236 4678 1368 4736 testibus
1406 4675 1443 4734 ad

181 4788 332 4860 premissa
357 4788 472 4844 vocatis
490 4788 604 4859 pariter
627 4795 656 4843 et
680 4781 832 4863 (rogatis).
851 4788 886 4843 Et
903 4802 959 4858 ego
978 4785 1151 4858 Stephanus
1167 4785 1300 4844 Emerici
1316 4784 1356 4842 de
1371 4783 1445 4856 Wy·

180 4893 255 4951 zoka
279 4894 408 4951 clericus
429 4895 635 4966 zagrabiensis
656 4894 794 4962 diocesis,
819 4893 964 4965 publicus
997 4907 1082 4949 sacra
1118 4892 1276 4965 imperiali
1311 4884 1475 4949 auctori·‘
