3256 5346
329 460 391 513 soo
741 440 812 498 Dor.
830 451 901 518 377.
930 473 968 483 -
993 439 1050 497 An.
1075 451 1165 517 1495.

344 549 534 557 -————--.
561 548 593 554 --
606 548 650 553 ..—
662 546 796 553 ——-—-
808 546 843 551 —-
853 546 896 551 —-
919 545 1165 552 ——-—-———

327 667 463 717 terarum
476 661 625 717 contentis
640 666 782 716 nostrum
790 657 911 730 regium
923 671 1106 714 consensum
1121 699 1129 714 .
1144 700 1148 710 .
1165 656 1398 730 prebemusque
1410 658 1593 717 benivolum

327 765 443 839 pariter
454 771 485 822 et
496 780 653 823 assensum
667 784 673 834 ;
684 769 714 822 et
724 763 944 822 nichilominus
957 764 998 819 ob
1011 763 1221 820 reverenciam
1238 761 1380 821 eiusdem
1392 765 1494 823 sancti
1506 765 1594 837 spiri·

265 904 271 915 ·
326 879 375 928 tus
387 878 487 929 totum
500 876 530 929 et
553 885 644 929 omne
666 870 715 946 jus
738 874 878 928 nostrum
901 869 1032 942 regium,
1055 870 1081 926 si
1103 867 1187 943 quod
1211 869 1243 925 in
1262 869 1448 943 prescriptis
1462 877 1594 944 quatuor

326 978 513 1035 sessionibus
524 976 774 1053 johagionalibus
783 975 1052 1050 qualitercumque
1064 976 1259 1046 haberemus,
1272 981 1327 1032 aut
1338 974 1450 1032 eedem
1460 985 1593 1034 nostram

327 1099 365 1139 ex
396 1084 644 1157 quibuscumque
674 1083 782 1153 causis,
807 1082 875 1149 viis,
906 1081 1008 1139 modis
1039 1089 1069 1139 et
1100 1082 1276 1139 racionibus
1300 1089 1523 1140 concernerent
1543 1087 1593 1139 aut

327 1204 510 1247 concemere
541 1197 665 1263 possent
689 1190 890 1259 maiestatem,
922 1189 1016 1246 simul
1047 1203 1119 1246 cum
1142 1188 1288 1245 omnibus
1319 1189 1385 1244 suis
1408 1189 1591 1247 utilitatibus

327 1300 358 1352 et
381 1296 577 1368 pertinenciis
611 1295 811 1369 quibuslibet,
843 1301 927 1368 puta,
958 1295 1048 1352 terris
1082 1295 1255 1352 arabilibus
1287 1293 1381 1351 cultis
1404 1302 1436 1352 et
1460 1295 1589 1363 incultis,

324 1401 415 1473 agris,
439 1402 545 1475 pratis,
568 1402 699 1474 pascuis,
715 1401 843 1475 campis,
867 1399 984 1471 ienetis,
1001 1401 1097 1469 silvis,
1120 1401 1310 1472 nemoribus,
1335 1401 1507 1472 montibus,
1531 1400 1592 1457 val·

324 1507 416 1577 libus,
440 1507 547 1578 vineis,
571 1508 794 1579 vinearumque
817 1506 1048 1580 promontoriis,
1071 1507 1169 1579 aquis,
1193 1505 1303 1577 fluviis,
1327 1505 1467 1580 piscinis,
1499 1507 1590 1580 pisca·

325 1614 411 1685 turis,
434 1629 649 1688 aquarumque
684 1614 874 1685 decursibus,
896 1612 1094 1684 molendinis,
1116 1613 1371 1671 molendinorum
1394 1613 1482 1684 locis,
1505 1627 1590 1686 gene

325 1719 433 1777 raliter
456 1735 531 1777 vero
555 1720 768 1794 quarumlibet
791 1720 960 1777 utilitatum
984 1728 1015 1777 et
1030 1720 1290 1792 pertinenciarum
1313 1734 1446 1777 suarum
1469 1719 1588 1791 integri·

324 1826 439 1884 tatibus
462 1826 573 1898 quovis
595 1826 729 1884 nominis
750 1824 905 1884 vocabulo
929 1825 1078 1895 vocitatis,
1101 1826 1161 1882 suh
1185 1826 1248 1882 suis
1264 1827 1347 1883 veris
1365 1827 1458 1883 metis
1481 1831 1512 1884 et
1533 1840 1581 1882 an·

325 1914 420 2004 tiquis
444 1932 655 2003 existentibus,
702 1939 872 1989 memorate
907 1931 1027 2005 capelle
1069 1932 1166 1989 sancti
1200 1931 1328 2004 spiritus
1364 1936 1582 2005 consequenter

324 2038 497 2096 rectoribus
528 2038 666 2096 eiusdem
698 2052 757 2111 pro
789 2043 929 2110 tempore
964 2037 1136 2095 constitutis
1168 2036 1318 2108 dedimus,
1344 2036 1533 2095 donavimus
1556 2044 1584 2094 et

322 2145 520 2216 contulimus,
547 2147 645 2203 immo
680 2145 798 2215 damus,
823 2144 974 2202 donamus
1004 2152 1035 2202 et
1068 2143 1256 2202 conferimus
1285 2141 1354 2219 jure
1384 2150 1537 2218 perpetuo
1558 2150 1585 2200 et

322 2251 573 2309 irrevocabiliter
597 2250 798 2324 possidendas
823 2257 852 2308 et
876 2251 1043 2322 habendas,
1064 2252 1153 2308 salvo
1175 2248 1243 2326 jure
1266 2250 1379 2322 alieno,
1397 2251 1511 2308 harum
1534 2264 1583 2307 no·

322 2363 466 2426 strarum,
501 2357 616 2431 quibus
650 2363 803 2414 secretum
834 2356 973 2429 sigillum
1005 2363 1157 2428 nostrum,
1193 2371 1255 2429 quo
1278 2363 1313 2414 ut
1341 2372 1398 2414 rex
1429 2356 1582 2428 Hungarie

321 2464 447 2534 utimur,
466 2467 512 2520 est
534 2477 718 2536 appensum,
734 2462 841 2535 vigore
858 2469 889 2520 et
905 2463 1082 2520 testimonio
1099 2463 1276 2521 litterarum
1293 2462 1459 2521 mediante.
1473 2463 1582 2520 Datum

322 2571 354 2627 in
378 2570 496 2644 oppido
520 2569 683 2627 Verevvcze
714 2584 771 2642 per
794 2584 903 2626 manus
935 2568 1185 2628 reverendissimi
1209 2569 1240 2627 in
1265 2568 1390 2627 Christo
1414 2570 1511 2642 patris
1533 2567 1581 2624 do·

321 2677 398 2734 mini
421 2676 550 2745 Thome,
585 2676 723 2749 episcopi
746 2676 875 2733 ecclesie
899 2676 1059 2748 agriensis,
1084 2676 1199 2733 summi
1223 2681 1252 2733 et
1277 2677 1387 2733 secreti
1412 2673 1581 2734 cancellarii

320 2797 356 2839 ac
390 2781 493 2839 fidelis
528 2782 626 2839 nostri
658 2780 771 2852 dilecti,
796 2780 873 2839 feria
897 2788 1007 2855 quarta
1031 2784 1176 2856 proxima
1199 2789 1271 2839 ante
1295 2781 1411 2840 festum
1437 2773 1580 2840 kathedre

323 2889 406 2945 beati
430 2888 512 2946 Petri
535 2887 677 2962 apostoli.
714 2890 804 2945 Anno
828 2887 946 2946 domini
971 2889 1140 2947 millesimo
1163 2887 1472 2962 quadringentesimo
1493 2900 1580 2945 nona·

318 2994 437 3066 gesimo
461 2995 576 3068 quinto.
606 2994 785 3067 Regnorum
815 3000 993 3052 nostrorum
1017 2994 1175 3067 Hungarie
1199 3001 1257 3052 etc.
1281 3008 1364 3052 anno
1386 2995 1505 3068 quinto,
1527 2992 1578 3049 Bo·

317 3101 419 3158 hemie
435 3116 510 3158 vero
534 3102 686 3173 vigesimo
710 3107 830 3175 quarto.

425 3238 559 3302 Originale
578 3239 604 3286 in
615 3238 762 3286 membrana
780 3246 818 3286 sat
828 3253 940 3289 exesum.
957 3240 1027 3288 Zona
1046 3239 1143 3287 sericea
1154 3238 1234 3297 rubri,
1246 3237 1300 3287 albi
1319 3245 1346 3286 et
1365 3237 1474 3288 violacei
1493 3235 1578 3285 coloris

316 3327 446 3391 appendet
464 3328 563 3390 absque
580 3327 675 3391 sigillo.
694 3329 726 3375 In
744 3328 812 3377 arch.
832 3327 877 3379 lib.
897 3344 949 3392 reg.
969 3329 1016 3380 civ.
1036 3329 1137 3392 zagrab.

917 3523 1003 3592 37¹1.

425 3646 504 3695 Anno
526 3657 599 3710 1495,
623 3658 661 3706 19.
672 3646 801 3697 februarii.
821 3647 987 3696 Viroviticae.

326 3779 503 3849 Vludislaus,
527 3781 628 3853 Huug.
653 3789 699 3840 etc.
723 3801 786 3851 rex,
808 3783 936 3840 uirilibus
948 3783 1094 3856 nobilibus,
1109 3784 1325 3858 civitatibusque
1337 3785 1489 3844 identidem
1496 3794 1578 3859 prue-

435 3888 503 3959 cipil
527 3906 561 3942 nc
584 3907 602 3942 a
626 3888 828 3945 mercatoribus
849 3889 967 3960 zagrah.
987 3899 1043 3961 pro
1065 3909 1154 3946 merce
1177 3891 1314 3947 tributum
1337 3894 1467 3966 exigant.

1020 4028 1174 4077 Commissio
1193 4029 1299 4094 propria
1316 4029 1417 4079 domini
1436 4031 1512 4095 regis.

423 4153 616 4211 Wladislaus
652 4153 702 4212 dei
725 4157 828 4226 gracia
860 4172 915 4213 rex
938 4157 1096 4229 Hungarie
1118 4164 1148 4215 et
1172 4156 1317 4217 Bohemie
1341 4165 1400 4218 etc.
1425 4160 1578 4219 Fidelihus

315 4260 427 4316 nostris
439 4260 590 4317 universis
613 4268 642 4317 et
666 4261 795 4332 singulis
820 4262 956 4335 prelatis,
981 4265 1158 4334 baronibus
1195 4264 1371 4338 comitibus,
1395 4266 1575 4335 castellanis,

314 4365 481 4434 nobilibus
498 4365 701 4438 ipsorumque
713 4366 909 4438 officialibus,
934 4369 1007 4426 item
1024 4369 1210 4440 civitatibus,
1227 4369 1352 4444 oppidis
1373 4375 1405 4429 et
1420 4371 1515 4443 villis,
1532 4386 1578 4428 ea·

315 4487 447 4543 rumque
471 4472 651 4539 rectoribus,
675 4471 830 4546 judicibus
854 4478 883 4530 et
900 4475 1022 4541 villicis
1047 4491 1164 4535 necnon
1189 4478 1361 4535 tributariis
1378 4484 1410 4535 et
1434 4478 1578 4536 thelonia·

315 4578 434 4634 toribus
458 4587 521 4633 tam
538 4579 650 4634 nostris
675 4580 832 4649 regalibus
855 4597 949 4653 quam
973 4583 1107 4640 aliorum
1131 4598 1403 4659 quorumcumque
1426 4588 1529 4645 ubivis
1550 4588 1578 4644 in

314 4683 417 4753 regnis
433 4685 545 4740 nostris
559 4685 725 4756 llungarie,
742 4684 905 4744 Sclauonie
922 4695 951 4743 et
968 4687 1103 4756 Croacie‚
1120 4690 1290 4762 ceterisque
1303 4693 1450 4764 partibus
1466 4693 1577 4752 eisdem

314 4790 416 4858 regnis
439 4790 552 4846 nostris
576 4792 730 4862 subiectis,
754 4793 870 4850 tributa
894 4794 1090 4865 habentibus,
1105 4796 1279 4853 tenentibus
1302 4812 1357 4854 seu
1374 4799 1577 4872 exigentibus,

313 4895 507 4966 presentibus
530 4902 559 4953 et
590 4896 709 4968 futuris,
742 4906 897 4971 presentes
929 4901 1051 4971 visuris,
1076 4901 1209 4959 salutem
1234 4909 1263 4960 et
1297 4905 1447 4975 graciam.
1479 4907 1576 4979 Expo-
