3278 5348
493 447 569 507 Doc.
586 460 662 525 345.
686 481 729 491 -
752 449 809 506 An.
832 445 924 526 1487.

62 663 155 721 Toth'
173 664 213 722 de
235 663 437 723 Zomredwar
459 679 516 739 per
537 664 624 736 ipsos
646 664 715 736 ipso
731 662 859 723 domino
883 661 1084 737 sigismundo
1107 664 1173 737 regi
1196 669 1226 723 et
1247 680 1337 725 sacro

63 783 125 827 suo
147 769 234 844 regio
257 769 437 843 dyademati
461 770 493 829 in
516 769 612 829 variis
635 775 666 828 et
696 767 810 827 ualidis
832 768 974 829 eiusdem
995 770 1084 842 regni
1108 771 1157 829 sui
1179 770 1336 844 expedici-

64 876 181 934 onibus
204 877 363 951 prosperis
394 881 503 951 utpote
536 880 568 934 et
601 875 742 934 adversis
772 890 845 934 cum
875 890 1023 949 sumpmo
1046 875 1211 950 diligencie
1232 877 1337 936 studio

64 983 167 1056 ipsius
189 982 396 1057 participibus
418 982 540 1041 solicite
570 980 717 1041 exhibitis
740 986 771 1039 et
792 980 951 1055 impensis,
974 997 1033 1055 pro
1056 983 1171 1056 quibus
1193 998 1256 1041 non
1279 984 1336 1042 im·

65 1088 181 1147 merito
204 1089 397 1162 congruebat
418 1089 504 1163 ipsos
526 1088 613 1161 regio
648 1087 823 1147 liberaliter
853 1087 1008 1147 antedicto
1031 1089 1195 1162 prevenire
1218 1095 1249 1147 et
1270 1105 1336 1149 am·

65 1194 164 1269 pliori
184 1196 301 1269 regalis
323 1194 523 1269 prerogativa
546 1193 763 1253 munificencia
787 1194 960 1268 premiare;
985 1194 1056 1253 ideo
1079 1194 1165 1254 idem
1188 1195 1335 1255 dominus

65 1298 286 1374 sigismundus
309 1316 363 1360 rex
394 1299 549 1375 prefatam
574 1300 799 1375 possessionem
821 1300 1005 1373 Petrowyua
1034 1301 1113 1360 alias
1135 1301 1336 1361 lent-Petber

66 1412 213 1465 vocamm
235 1407 331 1466 simul
354 1422 425 1465 cum
448 1407 595 1466 omnibus
617 1407 681 1465 suis
697 1406 884 1465 utilitatibus
906 1412 938 1465 et
962 1407 1159 1480 pertinenciis
1183 1408 1336 1467 uniuersis

65 1513 110 1571 ab
140 1511 249 1571 eadem
281 1514 407 1572 ciuitate
435 1528 492 1571 sua
523 1512 638 1571 montis
672 1510 835 1570 Grecensis
869 1518 899 1571 et
934 1513 974 1570 ab
1008 1514 1092 1571 omni
1116 1511 1334 1588 jurisdiccione

65 1618 186 1678 civium
208 1625 239 1677 et
262 1619 454 1694 populorum
478 1616 650 1678 decadem
673 1617 854 1692 separando,
877 1634 1005 1677 rursum
1028 1618 1068 1677 ad
1084 1619 1260 1694 predictum
1284 1636 1334 1678 ca·

64 1731 169 1783 strum
192 1724 288 1798 Selyn
309 1730 541 1799 nuncupatum,-
555 1724 596 1782 ad
619 1723 703 1797 quod
727 1723 826 1782 eciam
842 1726 929 1797 prius
952 1724 1035 1784 dicta
1060 1725 1137 1783 villa
1160 1727 1336 1800 pertinebat

64 1839 276 1902 reannectens,
298 1831 484 1905 reaplicans,
504 1828 694 1907 conjungens
718 1836 748 1888 et
772 1845 985 1905 recorporans,
1009 1831 1141 1891 eandem
1164 1848 1235 1891 cum
1258 1835 1335 1891 inte·

65 1938 181 2013 gritate
203 1953 331 1996 auarum
346 1937 608 2012 pertinenciarum
624 1937 683 1995 sub
706 1938 770 1995 suis
794 1939 877 1996 veris
892 1939 983 1996 ruetis
1000 1945 1030 1997 et
1053 1939 1195 2012 antiquis,
1220 1940 1335 2012 quibus

65 2043 178 2103 eadem
207 2044 355 2103 hactenus
379 2057 528 2117 possessa,
551 2043 658 2102 habita
679 2051 711 2101 et
733 2048 815 2102 tenta
837 2043 954 2114 fuisset,
978 2045 1157 2103 memoratis
1179 2046 1335 2117 magistris

64 2149 246 2223 laurencio,
280 2148 411 2209 Nicoiao
445 2155 476 2207 et
508 2147 712 2222 Christotoro,
741 2149 987 2223 eorumdemque
1012 2151 1233 2223 magistrorum
1257 2153 1335 2210 Lau·

65 2255 165 2315 rencii
193 2263 225 2314 et
258 2255 380 2315 Nicolai
414 2254 577 2314 dumtaxat
612 2255 780 2314 heredibus
810 2261 840 2313 et
863 2257 1097 2330 posteritatibus
1122 2257 1274 2315 universis
1295 2256 1335 2315 de

65 2361 132 2419 suis
154 2361 249 2435 regiis
271 2361 417 2421 manibus
439 2376 521 2421 nove
549 2376 605 2421 sue
627 2361 807 2420 donacionis
831 2361 923 2419 titulo
946 2368 976 2420 et
999 2363 1084 2420 omni
1108 2377 1145 2420 eo
1169 2360 1245 2436 jure,
1270 2378 1334 2436 quo

65 2466 224 2541 prelibata
255 2468 410 2541 possessio
438 2483 493 2526 sue
523 2467 582 2526 rite
612 2467 815 2526 incumbisset
838 2468 1001 2527 collacioni
1025 2469 1167 2537 dedisset,
1192 2468 1335 2553 donasset

65 2573 153 2631 etin
183 2588 278 2631 evum
312 2574 507 2633 contullisset
536 2590 594 2648 per
624 2575 709 2648 ipsos
740 2579 769 2631 et
801 2573 931 2631 heredes
954 2589 989 2631 ac
1013 2590 1203 2632 successores
1226 2590 1335 2634 eorum

66 2680 230 2739 universos
254 2684 406 2754 perpetuo
427 2685 458 2739 et
473 2680 722 2739 irrevocabiliter
739 2677 968 2753 possidendam,
993 2679 1157 2738 tenendam
1174 2681 1290 2754 pariter
1305 2687 1335 2739 et

66 2784 256 2856 habendam,
280 2786 369 2845 salvo
391 2784 460 2861 jure
482 2787 591 2845 alieno.
615 2786 725 2844 Altera
737 2795 841 2844 autem
856 2786 1005 2860 ipsarum,
1021 2788 1139 2845 scilicet
1154 2785 1230 2845 dicti
1252 2788 1335 2861 capi·

66 2891 126 2949 tuli
157 2891 287 2951 ecclesie
316 2892 535 2965 zagrabiensis,
566 2893 669 2951 littera
692 2891 859 2965 superinde
882 2894 1045 2951 statutoria
1071 2893 1166 2950 tercio
1189 2892 1239 2951 die
1264 2893 1335 2952 testi

66 2997 233 3057 beatorum
256 2997 339 3057 Petri
361 3005 393 3059 et
412 2999 502 3058 Pauli
524 2999 740 3073 apostolorum
763 3000 796 3057 in
818 2999 901 3057 dicto
924 3015 1004 3064 anuo
1022 2999 1139 3058 domini
1163 3000 1334 3058 millesimo

64 3105 282 3162 trecentesimo
304 3106 504 3178 nonagesimo
520 3119 602 3164 nono
617 3104 708 3177 edita,
731 3105 907 3176 denotabat,
923 3106 1006 3178 quod
1031 3106 1123 3175 Iwan,
1146 3105 1228 3163 fiiius
1251 3106 1334 3165 lwau

65 3209 105 3269 de
128 3210 338 3282 Brezowycza,
361 3211 473 3284 regius,
496 3219 527 3270 et
549 3211 743 3269 honorabilis
767 3213 816 3269 vir
839 3211 984 3269 dominus
1005 3212 1162 3293 johannes
1184 3212 1334 3270 archidia-

65 3331 162 3375 conus
192 3316 389 3388 cathedralis,
421 3317 586 3376 canonicus
615 3318 696 3377 dicte
727 3318 856 3377 ecclesie
878 3318 1085 3390 zagrabiensis
1109 3318 1184 3376 dicti
1206 3320 1336 3392 capituli

66 3421 206 3482 eiusdem
231 3422 367 3492 ecclesie,
398 3424 549 3495 homines,
580 3423 620 3481 ad
642 3425 765 3497 regium
788 3425 1008 3482 litteratorium
1031 3424 1213 3482 mandatum
1237 3431 1334 3483 trans·

66 3529 163 3600 missi,
188 3528 273 3602 quod
296 3528 356 3602 ipsi
386 3528 418 3588 in
442 3528 521 3588 testo
543 3530 713 3588 nativitatis
737 3530 821 3588 beati
843 3531 992 3614 Johannis
1009 3531 1151 3605 baptiste,
1176 3537 1247 3588 tunc
1262 3547 1334 3604 pro·

64 3636 151 3695 xime
174 3633 334 3709 preterito,
369 3634 409 3691 ad
445 3634 557 3693 faciem
592 3636 765 3711 prescripte
799 3637 1002 3710 possessionis
1038 3636 1222 3708 Petrowyna
1256 3638 1333 3695 alias

64 3741 290 3801 lauth-Petber
321 3749 429 3799 vocate
459 3742 569 3801 vicinis
599 3748 629 3800 et
660 3743 880 3801 commetaueis
911 3743 1049 3800 eiusdem
1082 3742 1234 3800 universis
1258 3743 1334 3799 inibi

66 3848 220 3922 legittime
250 3848 426 3907 conuocatis
455 3855 487 3907 et
518 3849 714 3922 presentibus
744 3849 931 3920 accedentes,
963 3849 1092 3907 eandem
1122 3864 1193 3905 cum
1217 3848 1334 3905 cunctis

64 3955 129 4013 suis
151 3953 337 4013 utilitatibus
367 3961 398 4011 et
426 3956 623 4028 pertinenciis
658 3956 851 4029 quibuslibet
883 3956 1045 4029 prelibatis
1077 3954 1233 4025 magistris
1256 3954 1334 4011 Lau·

65 4061 171 4119 rencio
192 4066 224 4118 et
260 4059 398 4132 Nicolao,
431 4076 549 4119 necnon
580 4061 707 4119 domino
738 4060 933 4119 christoforo
969 4061 1127 4134 preposito
1160 4060 1336 4117 statuissent

65 4174 219 4244 perpetuo
252 4165 482 4241 possidendam,
512 4167 601 4225 nullo
635 4169 758 4242 penitus
782 4168 1006 4225 contradictore
1036 4173 1211 4240 apparente.
1236 4168 1333 4239 Quas·

64 4271 195 4348 quidem
215 4271 292 4331 duas
316 4273 434 4332 litteras
459 4272 676 4332 donacionales
699 4275 816 4332 scilicet
839 4280 869 4331 et
892 4275 1078 4343 statutorias,
1103 4273 1227 4332 tandem
1251 4273 1333 4330 idem

66 4378 201 4439 condam
233 4379 378 4437 dominus
408 4378 625 4452 sigismundus
654 4397 708 4439 rex
739 4381 967 4453 requirentibus
988 4388 1018 4436 et
1041 4380 1235 4451 exigentibus
1258 4378 1332 4438 fide·

64 4486 152 4547 libus
181 4485 322 4544 serviciis
352 4484 561 4560 sepefatorum
593 4486 753 4546 laurencii
786 4493 816 4543 ct
848 4486 976 4557 Nicolai,
1008 4502 1125 4544 necnon
1148 4485 1334 4544 Christotori

64 4591 226 4667 prepositi,
248 4590 376 4664 eisdem,
399 4593 537 4650 seriebus
561 4595 805 4667 prescriptarum
828 4592 1002 4650 litterarum
1027 4607 1154 4649 suarum
1169 4592 1332 4649 confirma·

64 4697 236 4757 dmiium
260 4699 335 4757 novi
357 4698 515 4772 dupplicis
538 4705 569 4757 et
590 4699 737 4758 autentici
759 4699 856 4770 sigilli
880 4698 927 4755 sui
950 4698 1139 4771 appensione
1162 4698 1333 4756 commuui-

65 4809 170 4863 tarum
195 4801 372 4863 innovando
395 4810 545 4879 perpetuo
569 4805 719 4863 valituras
743 4803 967 4862 confirmasset.
990 4802 1261 4876 Quarumquidem
1284 4804 1333 4862 lit·

66 4917 207 4969 terarum
239 4922 296 4983 per
326 4918 543 4985 procuratores
575 4912 718 4984 parcium
750 4910 959 4984 predictarum
988 4924 1094 4969 coram
1126 4909 1216 4969 nobis
1238 4908 1333 4969 modo
