3278 5348
611 421 685 478 Dor.
709 430 775 496 127.
803 453 839 462 -
866 421 923 481 An.
947 433 1037 498 1439.
1400 436 1459 497 179

190 637 448 711 rescripcionales
471 636 571 696 eidem
596 637 703 694 comiti
725 636 860 695 Mathius
883 642 1095 709 presentasset,
1123 636 1290 710 inquibus
1322 637 1381 711 ipsi
1407 650 1461 708 per

191 744 390 801 Demetrium
413 743 452 800 de
475 743 630 800 Drenowa
652 742 774 814 regium
797 757 833 799 ac
863 741 1033 800 discretum
1064 743 1168 799 virum
1199 741 1369 815 Georgium
1400 739 1460 798 cle·

190 851 292 908 ricum
329 848 367 906 de
402 848 541 906 Zwsicha
576 848 663 905 chori
693 846 821 905 ecclesie
845 852 946 905 vestre
969 847 1213 921 prebendarium
1235 852 1383 918 vestrum,
1407 847 1461 903 ho·

192 956 300 1015 mines.
324 955 457 1012 sabbato
480 955 626 1028 proximo
650 958 720 1011 ante
744 952 857 1011 festum
880 954 963 1010 beati
987 954 1101 1011 Mathei
1132 953 1268 1026 apostoli
1299 959 1330 1010 et
1359 967 1461 1010 ewan-

191 1062 302 1134 geliste
323 1061 353 1118 in
379 1059 499 1135 prefato
523 1075 603 1118 anno
627 1059 745 1118 domini
769 1058 939 1117 millesimo
971 1058 1274 1131 quadringentesimo
1305 1058 1461 1117 tricesimo

194 1173 307 1241 quarto
331 1168 523 1241 preteritum,
549 1165 684 1239 prelatos
708 1164 911 1239 Stephanum,
934 1164 1035 1221 filium
1067 1165 1235 1235 Michaelis,
1268 1164 1460 1236 Michaelem,

191 1272 295 1331 filium
318 1272 498 1341 sebastiani,
523 1272 649 1330 Petrum
674 1272 866 1344 Hungarum,
892 1270 1083 1327 Anthonium
1115 1269 1267 1341 italicum,
1299 1270 1462 1341 Briccium,

192 1377 363 1452 Georgium
388 1383 539 1437 sartorem
562 1383 592 1436 et
615 1377 778 1435 Nicolaum
802 1377 878 1435 alias
901 1375 1027 1451 judices,
1050 1391 1168 1434 necnon
1184 1376 1357 1434 Fabianum
1380 1376 1460 1434 litte·

192 1491 303 1556 ratum,
326 1485 445 1556 Friche,
468 1483 647 1556 Georgium,
671 1483 772 1541 filium
796 1483 958 1552 Francisci‚
984 1482 1129 1553 Blasium,
1153 1482 1255 1540 filium
1287 1482 1459 1554 Wytezych

111 1606 117 1619 ·
193 1598 223 1649 et
246 1592 327 1649 alios
350 1605 457 1648 omnes
478 1587 605 1666 juratos,
629 1589 779 1659 consules,
803 1589 894 1658 cives,
919 1588 1056 1662 hospites
1090 1594 1119 1645 et
1154 1592 1252 1646 totam
1289 1587 1461 1645 communi·

193 1703 288 1754 tatem
312 1694 433 1769 prefate
456 1694 589 1752 civitatis
613 1695 726 1753 montis
749 1693 912 1753 Grecensis
935 1694 973 1751 de
995 1695 1080 1751 iuxta
1103 1694 1287 1767 Zagrabiam
1304 1695 1335 1751 in
1351 1693 1460 1751 eadem

193 1804 318 1861 civitate
354 1802 467 1860 montis
501 1799 663 1859 Grecensis
698 1801 737 1859 ad
769 1802 920 1874 premissa
951 1807 1059 1858 contra
1082 1806 1263 1858 annotatum
1287 1798 1461 1874 capitulum

194 1909 322 1966 ecclesie
345 1908 554 1981 zagrabiensis
577 1906 616 1964 ad
640 1907 737 1965 dictas
761 1914 886 1965 octavas
911 1906 979 1965 festi
1004 1907 1086 1964 beati
1102 1906 1263 1965 Michaelis
1283 1904 1461 1978 archangeli

193 2016 312 2088 regiam
333 2015 365 2072 in
388 2014 581 2088 presenciam
605 2021 749 2072 evocatus
773 2013 839 2072 iore
862 2015 1065 2086 comperisset
1089 2013 1259 2072 manifeste.
1290 2012 1341 2071 Ad
1371 2027 1461 2086 quas·

195 2121 323 2195 quidem
357 2125 483 2178 octavas
517 2119 587 2178 festi
622 2121 706 2178 beati
739 2120 900 2178 Michaelis
935 2120 1113 2193 archangeli
1144 2118 1258 2194 prefati
1280 2120 1312 2177 in
1335 2134 1461 2178 causam

193 2227 325 2299 attracti,
339 2242 396 2300 per
418 2232 598 2285 annotatum
618 2231 853 2300 procuratorem
878 2225 953 2284 dicti
975 2226 1104 2300 capituli
1128 2227 1158 2284 in
1174 2240 1307 2300 persona
1322 2224 1461 2283 eiusdem

194 2334 340 2408 congruis
375 2332 485 2391 diebus
514 2334 654 2407 ipsarum
689 2340 871 2390 octavarum
895 2347 1001 2390 coram
1024 2333 1093 2406 ipso
1117 2333 1229 2390 comite
1253 2332 1386 2389 Mathius
1409 2346 1461 2389 ex·

190 2441 317 2514 pectati,
353 2438 491 2498 eiusdem
527 2440 559 2497 in
593 2440 785 2512 presenciam
820 2454 882 2497 non
916 2440 1070 2497 venissent
1092 2454 1192 2512 neque
1215 2438 1379 2508 misissent,
1404 2453 1461 2495 nec

188 2545 416 2620 persolvissent
448 2543 563 2620 judicia
598 2550 766 2619 prenotata,
801 2544 855 2602 sed
887 2562 918 2602 se
949 2560 1007 2619 pro
1031 2560 1140 2603 eorum
1163 2559 1224 2602 non
1255 2543 1406 2602 veniendo
1429 2543 1461 2601 in

185 2649 318 2727 judiciis
342 2651 496 2709 consvetis
519 2657 549 2710 et
565 2665 623 2727 pro
638 2667 699 2709 non
715 2652 873 2710 solucione
896 2651 1051 2709 dictorum
1074 2650 1260 2726 judiciorum
1284 2650 1315 2708 in
1339 2649 1461 2723 dupplo

185 2758 386 2830 eorumdem,
401 2757 611 2816 mediantibus
626 2759 695 2816 aliis
717 2758 829 2816 litteris
852 2759 949 2831 ipsius
969 2758 1090 2815 comitis
1105 2758 1240 2816 Mathius
1262 2755 1461 2832 judicialibus

180 2863 304 2925 exinde
327 2862 483 2935 coniectis,
506 2864 538 2921 in
559 2861 675 2939 judicio
698 2866 863 2937 aggravari
887 2866 1114 2939 permittentes;
1138 2864 1298 2938 postulans
1321 2860 1461 2937 prefatus

182 2975 378 3048 procurator
413 2968 488 3029 dicti
522 2969 652 3043 capituli
686 2969 788 3027 eidem
820 2986 858 3027 ex
893 2976 981 3044 parte
1012 2975 1256 3027 memoratorum
1280 2970 1311 3027 in
1335 2983 1459 3026 causam

182 3083 397 3137 attractorum
431 3091 489 3149 per
523 3075 656 3134 eundem
691 3076 837 3133 comitem
873 3075 1008 3133 Mathius
1037 3076 1068 3133 in
1093 3075 1252 3148 premissis
1275 3072 1352 3150 juris
1375 3075 1459 3147 equi·

186 3190 291 3242 tatem
314 3181 477 3255 impertiri
500 3181 538 3238 Et
559 3182 631 3255 quia
653 3181 748 3239 iidem
771 3182 802 3239 in
826 3196 950 3239 causam
974 3182 1096 3239 attracti
1120 3181 1222 3238 adhuc
1243 3180 1282 3237 ad
1310 3181 1460 3255 premissa

183 3289 220 3348 in
245 3288 348 3347 tribus
372 3286 448 3346 ioris
470 3287 787 3361 comprovincialibus
810 3287 1025 3361 proclamandi
1048 3286 1114 3345 fore
1146 3288 1205 3344 visi
1236 3287 1372 3359 fuissent,
1401 3301 1460 3361 pro

185 3409 227 3453 eo
250 3393 337 3453 idem
361 3407 465 3451 comes
488 3394 624 3451 Mathius
648 3400 783 3452 vestram
804 3395 977 3451 amiciciam
1001 3394 1182 3452 litteratorie
1206 3395 1366 3466 petivisset
1388 3392 1460 3451 dili·

185 3505 307 3573 genter,
343 3504 493 3573 quatenus
528 3505 667 3558 vestrum
702 3501 864 3557 mitteretis
900 3500 1059 3557 hominem
1094 3515 1152 3572 pro
1187 3500 1363 3558 testimonio
1397 3499 1460 3558 fide

190 3604 332 3680 dignum,
365 3620 428 3679 quo
463 3613 604 3680 presente
639 3607 734 3664 homo
769 3608 878 3679 regius,
915 3611 1103 3664 memoratos
1128 3606 1329 3681 Stephanum,
1356 3606 1460 3664 filium

192 3711 364 3782 Michaelis,
387 3711 580 3784 Michaelem,
596 3712 700 3770 filium
717 3712 897 3782 Sebastiani,
913 3711 1039 3768 Petrum
1057 3713 1250 3783 ilungarum,
1268 3713 1458 3771 Anthonium

190 3818 346 3889 Italicum,
381 3816 543 3891 Briccium,
578 3818 750 3892 Georgium
784 3824 936 3876 sartorem
970 3824 1000 3874 et
1035 3817 1208 3890 Nicolaum,
1232 3820 1309 3876 alias
1332 3817 1458 3894 judices,

191 3937 314 3981 necnon
348 3923 521 3982 Fabianum
556 3924 736 3995 litteratum,
771 3925 888 3993 Friche‚
920 3924 1068 3995 Blasium,
1099 3924 1201 3983 filium
1225 3926 1405 3997 Vytherych
1429 3931 1459 3983 et

193 4030 272 4088 alios
295 4042 403 4088 omnes
426 4027 552 4104 juratos,
577 4031 726 4101 consules,
749 4032 840 4101 cives,
865 4031 1002 4103 hospites
1026 4036 1055 4088 et
1083 4038 1180 4088 totam
1204 4033 1458 4089 communitatem

191 4139 329 4210 pretacte
352 4135 486 4194 civitatis
506 4138 621 4195 montis
644 4136 806 4195 Grecensis
830 4137 868 4194 de
889 4136 976 4212 juxta
1012 4137 1198 4211 Zagrabiam
1233 4139 1264 4195 in
1299 4139 1459 4210 premissis

192 4241 425 4316 perhemptorie
459 4257 671 4316 responsuros,
695 4244 913 4316 racionemque
949 4243 1107 4301 efficacem
1138 4243 1314 4301 reddituros
1350 4259 1385 4301 ac
1421 4244 1459 4303 de

191 4344 307 4422 iudicio
331 4347 556 4422 quinquaginta
580 4349 717 4422 quinque
738 4365 915 4408 marcarum
939 4348 1035 4426 judici
1058 4360 1088 4407 et
1111 4351 1191 4423 parti
1217 4348 1347 4406 adverse
1371 4352 1459 4409 satis·

194 4451 340 4525 facturos,
363 4459 469 4512 contra
493 4461 674 4513 annotatum
697 4457 870 4530 capitulum
895 4457 1022 4514 ecclesie
1045 4456 1251 4528 zagrabiensis
1275 4455 1313 4512 ad
1333 4463 1459 4515 octavas

193 4558 263 4619 festi
286 4560 532 4636 Epiphaniarum
556 4561 675 4621 domini
698 4570 770 4621 tunc
785 4568 940 4636 venturas,
956 4563 1074 4635 regiam
1090 4563 1122 4619 in
1137 4562 1328 4635 presenciam
1345 4562 1459 4621 faceret

193 4667 391 4739 proclamari,
415 4668 607 4739 insinuando,
630 4678 665 4726 ut
687 4669 713 4727 si
736 4670 876 4727 venirent
906 4674 936 4726 et
967 4669 997 4726 in
1020 4668 1180 4741 premissis
1203 4683 1235 4725 se
1259 4669 1341 4726 bono
1364 4669 1459 4728 modo

193 4772 401 4845 emendarent,
425 4772 465 4832 de
487 4773 640 4848 dictisque
662 4772 784 4850 judiciis
807 4772 897 4834 nobis
921 4781 950 4833 et
973 4775 1056 4848 parti
1078 4774 1209 4832 adverse
1240 4775 1458 4850 satisfacerent,

193 4877 271 4938 bene
309 4878 446 4955 quidem,
480 4880 620 4956 alioquin
652 4897 714 4942 non
741 4883 883 4941 obstante
905 4883 1047 4956 ipsorum
1069 4882 1214 4940 absencia
1235 4889 1266 4942 et
1287 4884 1460 4943 rebellione

1353 4988 1370 5025 t
