<?xml version="1.0" encoding="UTF-8"?>
<!DOCTYPE html PUBLIC "-//W3C//DTD XHTML 1.0 Transitional//EN"
    "http://www.w3.org/TR/xhtml1/DTD/xhtml1-transitional.dtd">
<html xmlns="http://www.w3.org/1999/xhtml" xml:lang="en" lang="en">
 <head>
  <title>
</title>
<meta http-equiv="Content-Type" content="text/html;charset=utf-8" />
  <meta name='ocr-system' content='tesseract 3.04.00' />
  <meta name='ocr-capabilities' content='ocr_page ocr_carea ocr_par ocr_line ocrx_word'/>
</head>
<body>
  <div class='ocr_page' id='page_1' title='image "./monumentahistor01laszgoog_0437.png"; bbox 0 0 3278 5348; ppageno 0'>
   <div class='ocr_carea' id='block_1_1' title="bbox 596 102 1434 185">
    <p class='ocr_par' dir='ltr' id='par_1_1' title="bbox 596 102 1434 185">
     <span class='ocr_line' id='line_1_1' title="bbox 596 102 1434 185; baseline 0.002 -20"><span class='ocrx_word' id='word_1_1' title='bbox 596 108 828 169; x_wconf 84' lang='lat' dir='ltr'>Doc.122.-</span> <span class='ocrx_word' id='word_1_2' title='bbox 853 106 910 166; x_wconf 83' lang='lat' dir='ltr'>An.</span> <span class='ocrx_word' id='word_1_3' title='bbox 933 102 1025 185; x_wconf 76' lang='lat'><em>1438.</em></span> <span class='ocrx_word' id='word_1_4' title='bbox 1376 107 1434 183; x_wconf 86' lang='lat'>169</span> 
     </span>
    </p>
   </div>
   <div class='ocr_carea' id='block_1_2' title="bbox 130 322 1440 4228">
    <p class='ocr_par' dir='ltr' id='par_1_2' title="bbox 130 322 1440 4228">
     <span class='ocr_line' id='line_1_2' title="bbox 133 322 1438 402; baseline -0.002 -19"><span class='ocrx_word' id='word_1_5' title='bbox 133 326 292 385; x_wconf 80' lang='lat' dir='ltr'><strong>attracti</strong></span> <span class='ocrx_word' id='word_1_6' title='bbox 314 341 372 402; x_wconf 88' lang='lat' dir='ltr'>per</span> <span class='ocrx_word' id='word_1_7' title='bbox 394 330 576 384; x_wconf 88' lang='lat' dir='ltr'>annotatum</span> <span class='ocrx_word' id='word_1_8' title='bbox 598 329 835 400; x_wconf 84' lang='lat' dir='ltr'>procuratorem</span> <span class='ocrx_word' id='word_1_9' title='bbox 857 324 932 383; x_wconf 91' lang='lat' dir='ltr'>dicti</span> <span class='ocrx_word' id='word_1_10' title='bbox 956 323 1086 398; x_wconf 89' lang='lat' dir='ltr'>capituli</span> <span class='ocrx_word' id='word_1_11' title='bbox 1101 323 1132 381; x_wconf 91' lang='lat' dir='ltr'>in</span> <span class='ocrx_word' id='word_1_12' title='bbox 1149 338 1282 398; x_wconf 89' lang='lat' dir='ltr'>persona</span> <span class='ocrx_word' id='word_1_13' title='bbox 1298 322 1438 382; x_wconf 90' lang='lat' dir='ltr'>eiusdem</span> 
     </span>
     <span class='ocr_line' id='line_1_3' title="bbox 130 430 1439 506; baseline -0.003 -15"><span class='ocrx_word' id='word_1_14' title='bbox 130 433 315 506; x_wconf 84' lang='lat' dir='ltr'><strong>congruis</strong></span> <span class='ocrx_word' id='word_1_15' title='bbox 359 431 471 490; x_wconf 90' lang='lat' dir='ltr'>diebus</span> <span class='ocrx_word' id='word_1_16' title='bbox 505 431 646 506; x_wconf 91' lang='lat' dir='ltr'>ipsarum</span> <span class='ocrx_word' id='word_1_17' title='bbox 682 434 864 488; x_wconf 85' lang='lat' dir='ltr'>octavarum</span> <span class='ocrx_word' id='word_1_18' title='bbox 900 445 1007 488; x_wconf 90' lang='lat' dir='ltr'>coram</span> <span class='ocrx_word' id='word_1_19' title='bbox 1041 430 1111 503; x_wconf 90' lang='lat' dir='ltr'>ipso</span> <span class='ocrx_word' id='word_1_20' title='bbox 1144 430 1257 489; x_wconf 79' lang='lat' dir='ltr'>comite</span> <span class='ocrx_word' id='word_1_21' title='bbox 1294 431 1439 488; x_wconf 89' lang='lat' dir='ltr'>Mathiws</span> 
     </span>
     <span class='ocr_line' id='line_1_4' title="bbox 150 535 1440 614; baseline -0.004 -15"><span class='ocrx_word' id='word_1_22' title='bbox 150 539 341 614; x_wconf 80' lang='lat' dir='ltr'>expectati,</span> <span class='ocrx_word' id='word_1_23' title='bbox 364 538 503 597; x_wconf 88' lang='lat' dir='ltr'>eiusdem</span> <span class='ocrx_word' id='word_1_24' title='bbox 534 538 567 598; x_wconf 93' lang='lat' dir='ltr'>in</span> <span class='ocrx_word' id='word_1_25' title='bbox 589 537 781 614; x_wconf 84' lang='lat' dir='ltr'>presenciam</span> <span class='ocrx_word' id='word_1_26' title='bbox 804 550 867 595; x_wconf 92' lang='lat' dir='ltr'>non</span> <span class='ocrx_word' id='word_1_27' title='bbox 890 537 1054 607; x_wconf 86' lang='lat' dir='ltr'>venissent,</span> <span class='ocrx_word' id='word_1_28' title='bbox 1072 551 1173 609; x_wconf 90' lang='lat' dir='ltr'>neque</span> <span class='ocrx_word' id='word_1_29' title='bbox 1195 535 1360 608; x_wconf 89' lang='lat' dir='ltr'>misissent,</span> <span class='ocrx_word' id='word_1_30' title='bbox 1383 552 1440 594; x_wconf 91' lang='lat' dir='ltr'>nec</span> 
     </span>
     <span class='ocr_line' id='line_1_5' title="bbox 137 642 1438 721; baseline -0.002 -18"><span class='ocrx_word' id='word_1_31' title='bbox 137 645 396 721; x_wconf 67' lang='lat' dir='ltr'>persolvissent</span> <span class='ocrx_word' id='word_1_32' title='bbox 418 642 533 720; x_wconf 86' lang='lat' dir='ltr'>judicia</span> <span class='ocrx_word' id='word_1_33' title='bbox 557 647 727 717; x_wconf 89' lang='lat' dir='ltr'>prenotata,</span> <span class='ocrx_word' id='word_1_34' title='bbox 751 643 804 700; x_wconf 90' lang='lat' dir='ltr'>sed</span> <span class='ocrx_word' id='word_1_35' title='bbox 827 659 860 700; x_wconf 91' lang='lat' dir='ltr'>se</span> <span class='ocrx_word' id='word_1_36' title='bbox 876 642 1085 700; x_wconf 83' lang='lat' dir='ltr'>mediantibus</span> <span class='ocrx_word' id='word_1_37' title='bbox 1103 642 1192 700; x_wconf 90' lang='lat' dir='ltr'>dictis</span> <span class='ocrx_word' id='word_1_38' title='bbox 1213 642 1324 700; x_wconf 90' lang='lat' dir='ltr'>litteris</span> <span class='ocrx_word' id='word_1_39' title='bbox 1341 643 1438 715; x_wconf 88' lang='lat' dir='ltr'>ipsius</span> 
     </span>
     <span class='ocr_line' id='line_1_6' title="bbox 139 747 1437 828; baseline -0.002 -18"><span class='ocrx_word' id='word_1_40' title='bbox 139 751 294 810; x_wconf 80' lang='lat' dir='ltr'>comitis</span> <span class='ocrx_word' id='word_1_41' title='bbox 310 750 454 808; x_wconf 88' lang='lat' dir='ltr'>Mathiws</span> <span class='ocrx_word' id='word_1_42' title='bbox 468 747 669 828; x_wconf 87' lang='lat' dir='ltr'>judicialibus</span> <span class='ocrx_word' id='word_1_43' title='bbox 684 749 794 807; x_wconf 86' lang='lat' dir='ltr'>exinde</span> <span class='ocrx_word' id='word_1_44' title='bbox 818 747 963 806; x_wconf 85' lang='lat' dir='ltr'>confectis</span> <span class='ocrx_word' id='word_1_45' title='bbox 992 763 1051 822; x_wconf 90' lang='lat' dir='ltr'>pro</span> <span class='ocrx_word' id='word_1_46' title='bbox 1067 763 1176 806; x_wconf 92' lang='lat' dir='ltr'>eorum</span> <span class='ocrx_word' id='word_1_47' title='bbox 1196 763 1258 806; x_wconf 92' lang='lat' dir='ltr'>non</span> <span class='ocrx_word' id='word_1_48' title='bbox 1285 748 1437 807; x_wconf 86' lang='lat' dir='ltr'>veniendo</span> 
     </span>
     <span class='ocr_line' id='line_1_7' title="bbox 135 853 1438 932; baseline -0.004 -16"><span class='ocrx_word' id='word_1_49' title='bbox 135 857 192 916; x_wconf 90' lang='lat' dir='ltr'>in</span> <span class='ocrx_word' id='word_1_50' title='bbox 208 853 366 932; x_wconf 89' lang='lat' dir='ltr'>judicium</span> <span class='ocrx_word' id='word_1_51' title='bbox 379 856 532 914; x_wconf 75' lang='lat' dir='ltr'>consuetis</span> <span class='ocrx_word' id='word_1_52' title='bbox 548 860 578 912; x_wconf 92' lang='lat' dir='ltr'>et</span> <span class='ocrx_word' id='word_1_53' title='bbox 589 869 651 913; x_wconf 91' lang='lat' dir='ltr'>non</span> <span class='ocrx_word' id='word_1_54' title='bbox 662 855 878 928; x_wconf 91' lang='lat' dir='ltr'>persolucione</span> <span class='ocrx_word' id='word_1_55' title='bbox 893 853 1048 912; x_wconf 90' lang='lat' dir='ltr'>dictorum</span> <span class='ocrx_word' id='word_1_56' title='bbox 1063 853 1252 931; x_wconf 91' lang='lat' dir='ltr'>judiciorum</span> <span class='ocrx_word' id='word_1_57' title='bbox 1267 855 1300 912; x_wconf 92' lang='lat' dir='ltr'>in</span> <span class='ocrx_word' id='word_1_58' title='bbox 1315 853 1438 928; x_wconf 91' lang='lat' dir='ltr'>dupplo</span> 
     </span>
     <span class='ocr_line' id='line_1_8' title="bbox 139 960 1436 1035; baseline -0.002 -14"><span class='ocrx_word' id='word_1_59' title='bbox 139 977 278 1021; x_wconf 77' lang='lat' dir='ltr'>eorum</span> <span class='ocrx_word' id='word_1_60' title='bbox 308 963 453 1035; x_wconf 87' lang='lat' dir='ltr'>agravari</span> <span class='ocrx_word' id='word_1_61' title='bbox 487 961 707 1035; x_wconf 84' lang='lat' dir='ltr'>permisissent</span> <span class='ocrx_word' id='word_1_62' title='bbox 742 960 864 1034; x_wconf 83' lang='lat' dir='ltr'>Quibus</span> <span class='ocrx_word' id='word_1_63' title='bbox 896 961 1043 1019; x_wconf 84' lang='lat' dir='ltr'>exhibitis</span> <span class='ocrx_word' id='word_1_64' title='bbox 1077 960 1216 1033; x_wconf 84' lang='lat' dir='ltr'>prefatus</span> <span class='ocrx_word' id='word_1_65' title='bbox 1252 966 1436 1034; x_wconf 91' lang='lat' dir='ltr'>procurator</span> 
     </span>
     <span class='ocr_line' id='line_1_9' title="bbox 145 1066 1437 1144; baseline -0.003 -16"><span class='ocrx_word' id='word_1_66' title='bbox 145 1070 266 1144; x_wconf 89' lang='lat' dir='ltr'>ipsius</span> <span class='ocrx_word' id='word_1_67' title='bbox 287 1070 417 1143; x_wconf 91' lang='lat' dir='ltr'>capituli</span> <span class='ocrx_word' id='word_1_68' title='bbox 432 1069 583 1142; x_wconf 82' lang='lat' dir='ltr'>allegavit</span> <span class='ocrx_word' id='word_1_69' title='bbox 598 1083 634 1126; x_wconf 93' lang='lat' dir='ltr'>eo</span> <span class='ocrx_word' id='word_1_70' title='bbox 652 1068 763 1127; x_wconf 91' lang='lat' dir='ltr'>modo:</span> <span class='ocrx_word' id='word_1_71' title='bbox 781 1066 939 1141; x_wconf 91' lang='lat' dir='ltr'>quomodo</span> <span class='ocrx_word' id='word_1_72' title='bbox 963 1082 1055 1125; x_wconf 90' lang='lat' dir='ltr'>causa</span> <span class='ocrx_word' id='word_1_73' title='bbox 1073 1068 1224 1141; x_wconf 88' lang='lat' dir='ltr'>premissa</span> <span class='ocrx_word' id='word_1_74' title='bbox 1240 1067 1344 1125; x_wconf 93' lang='lat' dir='ltr'>medio</span> <span class='ocrx_word' id='word_1_75' title='bbox 1360 1073 1437 1124; x_wconf 91' lang='lat' dir='ltr'>tem·</span> 
     </span>
     <span class='ocr_line' id='line_1_10' title="bbox 147 1173 1437 1250; baseline -0.002 -16"><span class='ocrx_word' id='word_1_76' title='bbox 147 1191 243 1250; x_wconf 69' lang='lat' dir='ltr'>pore</span> <span class='ocrx_word' id='word_1_77' title='bbox 265 1176 346 1234; x_wconf 90' lang='lat' dir='ltr'>inter</span> <span class='ocrx_word' id='word_1_78' title='bbox 362 1175 444 1248; x_wconf 89' lang='lat' dir='ltr'>ipsas</span> <span class='ocrx_word' id='word_1_79' title='bbox 461 1180 566 1248; x_wconf 92' lang='lat' dir='ltr'>partes</span> <span class='ocrx_word' id='word_1_80' title='bbox 589 1173 823 1248; x_wconf 91' lang='lat' dir='ltr'>quodammodo</span> <span class='ocrx_word' id='word_1_81' title='bbox 847 1173 1050 1231; x_wconf 90' lang='lat' dir='ltr'>condescensa</span> <span class='ocrx_word' id='word_1_82' title='bbox 1070 1173 1228 1245; x_wconf 87' lang='lat' dir='ltr'>extitisset,</span> <span class='ocrx_word' id='word_1_83' title='bbox 1252 1173 1334 1231; x_wconf 90' lang='lat' dir='ltr'>unde</span> <span class='ocrx_word' id='word_1_84' title='bbox 1357 1173 1437 1232; x_wconf 88' lang='lat' dir='ltr'>side</span> 
     </span>
     <span class='ocr_line' id='line_1_11' title="bbox 155 1279 1437 1358; baseline -0.002 -18"><span class='ocrx_word' id='word_1_85' title='bbox 155 1279 235 1358; x_wconf 85' lang='lat' dir='ltr'>jure</span> <span class='ocrx_word' id='word_1_86' title='bbox 259 1296 444 1339; x_wconf 84' lang='lat' dir='ltr'>consumare</span> <span class='ocrx_word' id='word_1_87' title='bbox 474 1285 507 1338; x_wconf 90' lang='lat' dir='ltr'>et</span> <span class='ocrx_word' id='word_1_88' title='bbox 529 1280 658 1353; x_wconf 90' lang='lat' dir='ltr'>equitati</span> <span class='ocrx_word' id='word_1_89' title='bbox 681 1279 846 1350; x_wconf 88' lang='lat' dir='ltr'>videretur,</span> <span class='ocrx_word' id='word_1_90' title='bbox 869 1286 981 1337; x_wconf 89' lang='lat' dir='ltr'>extunc</span> <span class='ocrx_word' id='word_1_91' title='bbox 1003 1279 1086 1337; x_wconf 89' lang='lat' dir='ltr'>idem</span> <span class='ocrx_word' id='word_1_92' title='bbox 1103 1279 1275 1353; x_wconf 89' lang='lat' dir='ltr'>capitulum</span> <span class='ocrx_word' id='word_1_93' title='bbox 1299 1279 1437 1353; x_wconf 86' lang='lat' dir='ltr'>prefatos</span> 
     </span>
     <span class='ocr_line' id='line_1_12' title="bbox 162 1385 1437 1460; baseline -0.002 -13"><span class='ocrx_word' id='word_1_94' title='bbox 162 1388 198 1447; x_wconf 90' lang='lat' dir='ltr'>in</span> <span class='ocrx_word' id='word_1_95' title='bbox 210 1403 338 1446; x_wconf 90' lang='lat' dir='ltr'>causam</span> <span class='ocrx_word' id='word_1_96' title='bbox 362 1393 508 1445; x_wconf 88' lang='lat' dir='ltr'>attractos</span> <span class='ocrx_word' id='word_1_97' title='bbox 525 1385 565 1444; x_wconf 92' lang='lat' dir='ltr'>ad</span> <span class='ocrx_word' id='word_1_98' title='bbox 589 1386 741 1459; x_wconf 91' lang='lat' dir='ltr'>premissa</span> <span class='ocrx_word' id='word_1_99' title='bbox 758 1391 865 1444; x_wconf 90' lang='lat' dir='ltr'>contra</span> <span class='ocrx_word' id='word_1_100' title='bbox 882 1401 914 1443; x_wconf 92' lang='lat' dir='ltr'>se</span> <span class='ocrx_word' id='word_1_101' title='bbox 938 1386 1056 1456; x_wconf 89' lang='lat' dir='ltr'>regiam</span> <span class='ocrx_word' id='word_1_102' title='bbox 1078 1386 1111 1443; x_wconf 92' lang='lat' dir='ltr'>in</span> <span class='ocrx_word' id='word_1_103' title='bbox 1141 1387 1336 1460; x_wconf 84' lang='lat' dir='ltr'>presenciam</span> <span class='ocrx_word' id='word_1_104' title='bbox 1360 1387 1437 1460; x_wconf 92' lang='lat' dir='ltr'>legi·</span> 
     </span>
     <span class='ocr_line' id='line_1_13' title="bbox 166 1491 1437 1581; baseline -0.002 -29"><span class='ocrx_word' id='word_1_105' title='bbox 166 1495 243 1552; x_wconf 88' lang='lat' dir='ltr'>time</span> <span class='ocrx_word' id='word_1_106' title='bbox 274 1491 375 1551; x_wconf 82' lang='lat' dir='ltr'>tacere</span> <span class='ocrx_word' id='word_1_107' title='bbox 400 1493 496 1550; x_wconf 83' lang='lat' dir='ltr'>vellet</span> <span class='ocrx_word' id='word_1_108' title='bbox 526 1493 725 1581; x_wconf 81' lang='lat' dir='ltr'>proclamari.</span> <span class='ocrx_word' id='word_1_109' title='bbox 756 1493 795 1550; x_wconf 90' lang='lat' dir='ltr'>Et</span> <span class='ocrx_word' id='word_1_110' title='bbox 828 1492 902 1564; x_wconf 89' lang='lat' dir='ltr'>quia</span> <span class='ocrx_word' id='word_1_111' title='bbox 927 1491 1080 1563; x_wconf 86' lang='lat' dir='ltr'>allegacio</span> <span class='ocrx_word' id='word_1_112' title='bbox 1103 1492 1201 1566; x_wconf 89' lang='lat' dir='ltr'>ipsius</span> <span class='ocrx_word' id='word_1_113' title='bbox 1224 1493 1437 1566; x_wconf 89' lang='lat' dir='ltr'>procuratoris</span> 
     </span>
     <span class='ocr_line' id='line_1_14' title="bbox 167 1599 1436 1674; baseline 0 -16"><span class='ocrx_word' id='word_1_114' title='bbox 167 1599 361 1658; x_wconf 89' lang='lat' dir='ltr'>admittenda</span> <span class='ocrx_word' id='word_1_115' title='bbox 385 1599 451 1657; x_wconf 83' lang='lat' dir='ltr'>iore</span> <span class='ocrx_word' id='word_1_116' title='bbox 475 1599 650 1668; x_wconf 89' lang='lat' dir='ltr'>videbatur,</span> <span class='ocrx_word' id='word_1_117' title='bbox 674 1614 731 1672; x_wconf 90' lang='lat' dir='ltr'>pro</span> <span class='ocrx_word' id='word_1_118' title='bbox 754 1613 791 1657; x_wconf 91' lang='lat' dir='ltr'>eo</span> <span class='ocrx_word' id='word_1_119' title='bbox 815 1606 953 1657; x_wconf 87' lang='lat' dir='ltr'>vestram</span> <span class='ocrx_word' id='word_1_120' title='bbox 970 1600 1144 1658; x_wconf 90' lang='lat' dir='ltr'>amiciciam</span> <span class='ocrx_word' id='word_1_121' title='bbox 1162 1600 1358 1673; x_wconf 87' lang='lat' dir='ltr'>presentibus</span> <span class='ocrx_word' id='word_1_122' title='bbox 1383 1616 1436 1674; x_wconf 89' lang='lat' dir='ltr'>pe·</span> 
     </span>
     <span class='ocr_line' id='line_1_15' title="bbox 168 1705 1436 1779; baseline 0.001 -15"><span class='ocrx_word' id='word_1_123' title='bbox 168 1707 265 1764; x_wconf 91' lang='lat' dir='ltr'>timus</span> <span class='ocrx_word' id='word_1_124' title='bbox 288 1705 462 1778; x_wconf 83' lang='lat' dir='ltr'>diligenter,</span> <span class='ocrx_word' id='word_1_125' title='bbox 486 1711 638 1778; x_wconf 87' lang='lat' dir='ltr'>quatenus</span> <span class='ocrx_word' id='word_1_126' title='bbox 663 1710 801 1762; x_wconf 89' lang='lat' dir='ltr'>vestrum</span> <span class='ocrx_word' id='word_1_127' title='bbox 824 1706 955 1763; x_wconf 88' lang='lat' dir='ltr'>mittatis</span> <span class='ocrx_word' id='word_1_128' title='bbox 979 1706 1139 1764; x_wconf 90' lang='lat' dir='ltr'>hominem</span> <span class='ocrx_word' id='word_1_129' title='bbox 1164 1721 1222 1779; x_wconf 89' lang='lat' dir='ltr'>pro</span> <span class='ocrx_word' id='word_1_130' title='bbox 1258 1708 1436 1765; x_wconf 91' lang='lat' dir='ltr'>testimonio</span> 
     </span>
     <span class='ocr_line' id='line_1_16' title="bbox 169 1806 1437 1887; baseline -0.002 -14"><span class='ocrx_word' id='word_1_131' title='bbox 169 1811 373 1885; x_wconf 84' lang='lat' dir='ltr'>fidedignum,</span> <span class='ocrx_word' id='word_1_132' title='bbox 409 1826 472 1884; x_wconf 92' lang='lat' dir='ltr'>quo</span> <span class='ocrx_word' id='word_1_133' title='bbox 505 1806 648 1884; x_wconf 83' lang='lat' dir='ltr'>presente</span> <span class='ocrx_word' id='word_1_134' title='bbox 682 1810 874 1882; x_wconf 85' lang='lat' dir='ltr'>Valentinus,</span> <span class='ocrx_word' id='word_1_135' title='bbox 908 1811 994 1869; x_wconf 87' lang='lat' dir='ltr'>filius</span> <span class='ocrx_word' id='word_1_136' title='bbox 1018 1811 1175 1887; x_wconf 89' lang='lat' dir='ltr'>Stephani,</span> <span class='ocrx_word' id='word_1_137' title='bbox 1212 1813 1265 1872; x_wconf 86' lang='lat' dir='ltr'>vel</span> <span class='ocrx_word' id='word_1_138' title='bbox 1289 1813 1437 1871; x_wconf 84' lang='lat' dir='ltr'>Nicotaus</span> 
     </span>
     <span class='ocr_line' id='line_1_17' title="bbox 168 1913 1436 1991; baseline 0.001 -14"><span class='ocrx_word' id='word_1_139' title='bbox 168 1924 221 1977; x_wconf 88' lang='lat' dir='ltr'>aut</span> <span class='ocrx_word' id='word_1_140' title='bbox 236 1919 415 1977; x_wconf 90' lang='lat' dir='ltr'>Demetrius</span> <span class='ocrx_word' id='word_1_141' title='bbox 431 1917 470 1976; x_wconf 91' lang='lat' dir='ltr'>de</span> <span class='ocrx_word' id='word_1_142' title='bbox 485 1918 640 1989; x_wconf 86' lang='lat' dir='ltr'>Drenova,</span> <span class='ocrx_word' id='word_1_143' title='bbox 656 1917 703 1975; x_wconf 89' lang='lat' dir='ltr'>sin</span> <span class='ocrx_word' id='word_1_144' title='bbox 719 1917 895 1991; x_wconf 89' lang='lat' dir='ltr'>Dyonisius,</span> <span class='ocrx_word' id='word_1_145' title='bbox 919 1918 1003 1976; x_wconf 90' lang='lat' dir='ltr'>filius</span> <span class='ocrx_word' id='word_1_146' title='bbox 1025 1920 1158 1979; x_wconf 91' lang='lat' dir='ltr'>Emerici</span> <span class='ocrx_word' id='word_1_147' title='bbox 1182 1920 1220 1978; x_wconf 90' lang='lat' dir='ltr'>de</span> <span class='ocrx_word' id='word_1_148' title='bbox 1237 1913 1436 1991; x_wconf 83' lang='lat' dir='ltr'>Adamowcz,</span> 
     </span>
     <span class='ocr_line' id='line_1_18' title="bbox 168 2023 1435 2100; baseline 0.003 -18"><span class='ocrx_word' id='word_1_149' title='bbox 168 2040 221 2083; x_wconf 88' lang='lat' dir='ltr'>seu</span> <span class='ocrx_word' id='word_1_150' title='bbox 246 2025 344 2083; x_wconf 87' lang='lat' dir='ltr'>Lucas</span> <span class='ocrx_word' id='word_1_151' title='bbox 359 2025 425 2083; x_wconf 85' lang='lat' dir='ltr'>sive</span> <span class='ocrx_word' id='word_1_152' title='bbox 441 2024 573 2083; x_wconf 90' lang='lat' dir='ltr'>Michael</span> <span class='ocrx_word' id='word_1_153' title='bbox 590 2023 628 2082; x_wconf 93' lang='lat' dir='ltr'>de</span> <span class='ocrx_word' id='word_1_154' title='bbox 644 2023 795 2096; x_wconf 89' lang='lat' dir='ltr'>Kysgora,</span> <span class='ocrx_word' id='word_1_155' title='bbox 819 2040 897 2082; x_wconf 88' lang='lat' dir='ltr'>neve</span> <span class='ocrx_word' id='word_1_156' title='bbox 913 2025 1069 2083; x_wconf 90' lang='lat' dir='ltr'>Lodomer</span> <span class='ocrx_word' id='word_1_157' title='bbox 1085 2026 1123 2084; x_wconf 92' lang='lat' dir='ltr'>de</span> <span class='ocrx_word' id='word_1_158' title='bbox 1140 2026 1221 2084; x_wconf 91' lang='lat' dir='ltr'>dicta</span> <span class='ocrx_word' id='word_1_159' title='bbox 1239 2027 1435 2100; x_wconf 81' lang='lat' dir='ltr'>Adamowcz,</span> 
     </span>
     <span class='ocr_line' id='line_1_19' title="bbox 169 2131 1435 2207; baseline 0.002 -18"><span class='ocrx_word' id='word_1_160' title='bbox 169 2132 238 2190; x_wconf 88' lang='lat' dir='ltr'>aliis</span> <span class='ocrx_word' id='word_1_161' title='bbox 260 2132 451 2199; x_wconf 88' lang='lat' dir='ltr'>absentibus,</span> <span class='ocrx_word' id='word_1_162' title='bbox 473 2132 569 2188; x_wconf 91' lang='lat' dir='ltr'>homo</span> <span class='ocrx_word' id='word_1_163' title='bbox 587 2131 698 2204; x_wconf 78' lang='lat' dir='ltr'>regius,</span> <span class='ocrx_word' id='word_1_164' title='bbox 723 2135 912 2190; x_wconf 89' lang='lat' dir='ltr'>memoratos</span> <span class='ocrx_word' id='word_1_165' title='bbox 927 2131 1130 2206; x_wconf 90' lang='lat' dir='ltr'>Stephanum,</span> <span class='ocrx_word' id='word_1_166' title='bbox 1146 2133 1249 2192; x_wconf 89' lang='lat' dir='ltr'>filium</span> <span class='ocrx_word' id='word_1_167' title='bbox 1265 2134 1435 2207; x_wconf 83' lang='lat' dir='ltr'>Michaelis,</span> 
     </span>
     <span class='ocr_line' id='line_1_20' title="bbox 168 2236 1435 2314; baseline 0.002 -18"><span class='ocrx_word' id='word_1_168' title='bbox 168 2243 241 2296; x_wconf 91' lang='lat' dir='ltr'>tunc</span> <span class='ocrx_word' id='word_1_169' title='bbox 262 2237 409 2314; x_wconf 86' lang='lat' dir='ltr'>judicem,</span> <span class='ocrx_word' id='word_1_170' title='bbox 432 2252 469 2294; x_wconf 92' lang='lat' dir='ltr'>ac</span> <span class='ocrx_word' id='word_1_171' title='bbox 490 2237 684 2308; x_wconf 88' lang='lat' dir='ltr'>Michaelem,</span> <span class='ocrx_word' id='word_1_172' title='bbox 718 2237 820 2295; x_wconf 89' lang='lat' dir='ltr'>filium</span> <span class='ocrx_word' id='word_1_173' title='bbox 852 2236 1032 2308; x_wconf 84' lang='lat' dir='ltr'>Sebastiam,</span> <span class='ocrx_word' id='word_1_174' title='bbox 1066 2240 1259 2298; x_wconf 85' lang='lat' dir='ltr'>Anthonium</span> <span class='ocrx_word' id='word_1_175' title='bbox 1281 2241 1435 2313; x_wconf 85' lang='lat' dir='ltr'>italicum,</span> 
     </span>
     <span class='ocr_line' id='line_1_21' title="bbox 169 2343 1436 2420; baseline 0.002 -19"><span class='ocrx_word' id='word_1_176' title='bbox 169 2343 323 2404; x_wconf 87' lang='lat' dir='ltr'>Briccium</span> <span class='ocrx_word' id='word_1_177' title='bbox 347 2345 588 2415; x_wconf 89' lang='lat' dir='ltr'>Dombrensem,</span> <span class='ocrx_word' id='word_1_178' title='bbox 623 2345 750 2402; x_wconf 89' lang='lat' dir='ltr'>Petrum</span> <span class='ocrx_word' id='word_1_179' title='bbox 785 2346 980 2417; x_wconf 90' lang='lat' dir='ltr'>Hungarum‚</span> <span class='ocrx_word' id='word_1_180' title='bbox 1015 2346 1187 2420; x_wconf 82' lang='lat' dir='ltr'>Georgium</span> <span class='ocrx_word' id='word_1_181' title='bbox 1222 2354 1374 2406; x_wconf 87' lang='lat' dir='ltr'>sartorem</span> <span class='ocrx_word' id='word_1_182' title='bbox 1405 2353 1436 2405; x_wconf 90' lang='lat' dir='ltr'>et</span> 
     </span>
     <span class='ocr_line' id='line_1_22' title="bbox 169 2448 1433 2526; baseline 0.002 -18"><span class='ocrx_word' id='word_1_183' title='bbox 169 2449 342 2522; x_wconf 87' lang='lat' dir='ltr'>Nicolaum,</span> <span class='ocrx_word' id='word_1_184' title='bbox 366 2450 444 2509; x_wconf 88' lang='lat' dir='ltr'>alias</span> <span class='ocrx_word' id='word_1_185' title='bbox 466 2448 592 2526; x_wconf 88' lang='lat' dir='ltr'>judices,</span> <span class='ocrx_word' id='word_1_186' title='bbox 613 2464 731 2508; x_wconf 90' lang='lat' dir='ltr'>necnon</span> <span class='ocrx_word' id='word_1_187' title='bbox 754 2451 926 2509; x_wconf 89' lang='lat' dir='ltr'>Fabianum</span> <span class='ocrx_word' id='word_1_188' title='bbox 951 2452 1132 2525; x_wconf 90' lang='lat' dir='ltr'>litteratum,</span> <span class='ocrx_word' id='word_1_189' title='bbox 1148 2455 1276 2526; x_wconf 89' lang='lat' dir='ltr'>Fryche,</span> <span class='ocrx_word' id='word_1_190' title='bbox 1293 2454 1433 2511; x_wconf 90' lang='lat' dir='ltr'>Blasium</span> 
     </span>
     <span class='ocr_line' id='line_1_23' title="bbox 169 2555 1435 2631; baseline 0.002 -15"><span class='ocrx_word' id='word_1_191' title='bbox 169 2556 269 2617; x_wconf 88' lang='lat' dir='ltr'>filium</span> <span class='ocrx_word' id='word_1_192' title='bbox 294 2558 489 2631; x_wconf 76' lang='lat' dir='ltr'>Wythezych</span> <span class='ocrx_word' id='word_1_193' title='bbox 519 2563 549 2614; x_wconf 91' lang='lat' dir='ltr'>et</span> <span class='ocrx_word' id='word_1_194' title='bbox 579 2555 757 2629; x_wconf 87' lang='lat' dir='ltr'>Georgium,</span> <span class='ocrx_word' id='word_1_195' title='bbox 782 2556 884 2616; x_wconf 83' lang='lat' dir='ltr'>tilium</span> <span class='ocrx_word' id='word_1_196' title='bbox 915 2560 1070 2618; x_wconf 84' lang='lat' dir='ltr'>Francisci</span> <span class='ocrx_word' id='word_1_197' title='bbox 1103 2564 1133 2618; x_wconf 91' lang='lat' dir='ltr'>et</span> <span class='ocrx_word' id='word_1_198' title='bbox 1164 2560 1242 2618; x_wconf 91' lang='lat' dir='ltr'>alios</span> <span class='ocrx_word' id='word_1_199' title='bbox 1274 2562 1435 2619; x_wconf 88' lang='lat' dir='ltr'>universos</span> 
     </span>
     <span class='ocr_line' id='line_1_24' title="bbox 170 2662 1435 2741; baseline 0.002 -18"><span class='ocrx_word' id='word_1_200' title='bbox 170 2666 261 2736; x_wconf 81' lang='lat' dir='ltr'>cives,</span> <span class='ocrx_word' id='word_1_201' title='bbox 278 2662 397 2741; x_wconf 88' lang='lat' dir='ltr'>juratos</span> <span class='ocrx_word' id='word_1_202' title='bbox 421 2668 451 2721; x_wconf 89' lang='lat' dir='ltr'>et</span> <span class='ocrx_word' id='word_1_203' title='bbox 473 2663 612 2736; x_wconf 90' lang='lat' dir='ltr'>hospites</span> <span class='ocrx_word' id='word_1_204' title='bbox 634 2669 664 2720; x_wconf 92' lang='lat' dir='ltr'>et</span> <span class='ocrx_word' id='word_1_205' title='bbox 687 2670 784 2721; x_wconf 91' lang='lat' dir='ltr'>totam</span> <span class='ocrx_word' id='word_1_206' title='bbox 798 2666 1053 2723; x_wconf 87' lang='lat' dir='ltr'>communitatem</span> <span class='ocrx_word' id='word_1_207' title='bbox 1073 2667 1206 2725; x_wconf 89' lang='lat' dir='ltr'>civitatis</span> <span class='ocrx_word' id='word_1_208' title='bbox 1229 2668 1343 2726; x_wconf 90' lang='lat' dir='ltr'>montis</span> <span class='ocrx_word' id='word_1_209' title='bbox 1359 2666 1435 2725; x_wconf 89' lang='lat' dir='ltr'>Gre-</span> 
     </span>
     <span class='ocr_line' id='line_1_25' title="bbox 168 2766 1433 2851; baseline -0.002 -21"><span class='ocrx_word' id='word_1_210' title='bbox 168 2770 265 2830; x_wconf 79' lang='lat' dir='ltr'>censis</span> <span class='ocrx_word' id='word_1_211' title='bbox 291 2769 330 2827; x_wconf 93' lang='lat' dir='ltr'>de</span> <span class='ocrx_word' id='word_1_212' title='bbox 364 2769 450 2827; x_wconf 89' lang='lat' dir='ltr'>iuxta</span> <span class='ocrx_word' id='word_1_213' title='bbox 485 2766 669 2840; x_wconf 88' lang='lat' dir='ltr'>Zagrabiam</span> <span class='ocrx_word' id='word_1_214' title='bbox 708 2770 740 2825; x_wconf 94' lang='lat' dir='ltr'>in</span> <span class='ocrx_word' id='word_1_215' title='bbox 770 2771 930 2843; x_wconf 87' lang='lat' dir='ltr'>premissis</span> <span class='ocrx_word' id='word_1_216' title='bbox 965 2773 1197 2846; x_wconf 90' lang='lat' dir='ltr'>perhemptorie</span> <span class='ocrx_word' id='word_1_217' title='bbox 1220 2788 1433 2851; x_wconf 82' lang='lat' dir='ltr'>responsuros,</span> 
     </span>
     <span class='ocr_line' id='line_1_26' title="bbox 165 2866 1435 2954; baseline 0.005 -22"><span class='ocrx_word' id='word_1_218' title='bbox 165 2878 386 2949; x_wconf 87' lang='lat' dir='ltr'>racionemque</span> <span class='ocrx_word' id='word_1_219' title='bbox 408 2866 567 2932; x_wconf 86' lang='lat' dir='ltr'>efficacem</span> <span class='ocrx_word' id='word_1_220' title='bbox 590 2873 767 2933; x_wconf 91' lang='lat' dir='ltr'>reddituros</span> <span class='ocrx_word' id='word_1_221' title='bbox 790 2892 826 2933; x_wconf 91' lang='lat' dir='ltr'>ac</span> <span class='ocrx_word' id='word_1_222' title='bbox 850 2877 889 2934; x_wconf 91' lang='lat' dir='ltr'>de</span> <span class='ocrx_word' id='word_1_223' title='bbox 911 2875 1028 2953; x_wconf 88' lang='lat' dir='ltr'>judicio</span> <span class='ocrx_word' id='word_1_224' title='bbox 1049 2880 1272 2952; x_wconf 90' lang='lat' dir='ltr'>quinquaginta</span> <span class='ocrx_word' id='word_1_225' title='bbox 1296 2881 1435 2954; x_wconf 90' lang='lat' dir='ltr'>quinque</span> 
     </span>
     <span class='ocr_line' id='line_1_27' title="bbox 163 2980 1434 3063; baseline 0.003 -20"><span class='ocrx_word' id='word_1_226' title='bbox 163 2994 345 3043; x_wconf 84' lang='lat' dir='ltr'>marcarum</span> <span class='ocrx_word' id='word_1_227' title='bbox 360 2981 451 3039; x_wconf 85' lang='lat' dir='ltr'>nobis</span> <span class='ocrx_word' id='word_1_228' title='bbox 476 2987 507 3038; x_wconf 91' lang='lat' dir='ltr'>et</span> <span class='ocrx_word' id='word_1_229' title='bbox 523 2981 606 3054; x_wconf 90' lang='lat' dir='ltr'>parti</span> <span class='ocrx_word' id='word_1_230' title='bbox 628 2980 757 3040; x_wconf 87' lang='lat' dir='ltr'>adverse</span> <span class='ocrx_word' id='word_1_231' title='bbox 781 2982 1001 3056; x_wconf 85' lang='lat' dir='ltr'>satisfacturos,</span> <span class='ocrx_word' id='word_1_232' title='bbox 1024 2994 1129 3044; x_wconf 85' lang='lat' dir='ltr'>contra</span> <span class='ocrx_word' id='word_1_233' title='bbox 1154 2993 1334 3045; x_wconf 91' lang='lat' dir='ltr'>annotatum</span> <span class='ocrx_word' id='word_1_234' title='bbox 1349 2989 1434 3063; x_wconf 89' lang='lat' dir='ltr'>capi·</span> 
     </span>
     <span class='ocr_line' id='line_1_28' title="bbox 159 3088 1434 3160; baseline 0.005 -16"><span class='ocrx_word' id='word_1_235' title='bbox 159 3090 269 3150; x_wconf 89' lang='lat' dir='ltr'>tulum</span> <span class='ocrx_word' id='word_1_236' title='bbox 301 3088 428 3146; x_wconf 87' lang='lat' dir='ltr'>ecclesie</span> <span class='ocrx_word' id='word_1_237' title='bbox 458 3088 667 3160; x_wconf 86' lang='lat' dir='ltr'>zagrabiensis</span> <span class='ocrx_word' id='word_1_238' title='bbox 698 3088 737 3145; x_wconf 91' lang='lat' dir='ltr'>ad</span> <span class='ocrx_word' id='word_1_239' title='bbox 761 3095 886 3148; x_wconf 89' lang='lat' dir='ltr'>octavas</span> <span class='ocrx_word' id='word_1_240' title='bbox 917 3091 987 3149; x_wconf 83' lang='lat' dir='ltr'>festi</span> <span class='ocrx_word' id='word_1_241' title='bbox 1010 3093 1093 3152; x_wconf 90' lang='lat' dir='ltr'>beati</span> <span class='ocrx_word' id='word_1_242' title='bbox 1116 3095 1276 3152; x_wconf 87' lang='lat' dir='ltr'>Michaelis</span> <span class='ocrx_word' id='word_1_243' title='bbox 1306 3095 1434 3153; x_wconf 90' lang='lat' dir='ltr'>archan·</span> 
     </span>
     <span class='ocr_line' id='line_1_29' title="bbox 154 3194 1433 3275; baseline 0.002 -18"><span class='ocrx_word' id='word_1_244' title='bbox 154 3198 227 3269; x_wconf 73' lang='lat' dir='ltr'>geli</span> <span class='ocrx_word' id='word_1_245' title='bbox 251 3197 285 3255; x_wconf 91' lang='lat' dir='ltr'>in</span> <span class='ocrx_word' id='word_1_246' title='bbox 306 3195 405 3252; x_wconf 87' lang='lat' dir='ltr'>altera</span> <span class='ocrx_word' id='word_1_247' title='bbox 427 3194 626 3252; x_wconf 89' lang='lat' dir='ltr'>revolucione</span> <span class='ocrx_word' id='word_1_248' title='bbox 649 3196 774 3252; x_wconf 89' lang='lat' dir='ltr'>annuali</span> <span class='ocrx_word' id='word_1_249' title='bbox 797 3204 944 3255; x_wconf 89' lang='lat' dir='ltr'>venturas</span> <span class='ocrx_word' id='word_1_250' title='bbox 967 3200 998 3257; x_wconf 90' lang='lat' dir='ltr'>in</span> <span class='ocrx_word' id='word_1_251' title='bbox 1022 3201 1123 3258; x_wconf 90' lang='lat' dir='ltr'>tribus</span> <span class='ocrx_word' id='word_1_252' title='bbox 1146 3201 1222 3259; x_wconf 84' lang='lat' dir='ltr'>foris</span> <span class='ocrx_word' id='word_1_253' title='bbox 1246 3203 1433 3275; x_wconf 88' lang='lat' dir='ltr'>conprovin-</span> 
     </span>
     <span class='ocr_line' id='line_1_30' title="bbox 150 3299 1430 3382; baseline 0.005 -22"><span class='ocrx_word' id='word_1_254' title='bbox 150 3303 299 3363; x_wconf 81' lang='lat' dir='ltr'>cialibus</span> <span class='ocrx_word' id='word_1_255' title='bbox 322 3300 449 3374; x_wconf 89' lang='lat' dir='ltr'>publice</span> <span class='ocrx_word' id='word_1_256' title='bbox 473 3306 503 3358; x_wconf 91' lang='lat' dir='ltr'>et</span> <span class='ocrx_word' id='word_1_257' title='bbox 526 3299 688 3358; x_wconf 85' lang='lat' dir='ltr'>manifeste</span> <span class='ocrx_word' id='word_1_258' title='bbox 710 3302 829 3374; x_wconf 85' lang='lat' dir='ltr'>regiam</span> <span class='ocrx_word' id='word_1_259' title='bbox 845 3302 958 3362; x_wconf 83' lang='lat' dir='ltr'>faciant</span> <span class='ocrx_word' id='word_1_260' title='bbox 975 3307 1163 3380; x_wconf 88' lang='lat' dir='ltr'>proclamari</span> <span class='ocrx_word' id='word_1_261' title='bbox 1179 3309 1210 3366; x_wconf 92' lang='lat' dir='ltr'>in</span> <span class='ocrx_word' id='word_1_262' title='bbox 1226 3309 1430 3382; x_wconf 89' lang='lat' dir='ltr'>presenciam,</span> 
     </span>
     <span class='ocr_line' id='line_1_31' title="bbox 150 3404 1432 3484; baseline 0.007 -19"><span class='ocrx_word' id='word_1_263' title='bbox 150 3404 353 3470; x_wconf 90' lang='lat' dir='ltr'>insinuando</span> <span class='ocrx_word' id='word_1_264' title='bbox 375 3407 503 3478; x_wconf 91' lang='lat' dir='ltr'>ibidem,</span> <span class='ocrx_word' id='word_1_265' title='bbox 515 3413 550 3464; x_wconf 92' lang='lat' dir='ltr'>ut</span> <span class='ocrx_word' id='word_1_266' title='bbox 565 3408 592 3465; x_wconf 90' lang='lat' dir='ltr'>si</span> <span class='ocrx_word' id='word_1_267' title='bbox 615 3409 756 3467; x_wconf 84' lang='lat' dir='ltr'>venerint</span> <span class='ocrx_word' id='word_1_268' title='bbox 778 3415 808 3466; x_wconf 88' lang='lat' dir='ltr'>et</span> <span class='ocrx_word' id='word_1_269' title='bbox 823 3409 854 3467; x_wconf 89' lang='lat' dir='ltr'>in</span> <span class='ocrx_word' id='word_1_270' title='bbox 872 3412 1030 3484; x_wconf 88' lang='lat' dir='ltr'>premissis</span> <span class='ocrx_word' id='word_1_271' title='bbox 1053 3429 1086 3470; x_wconf 91' lang='lat' dir='ltr'>se</span> <span class='ocrx_word' id='word_1_272' title='bbox 1103 3416 1186 3473; x_wconf 90' lang='lat' dir='ltr'>bono</span> <span class='ocrx_word' id='word_1_273' title='bbox 1209 3415 1304 3473; x_wconf 92' lang='lat' dir='ltr'>modo</span> <span class='ocrx_word' id='word_1_274' title='bbox 1329 3431 1432 3474; x_wconf 89' lang='lat' dir='ltr'>emen·</span> 
     </span>
     <span class='ocr_line' id='line_1_32' title="bbox 151 3510 1433 3594; baseline 0.005 -19"><span class='ocrx_word' id='word_1_275' title='bbox 151 3514 313 3575; x_wconf 84' lang='lat' dir='ltr'>daverint</span> <span class='ocrx_word' id='word_1_276' title='bbox 334 3513 374 3571; x_wconf 92' lang='lat' dir='ltr'>de</span> <span class='ocrx_word' id='word_1_277' title='bbox 396 3513 486 3571; x_wconf 91' lang='lat' dir='ltr'>dictis</span> <span class='ocrx_word' id='word_1_278' title='bbox 507 3510 631 3588; x_wconf 85' lang='lat' dir='ltr'>judiciis</span> <span class='ocrx_word' id='word_1_279' title='bbox 662 3515 752 3573; x_wconf 86' lang='lat' dir='ltr'>nobis</span> <span class='ocrx_word' id='word_1_280' title='bbox 776 3512 806 3573; x_wconf 73' lang='lat' dir='ltr'>et</span> <span class='ocrx_word' id='word_1_281' title='bbox 840 3519 923 3590; x_wconf 90' lang='lat' dir='ltr'>parti</span> <span class='ocrx_word' id='word_1_282' title='bbox 953 3518 1083 3578; x_wconf 90' lang='lat' dir='ltr'>adverse</span> <span class='ocrx_word' id='word_1_283' title='bbox 1107 3522 1319 3594; x_wconf 85' lang='lat' dir='ltr'>satisfecerint,</span> <span class='ocrx_word' id='word_1_284' title='bbox 1355 3524 1433 3581; x_wconf 91' lang='lat' dir='ltr'>bene</span> 
     </span>
     <span class='ocr_line' id='line_1_33' title="bbox 152 3619 1432 3697; baseline 0.006 -17"><span class='ocrx_word' id='word_1_285' title='bbox 152 3619 306 3697; x_wconf 88' lang='lat' dir='ltr'>quidem,</span> <span class='ocrx_word' id='word_1_286' title='bbox 328 3620 468 3693; x_wconf 90' lang='lat' dir='ltr'>alioquin</span> <span class='ocrx_word' id='word_1_287' title='bbox 492 3620 633 3693; x_wconf 90' lang='lat' dir='ltr'>ipsorum</span> <span class='ocrx_word' id='word_1_288' title='bbox 656 3623 883 3681; x_wconf 87' lang='lat' dir='ltr'>nonobstante</span> <span class='ocrx_word' id='word_1_289' title='bbox 906 3625 1049 3683; x_wconf 90' lang='lat' dir='ltr'>absencia</span> <span class='ocrx_word' id='word_1_290' title='bbox 1080 3634 1110 3685; x_wconf 88' lang='lat' dir='ltr'>et</span> <span class='ocrx_word' id='word_1_291' title='bbox 1141 3629 1313 3686; x_wconf 84' lang='lat' dir='ltr'>rebellione</span> <span class='ocrx_word' id='word_1_292' title='bbox 1337 3629 1432 3687; x_wconf 88' lang='lat' dir='ltr'>finem</span> 
     </span>
     <span class='ocr_line' id='line_1_34' title="bbox 149 3725 1434 3807; baseline 0.003 -19"><span class='ocrx_word' id='word_1_293' title='bbox 149 3728 309 3788; x_wconf 82' lang='lat' dir='ltr'>debiturn</span> <span class='ocrx_word' id='word_1_294' title='bbox 333 3732 363 3784; x_wconf 93' lang='lat' dir='ltr'>et</span> <span class='ocrx_word' id='word_1_295' title='bbox 385 3725 552 3784; x_wconf 90' lang='lat' dir='ltr'>indilatum</span> <span class='ocrx_word' id='word_1_296' title='bbox 576 3726 724 3785; x_wconf 85' lang='lat' dir='ltr'>faciemus</span> <span class='ocrx_word' id='word_1_297' title='bbox 748 3743 839 3786; x_wconf 92' lang='lat' dir='ltr'>causa</span> <span class='ocrx_word' id='word_1_298' title='bbox 861 3731 892 3788; x_wconf 94' lang='lat' dir='ltr'>in</span> <span class='ocrx_word' id='word_1_299' title='bbox 909 3733 1068 3805; x_wconf 89' lang='lat' dir='ltr'>premissa,</span> <span class='ocrx_word' id='word_1_300' title='bbox 1095 3742 1186 3807; x_wconf 91' lang='lat' dir='ltr'>prout</span> <span class='ocrx_word' id='word_1_301' title='bbox 1211 3735 1339 3792; x_wconf 91' lang='lat' dir='ltr'>dictabit</span> <span class='ocrx_word' id='word_1_302' title='bbox 1355 3735 1434 3792; x_wconf 92' lang='lat' dir='ltr'>ordo</span> 
     </span>
     <span class='ocr_line' id='line_1_35' title="bbox 151 3831 1432 3909; baseline 0.005 -16"><span class='ocrx_word' id='word_1_303' title='bbox 151 3831 259 3909; x_wconf 86' lang='lat' dir='ltr'>juris;</span> <span class='ocrx_word' id='word_1_304' title='bbox 283 3839 314 3892; x_wconf 94' lang='lat' dir='ltr'>et</span> <span class='ocrx_word' id='word_1_305' title='bbox 337 3839 409 3906; x_wconf 89' lang='lat' dir='ltr'>post</span> <span class='ocrx_word' id='word_1_306' title='bbox 423 3833 482 3890; x_wconf 93' lang='lat' dir='ltr'>hec</span> <span class='ocrx_word' id='word_1_307' title='bbox 496 3834 594 3907; x_wconf 89' lang='lat' dir='ltr'>ipsius</span> <span class='ocrx_word' id='word_1_308' title='bbox 611 3834 822 3894; x_wconf 85' lang='lat' dir='ltr'>trineforensis</span> <span class='ocrx_word' id='word_1_309' title='bbox 838 3839 1096 3909; x_wconf 88' lang='lat' dir='ltr'>proclamacionis</span> <span class='ocrx_word' id='word_1_310' title='bbox 1112 3842 1223 3899; x_wconf 88' lang='lat' dir='ltr'>seriem</span> <span class='ocrx_word' id='word_1_311' title='bbox 1247 3856 1319 3897; x_wconf 93' lang='lat' dir='ltr'>cum</span> <span class='ocrx_word' id='word_1_312' title='bbox 1334 3842 1432 3900; x_wconf 89' lang='lat' dir='ltr'>nomi·</span> 
     </span>
     <span class='ocr_line' id='line_1_36' title="bbox 152 3939 1432 4019; baseline 0.004 -18"><span class='ocrx_word' id='word_1_313' title='bbox 152 3942 258 4002; x_wconf 81' lang='lat' dir='ltr'>nibus</span> <span class='ocrx_word' id='word_1_314' title='bbox 281 3939 549 4014; x_wconf 90' lang='lat' dir='ltr'>proclamatorum</span> <span class='ocrx_word' id='word_1_315' title='bbox 574 3941 614 3999; x_wconf 91' lang='lat' dir='ltr'>ad</span> <span class='ocrx_word' id='word_1_316' title='bbox 630 3942 755 4000; x_wconf 89' lang='lat' dir='ltr'>easdem</span> <span class='ocrx_word' id='word_1_317' title='bbox 779 3949 905 4002; x_wconf 89' lang='lat' dir='ltr'>octavas</span> <span class='ocrx_word' id='word_1_318' title='bbox 928 3946 1056 4005; x_wconf 90' lang='lat' dir='ltr'>domino</span> <span class='ocrx_word' id='word_1_319' title='bbox 1078 3957 1185 4006; x_wconf 90' lang='lat' dir='ltr'>nostro</span> <span class='ocrx_word' id='word_1_320' title='bbox 1208 3948 1275 4019; x_wconf 87' lang='lat' dir='ltr'>regi</span> <span class='ocrx_word' id='word_1_321' title='bbox 1296 3947 1432 4006; x_wconf 89' lang='lat' dir='ltr'>fideliter</span> 
     </span>
     <span class='ocr_line' id='line_1_37' title="bbox 156 4047 1432 4128; baseline 0.002 -20"><span class='ocrx_word' id='word_1_322' title='bbox 156 4047 353 4108; x_wconf 81' lang='lat' dir='ltr'>rescribatis</span> <span class='ocrx_word' id='word_1_323' title='bbox 376 4047 494 4105; x_wconf 88' lang='lat' dir='ltr'>Datum</span> <span class='ocrx_word' id='word_1_324' title='bbox 517 4048 602 4105; x_wconf 91' lang='lat' dir='ltr'>Bude</span> <span class='ocrx_word' id='word_1_325' title='bbox 627 4050 783 4108; x_wconf 89' lang='lat' dir='ltr'>tricesimo</span> <span class='ocrx_word' id='word_1_326' title='bbox 807 4059 919 4124; x_wconf 90' lang='lat' dir='ltr'>quarto</span> <span class='ocrx_word' id='word_1_327' title='bbox 943 4054 992 4112; x_wconf 91' lang='lat' dir='ltr'>die</span> <span class='ocrx_word' id='word_1_328' title='bbox 1016 4056 1139 4112; x_wconf 90' lang='lat' dir='ltr'>termini</span> <span class='ocrx_word' id='word_1_329' title='bbox 1158 4053 1318 4128; x_wconf 86' lang='lat' dir='ltr'>prenotati.</span> <span class='ocrx_word' id='word_1_330' title='bbox 1341 4055 1432 4111; x_wconf 80' lang='lat' dir='ltr'>Anno</span> 
     </span>
     <span class='ocr_line' id='line_1_38' title="bbox 163 4152 1120 4228; baseline 0.007 -16"><span class='ocrx_word' id='word_1_331' title='bbox 163 4152 288 4212; x_wconf 90' lang='lat' dir='ltr'>domini</span> <span class='ocrx_word' id='word_1_332' title='bbox 311 4153 482 4212; x_wconf 88' lang='lat' dir='ltr'>millesimo</span> <span class='ocrx_word' id='word_1_333' title='bbox 505 4155 809 4228; x_wconf 89' lang='lat' dir='ltr'>quadringentesimo</span> <span class='ocrx_word' id='word_1_334' title='bbox 825 4160 982 4218; x_wconf 89' lang='lat' dir='ltr'>tricesimo</span> <span class='ocrx_word' id='word_1_335' title='bbox 1003 4167 1120 4218; x_wconf 85' lang='lat' dir='ltr'>octavo.</span> 
     </span>
    </p>
   </div>
   <div class='ocr_carea' id='block_1_3' title="bbox 168 4360 1428 4663">
    <p class='ocr_par' dir='ltr' id='par_1_3' title="bbox 168 4360 1428 4663">
     <span class='ocr_line' id='line_1_39' title="bbox 271 4360 1426 4446; baseline 0.003 -20"><span class='ocrx_word' id='word_1_336' title='bbox 271 4367 318 4434; x_wconf 85' lang='lat' dir='ltr'>(A</span> <span class='ocrx_word' id='word_1_337' title='bbox 337 4373 434 4435; x_wconf 74' lang='lat' dir='ltr'>tergo).</span> <span class='ocrx_word' id='word_1_338' title='bbox 458 4360 577 4427; x_wconf 85' lang='lat' dir='ltr'>Amicis</span> <span class='ocrx_word' id='word_1_339' title='bbox 600 4370 663 4427; x_wconf 91' lang='lat' dir='ltr'>suis</span> <span class='ocrx_word' id='word_1_340' title='bbox 693 4371 870 4430; x_wconf 85' lang='lat' dir='ltr'>reverendis</span> <span class='ocrx_word' id='word_1_341' title='bbox 905 4373 1042 4446; x_wconf 88' lang='lat' dir='ltr'>capitulo</span> <span class='ocrx_word' id='word_1_342' title='bbox 1077 4373 1205 4431; x_wconf 89' lang='lat' dir='ltr'>ecclesie</span> <span class='ocrx_word' id='word_1_343' title='bbox 1228 4372 1426 4442; x_wconf 88' lang='lat' dir='ltr'>chasmensis,</span> 
     </span>
     <span class='ocr_line' id='line_1_40' title="bbox 168 4472 1428 4552; baseline 0.005 -22"><span class='ocrx_word' id='word_1_344' title='bbox 168 4486 227 4546; x_wconf 88' lang='lat' dir='ltr'>pro</span> <span class='ocrx_word' id='word_1_345' title='bbox 248 4472 425 4532; x_wconf 88' lang='lat' dir='ltr'>honorabili</span> <span class='ocrx_word' id='word_1_346' title='bbox 449 4475 587 4548; x_wconf 90' lang='lat' dir='ltr'>capitulo</span> <span class='ocrx_word' id='word_1_347' title='bbox 610 4477 738 4534; x_wconf 90' lang='lat' dir='ltr'>ecclesie</span> <span class='ocrx_word' id='word_1_348' title='bbox 754 4479 962 4550; x_wconf 86' lang='lat' dir='ltr'>zagrabiensis</span> <span class='ocrx_word' id='word_1_349' title='bbox 978 4486 1084 4537; x_wconf 91' lang='lat' dir='ltr'>contra</span> <span class='ocrx_word' id='word_1_350' title='bbox 1107 4479 1308 4552; x_wconf 87' lang='lat' dir='ltr'>Stephanum,</span> <span class='ocrx_word' id='word_1_351' title='bbox 1325 4479 1428 4537; x_wconf 86' lang='lat' dir='ltr'>filium</span> 
     </span>
     <span class='ocr_line' id='line_1_41' title="bbox 168 4577 1428 4663; baseline 0.008 -28"><span class='ocrx_word' id='word_1_352' title='bbox 168 4578 335 4651; x_wconf 74' lang='lat' dir='ltr'>Michaelis,</span> <span class='ocrx_word' id='word_1_353' title='bbox 351 4585 424 4639; x_wconf 86' lang='lat' dir='ltr'>tunc</span> <span class='ocrx_word' id='word_1_354' title='bbox 437 4577 574 4656; x_wconf 89' lang='lat' dir='ltr'>judicem</span> <span class='ocrx_word' id='word_1_355' title='bbox 595 4583 729 4642; x_wconf 89' lang='lat' dir='ltr'>civitatis</span> <span class='ocrx_word' id='word_1_356' title='bbox 745 4585 859 4644; x_wconf 90' lang='lat' dir='ltr'>montis</span> <span class='ocrx_word' id='word_1_357' title='bbox 883 4584 1045 4644; x_wconf 88' lang='lat' dir='ltr'>Grecensis</span> <span class='ocrx_word' id='word_1_358' title='bbox 1068 4585 1106 4643; x_wconf 93' lang='lat' dir='ltr'>de</span> <span class='ocrx_word' id='word_1_359' title='bbox 1132 4585 1219 4663; x_wconf 89' lang='lat' dir='ltr'>juxta</span> <span class='ocrx_word' id='word_1_360' title='bbox 1242 4585 1428 4659; x_wconf 88' lang='lat' dir='ltr'>Zagrabiam</span> 
     </span>
    </p>
   </div>
   <div class='ocr_carea' id='block_1_4' title="bbox 0 0 1645 5348">
    <p class='ocr_par' dir='ltr' id='par_1_4' title="bbox 0 0 1645 5348">
     <span class='ocr_line' id='line_1_42' title="bbox 0 0 1645 5348; baseline 0 0"><span class='ocrx_word' id='word_1_361' title='bbox 0 0 1645 5348; x_wconf 95' lang='lat' dir='ltr'> </span> 
     </span>
    </p>
   </div>
  </div>
 </body>
</html>
