<?xml version="1.0" encoding="UTF-8"?>
<!DOCTYPE html PUBLIC "-//W3C//DTD XHTML 1.0 Transitional//EN"
    "http://www.w3.org/TR/xhtml1/DTD/xhtml1-transitional.dtd">
<html xmlns="http://www.w3.org/1999/xhtml" xml:lang="en" lang="en">
 <head>
  <title>
</title>
<meta http-equiv="Content-Type" content="text/html;charset=utf-8" />
  <meta name='ocr-system' content='tesseract 3.04.00' />
  <meta name='ocr-capabilities' content='ocr_page ocr_carea ocr_par ocr_line ocrx_word'/>
</head>
<body>
  <div class='ocr_page' id='page_1' title='image "./monumentahistor01laszgoog_0485.png"; bbox 0 0 3278 5348; ppageno 0'>
   <div class='ocr_carea' id='block_1_1' title="bbox 600 390 1018 469">
    <p class='ocr_par' dir='ltr' id='par_1_1' title="bbox 600 390 1018 469">
     <span class='ocr_line' id='line_1_1' title="bbox 600 390 1018 469; baseline -0.014 -16"><span class='ocrx_word' id='word_1_1' title='bbox 600 394 672 453; x_wconf 84' lang='lat' dir='ltr'><strong>Boc.</strong></span> <span class='ocrx_word' id='word_1_2' title='bbox 697 404 766 469; x_wconf 81' lang='lat'><em>159.</em></span> <span class='ocrx_word' id='word_1_3' title='bbox 786 424 826 435; x_wconf 94' lang='lat'>—</span> <span class='ocrx_word' id='word_1_4' title='bbox 849 390 907 450; x_wconf 75' lang='lat' dir='ltr'><strong>Aru</strong></span> <span class='ocrx_word' id='word_1_5' title='bbox 931 401 1018 466; x_wconf 77' lang='lat'><em>1451.</em></span> 
     </span>
    </p>
   </div>
   <div class='ocr_carea' id='block_1_2' title="bbox 820 495 1442 505">
    <p class='ocr_par' dir='ltr' id='par_1_2' title="bbox 820 495 1442 505">
     <span class='ocr_line' id='line_1_2' title="bbox 820 495 1442 505; baseline 0.005 -3"><span class='ocrx_word' id='word_1_6' title='bbox 820 497 950 505; x_wconf 79' lang='grc'><strong>-,-</strong></span> <span class='ocrx_word' id='word_1_7' title='bbox 991 495 1442 504; x_wconf 80' lang='lat'>—.—-—--———-————-—</span> 
     </span>
    </p>
   </div>
   <div class='ocr_carea' id='block_1_3' title="bbox 772 709 849 781">
    <p class='ocr_par' dir='ltr' id='par_1_3' title="bbox 772 709 849 781">
     <span class='ocr_line' id='line_1_3' title="bbox 772 709 849 781; baseline -0.013 -1"><span class='ocrx_word' id='word_1_8' title='bbox 772 709 849 781; x_wconf 80' lang='lat' dir='ltr'><strong>loo.</strong></span> 
     </span>
    </p>
   </div>
   <div class='ocr_carea' id='block_1_4' title="bbox 281 909 839 976">
    <p class='ocr_par' dir='ltr' id='par_1_4' title="bbox 281 909 839 976">
     <span class='ocr_line' id='line_1_4' title="bbox 281 909 839 976; baseline 0.002 -16"><span class='ocrx_word' id='word_1_9' title='bbox 281 911 364 961; x_wconf 88' lang='lat' dir='ltr'><strong>Anno</strong></span> <span class='ocrx_word' id='word_1_10' title='bbox 388 922 463 976; x_wconf 79' lang='lat'><strong>1451,</strong></span> <span class='ocrx_word' id='word_1_11' title='bbox 489 919 527 974; x_wconf 83' lang='lat'><strong>17.</strong></span> <span class='ocrx_word' id='word_1_12' title='bbox 550 910 671 973; x_wconf 76' lang='lat' dir='ltr'><strong>Augusti.</strong></span> <span class='ocrx_word' id='word_1_13' title='bbox 692 909 839 973; x_wconf 77' lang='lat' dir='ltr'><strong>Zigmbiae.</strong></span> 
     </span>
    </p>
   </div>
   <div class='ocr_carea' id='block_1_5' title="bbox 176 1052 1445 1342">
    <p class='ocr_par' dir='ltr' id='par_1_5' title="bbox 176 1052 1445 1342">
     <span class='ocr_line' id='line_1_5' title="bbox 181 1052 1445 1129; baseline -0.003 -15"><span class='ocrx_word' id='word_1_14' title='bbox 181 1054 389 1114; x_wconf 77' lang='lat' dir='ltr'><strong>Communrtate</strong></span> <span class='ocrx_word' id='word_1_15' title='bbox 422 1055 550 1113; x_wconf 66' lang='lat' dir='ltr'><strong>civitates</strong></span> <span class='ocrx_word' id='word_1_16' title='bbox 579 1054 682 1112; x_wconf 81' lang='lat' dir='ltr'><strong>montis</strong></span> <span class='ocrx_word' id='word_1_17' title='bbox 720 1052 872 1112; x_wconf 83' lang='lat' dir='ltr'><strong>Grecensis</strong></span> <span class='ocrx_word' id='word_1_18' title='bbox 901 1062 1045 1129; x_wconf 76' lang='lat' dir='ltr'><strong>precante,</strong></span> <span class='ocrx_word' id='word_1_19' title='bbox 1075 1055 1227 1112; x_wconf 83' lang='lat' dir='ltr'><em>comitatus</em></span> <span class='ocrx_word' id='word_1_20' title='bbox 1249 1052 1445 1127; x_wconf 82' lang='lat' dir='ltr'><strong>zogrobiensis</strong></span> 
     </span>
     <span class='ocr_line' id='line_1_6' title="bbox 176 1160 1443 1237; baseline -0.003 -17"><span class='ocrx_word' id='word_1_21' title='bbox 176 1162 357 1237; x_wconf 65' lang='lat' dir='ltr'><strong>mquesr&#39;te&#39;one</strong></span> <span class='ocrx_word' id='word_1_22' title='bbox 378 1162 543 1232; x_wconf 82' lang='lat' dir='ltr'><strong>constituto,</strong></span> <span class='ocrx_word' id='word_1_23' title='bbox 566 1161 734 1235; x_wconf 71' lang='lat' dir='ltr'><strong>Hene&#39;rgum</strong></span> <span class='ocrx_word' id='word_1_24' title='bbox 757 1161 815 1217; x_wconf 84' lang='lat' dir='ltr'><strong>iam</strong></span> <span class='ocrx_word' id='word_1_25' title='bbox 838 1160 1061 1233; x_wconf 84' lang='lat' dir='ltr'><strong>condemnatum,</strong></span> <span class='ocrx_word' id='word_1_26' title='bbox 1077 1179 1096 1217; x_wconf 87' lang='lat' dir='ltr'><em>a</em></span> <span class='ocrx_word' id='word_1_27' title='bbox 1113 1161 1319 1220; x_wconf 81' lang='lat' dir='ltr'><em>mercatoribus</em></span> <span class='ocrx_word' id='word_1_28' title='bbox 1334 1177 1443 1234; x_wconf 82' lang='lat' dir='ltr'><strong>sagra·</strong></span> 
     </span>
     <span class='ocr_line' id='line_1_7' title="bbox 504 1266 1110 1342; baseline 0.002 -18"><span class='ocrx_word' id='word_1_29' title='bbox 504 1267 646 1326; x_wconf 79' lang='lat' dir='ltr'><strong>biensibus</strong></span> <span class='ocrx_word' id='word_1_30' title='bbox 668 1266 805 1325; x_wconf 76' lang='lat' dir='ltr'><strong>tribumm</strong></span> <span class='ocrx_word' id='word_1_31' title='bbox 827 1275 976 1342; x_wconf 77' lang='lat' dir='ltr'><em>exposcere</em></span> <span class='ocrx_word' id='word_1_32' title='bbox 996 1269 1110 1342; x_wconf 78' lang='lat' dir='ltr'><strong>repent.</strong></span> 
     </span>
    </p>
   </div>
   <div class='ocr_carea' id='block_1_6' title="bbox 174 1426 1445 4274">
    <p class='ocr_par' dir='ltr' id='par_1_6' title="bbox 174 1426 1445 4274">
     <span class='ocr_line' id='line_1_8' title="bbox 283 1426 1444 1504; baseline 0.001 -18"><span class='ocrx_word' id='word_1_33' title='bbox 283 1427 347 1487; x_wconf 90' lang='lat' dir='ltr'><strong>Nos</strong></span> <span class='ocrx_word' id='word_1_34' title='bbox 370 1428 533 1504; x_wconf 86' lang='lat' dir='ltr'>Georgius,</span> <span class='ocrx_word' id='word_1_35' title='bbox 557 1430 641 1489; x_wconf 91' lang='lat' dir='ltr'><strong>filius</strong></span> <span class='ocrx_word' id='word_1_36' title='bbox 664 1429 804 1490; x_wconf 83' lang='lat' dir='ltr'><strong>Farlrasii</strong></span> <span class='ocrx_word' id='word_1_37' title='bbox 825 1429 864 1489; x_wconf 91' lang='lat' dir='ltr'><strong>de</strong></span> <span class='ocrx_word' id='word_1_38' title='bbox 887 1431 994 1503; x_wconf 87' lang='lat' dir='ltr'><strong>Ebres,</strong></span> <span class='ocrx_word' id='word_1_39' title='bbox 1018 1444 1181 1488; x_wconf 81' lang='lat' dir='ltr'><strong>comesse</strong></span> <span class='ocrx_word' id='word_1_40' title='bbox 1214 1426 1333 1504; x_wconf 88' lang='lat' dir='ltr'><strong>judices</strong></span> <span class='ocrx_word' id='word_1_41' title='bbox 1355 1428 1444 1487; x_wconf 91' lang='lat' dir='ltr'><strong>nobi-</strong></span> 
     </span>
     <span class='ocr_line' id='line_1_9' title="bbox 178 1534 1444 1610; baseline 0 -17"><span class='ocrx_word' id='word_1_42' title='bbox 178 1534 256 1593; x_wconf 90' lang='lat' dir='ltr'><strong>lium</strong></span> <span class='ocrx_word' id='word_1_43' title='bbox 281 1536 446 1594; x_wconf 87' lang='lat' dir='ltr'>comitatus</span> <span class='ocrx_word' id='word_1_44' title='bbox 468 1536 685 1610; x_wconf 86' lang='lat' dir='ltr'><strong>zagrabiensis.</strong></span> <span class='ocrx_word' id='word_1_45' title='bbox 708 1537 858 1594; x_wconf 89' lang='lat' dir='ltr'><strong>Memorie</strong></span> <span class='ocrx_word' id='word_1_46' title='bbox 881 1535 1146 1608; x_wconf 88' lang='lat' dir='ltr'><strong>commendamus,</strong></span> <span class='ocrx_word' id='word_1_47' title='bbox 1169 1534 1255 1610; x_wconf 92' lang='lat' dir='ltr'><strong>quod</strong></span> <span class='ocrx_word' id='word_1_48' title='bbox 1293 1550 1365 1593; x_wconf 89' lang='lat' dir='ltr'><strong>cum</strong></span> <span class='ocrx_word' id='word_1_49' title='bbox 1387 1548 1444 1593; x_wconf 91' lang='lat' dir='ltr'><strong>nos</strong></span> 
     </span>
     <span class='ocr_line' id='line_1_10' title="bbox 178 1639 1444 1718; baseline -0.003 -17"><span class='ocrx_word' id='word_1_50' title='bbox 178 1639 217 1701; x_wconf 90' lang='lat' dir='ltr'><strong>ad</strong></span> <span class='ocrx_word' id='word_1_51' title='bbox 240 1642 407 1700; x_wconf 75' lang='lat' dir='ltr'><strong>instantem</strong></span> <span class='ocrx_word' id='word_1_52' title='bbox 430 1644 616 1716; x_wconf 87' lang='lat' dir='ltr'><strong>peticionem</strong></span> <span class='ocrx_word' id='word_1_53' title='bbox 637 1640 757 1718; x_wconf 88' lang='lat' dir='ltr'><strong>judicis,</strong></span> <span class='ocrx_word' id='word_1_54' title='bbox 792 1640 968 1717; x_wconf 89' lang='lat' dir='ltr'><strong>juratorum</strong></span> <span class='ocrx_word' id='word_1_55' title='bbox 1002 1656 1039 1699; x_wconf 94' lang='lat' dir='ltr'><strong>ac</strong></span> <span class='ocrx_word' id='word_1_56' title='bbox 1072 1642 1292 1700; x_wconf 81' lang='lat' dir='ltr'><strong>universorum</strong></span> <span class='ocrx_word' id='word_1_57' title='bbox 1326 1641 1444 1699; x_wconf 89' lang='lat' dir='ltr'><strong>civium</strong></span> 
     </span>
     <span class='ocr_line' id='line_1_11' title="bbox 177 1746 1444 1824; baseline 0.001 -20"><span class='ocrx_word' id='word_1_58' title='bbox 177 1747 292 1805; x_wconf 88' lang='lat' dir='ltr'><strong>montis</strong></span> <span class='ocrx_word' id='word_1_59' title='bbox 317 1746 480 1808; x_wconf 89' lang='lat' dir='ltr'><strong>Grecensis</strong></span> <span class='ocrx_word' id='word_1_60' title='bbox 503 1749 542 1807; x_wconf 92' lang='lat' dir='ltr'><strong>de</strong></span> <span class='ocrx_word' id='word_1_61' title='bbox 571 1746 658 1824; x_wconf 87' lang='lat' dir='ltr'><strong>juxta</strong></span> <span class='ocrx_word' id='word_1_62' title='bbox 688 1749 884 1822; x_wconf 89' lang='lat' dir='ltr'><strong>Zagrabiam,</strong></span> <span class='ocrx_word' id='word_1_63' title='bbox 907 1748 1077 1821; x_wconf 87' lang='lat' dir='ltr'><strong>Georgium</strong></span> <span class='ocrx_word' id='word_1_64' title='bbox 1109 1748 1276 1807; x_wconf 86' lang='lat' dir='ltr'><strong>Marethith</strong></span> <span class='ocrx_word' id='word_1_65' title='bbox 1310 1746 1349 1805; x_wconf 95' lang='lat' dir='ltr'><strong>de</strong></span> <span class='ocrx_word' id='word_1_66' title='bbox 1371 1746 1444 1805; x_wconf 90' lang='lat' dir='ltr'><strong>Clo·</strong></span> 
     </span>
     <span class='ocr_line' id='line_1_12' title="bbox 176 1849 1441 1931; baseline 0 -21"><span class='ocrx_word' id='word_1_67' title='bbox 176 1849 266 1923; x_wconf 83' lang='lat' dir='ltr'><strong>koch,</strong></span> <span class='ocrx_word' id='word_1_68' title='bbox 294 1868 390 1910; x_wconf 91' lang='lat' dir='ltr'><strong>unum</strong></span> <span class='ocrx_word' id='word_1_69' title='bbox 414 1869 452 1912; x_wconf 84' lang='lat' dir='ltr'><strong>ex</strong></span> <span class='ocrx_word' id='word_1_70' title='bbox 473 1855 574 1929; x_wconf 90' lang='lat' dir='ltr'><strong>nobis,</strong></span> <span class='ocrx_word' id='word_1_71' title='bbox 598 1870 685 1913; x_wconf 91' lang='lat' dir='ltr'><strong>secus</strong></span> <span class='ocrx_word' id='word_1_72' title='bbox 718 1853 855 1931; x_wconf 90' lang='lat' dir='ltr'><strong>judicem</strong></span> <span class='ocrx_word' id='word_1_73' title='bbox 884 1855 1048 1927; x_wconf 88' lang='lat' dir='ltr'><strong>nobilium,</strong></span> <span class='ocrx_word' id='word_1_74' title='bbox 1079 1853 1119 1912; x_wconf 91' lang='lat' dir='ltr'><strong>ad</strong></span> <span class='ocrx_word' id='word_1_75' title='bbox 1142 1853 1371 1928; x_wconf 84' lang='lat' dir='ltr'><strong>infrascriptam</strong></span> <span class='ocrx_word' id='word_1_76' title='bbox 1395 1853 1441 1911; x_wconf 92' lang='lat' dir='ltr'><strong>in·</strong></span> 
     </span>
     <span class='ocr_line' id='line_1_13' title="bbox 176 1958 1443 2036; baseline 0.001 -20"><span class='ocrx_word' id='word_1_77' title='bbox 176 1958 381 2031; x_wconf 88' lang='lat' dir='ltr'><strong>quisicionem</strong></span> <span class='ocrx_word' id='word_1_78' title='bbox 404 1960 578 2020; x_wconf 84' lang='lat' dir='ltr'><strong>faciendam</strong></span> <span class='ocrx_word' id='word_1_79' title='bbox 601 1961 640 2019; x_wconf 91' lang='lat' dir='ltr'><strong>de</strong></span> <span class='ocrx_word' id='word_1_80' title='bbox 662 1960 735 2020; x_wconf 90' lang='lat' dir='ltr'><strong>sede</strong></span> <span class='ocrx_word' id='word_1_81' title='bbox 768 1966 874 2020; x_wconf 91' lang='lat' dir='ltr'><strong>nostra</strong></span> <span class='ocrx_word' id='word_1_82' title='bbox 908 1959 1071 2036; x_wconf 89' lang='lat' dir='ltr'><strong>judiciaria</strong></span> <span class='ocrx_word' id='word_1_83' title='bbox 1107 1961 1258 2034; x_wconf 85' lang='lat' dir='ltr'><strong>legittime</strong></span> <span class='ocrx_word' id='word_1_84' title='bbox 1294 1959 1443 2018; x_wconf 89' lang='lat' dir='ltr'><strong>destinas·</strong></span> 
     </span>
     <span class='ocr_line' id='line_1_14' title="bbox 175 2064 1443 2136; baseline 0.001 -15"><span class='ocrx_word' id='word_1_85' title='bbox 175 2079 289 2136; x_wconf 87' lang='lat' dir='ltr'><strong>semus,</strong></span> <span class='ocrx_word' id='word_1_86' title='bbox 321 2066 447 2125; x_wconf 92' lang='lat' dir='ltr'><strong>tandem</strong></span> <span class='ocrx_word' id='word_1_87' title='bbox 470 2067 553 2127; x_wconf 89' lang='lat' dir='ltr'><strong>idem</strong></span> <span class='ocrx_word' id='word_1_88' title='bbox 576 2068 617 2127; x_wconf 92' lang='lat' dir='ltr'><strong>ad</strong></span> <span class='ocrx_word' id='word_1_89' title='bbox 640 2083 696 2127; x_wconf 90' lang='lat' dir='ltr'><strong>nos</strong></span> <span class='ocrx_word' id='word_1_90' title='bbox 719 2068 830 2126; x_wconf 84' lang='lat' dir='ltr'><strong>exinde</strong></span> <span class='ocrx_word' id='word_1_91' title='bbox 853 2083 996 2126; x_wconf 84' lang='lat' dir='ltr'><strong>reuersus</strong></span> <span class='ocrx_word' id='word_1_92' title='bbox 1018 2068 1108 2126; x_wconf 89' lang='lat' dir='ltr'><strong>nobis</strong></span> <span class='ocrx_word' id='word_1_93' title='bbox 1129 2067 1250 2126; x_wconf 79' lang='lat' dir='ltr'><strong>retollit</strong></span> <span class='ocrx_word' id='word_1_94' title='bbox 1273 2081 1309 2125; x_wconf 93' lang='lat' dir='ltr'><strong>eo</strong></span> <span class='ocrx_word' id='word_1_95' title='bbox 1333 2064 1443 2123; x_wconf 87' lang='lat' dir='ltr'><strong>modo:</strong></span> 
     </span>
     <span class='ocr_line' id='line_1_15' title="bbox 175 2171 1444 2250; baseline -0.001 -22"><span class='ocrx_word' id='word_1_96' title='bbox 175 2177 210 2230; x_wconf 89' lang='lat' dir='ltr'><strong>ut</strong></span> <span class='ocrx_word' id='word_1_97' title='bbox 233 2171 301 2246; x_wconf 92' lang='lat' dir='ltr'><strong>ipse</strong></span> <span class='ocrx_word' id='word_1_98' title='bbox 324 2174 364 2231; x_wconf 90' lang='lat' dir='ltr'><strong>ab</strong></span> <span class='ocrx_word' id='word_1_99' title='bbox 388 2176 542 2248; x_wconf 88' lang='lat' dir='ltr'><strong>omnibus,</strong></span> <span class='ocrx_word' id='word_1_100' title='bbox 567 2177 681 2250; x_wconf 88' lang='lat' dir='ltr'><strong>quibus</strong></span> <span class='ocrx_word' id='word_1_101' title='bbox 704 2174 855 2233; x_wconf 90' lang='lat' dir='ltr'><strong>decuisset</strong></span> <span class='ocrx_word' id='word_1_102' title='bbox 888 2179 918 2233; x_wconf 91' lang='lat' dir='ltr'><strong>et</strong></span> <span class='ocrx_word' id='word_1_103' title='bbox 952 2175 1100 2245; x_wconf 89' lang='lat' dir='ltr'><strong>licuisset,</strong></span> <span class='ocrx_word' id='word_1_104' title='bbox 1126 2174 1234 2249; x_wconf 92' lang='lat' dir='ltr'><strong>palam</strong></span> <span class='ocrx_word' id='word_1_105' title='bbox 1258 2177 1288 2231; x_wconf 91' lang='lat' dir='ltr'><strong>et</strong></span> <span class='ocrx_word' id='word_1_106' title='bbox 1322 2171 1444 2229; x_wconf 89' lang='lat' dir='ltr'><strong>occulte</strong></span> 
     </span>
     <span class='ocr_line' id='line_1_16' title="bbox 175 2276 1443 2356; baseline 0 -21"><span class='ocrx_word' id='word_1_107' title='bbox 175 2276 342 2351; x_wconf 90' lang='lat' dir='ltr'><strong>diligenter</strong></span> <span class='ocrx_word' id='word_1_108' title='bbox 366 2281 560 2355; x_wconf 90' lang='lat' dir='ltr'><strong>inquirendo,</strong></span> <span class='ocrx_word' id='word_1_109' title='bbox 583 2283 679 2341; x_wconf 89' lang='lat' dir='ltr'><strong>talem</strong></span> <span class='ocrx_word' id='word_1_110' title='bbox 703 2281 742 2340; x_wconf 92' lang='lat' dir='ltr'><strong>de</strong></span> <span class='ocrx_word' id='word_1_111' title='bbox 764 2280 970 2356; x_wconf 83' lang='lat' dir='ltr'><strong>infrascriptis</strong></span> <span class='ocrx_word' id='word_1_112' title='bbox 992 2282 1133 2340; x_wconf 90' lang='lat' dir='ltr'><strong>scivisset</strong></span> <span class='ocrx_word' id='word_1_113' title='bbox 1164 2281 1343 2338; x_wconf 88' lang='lat' dir='ltr'><strong>veritatem:</strong></span> <span class='ocrx_word' id='word_1_114' title='bbox 1367 2291 1443 2352; x_wconf 92' lang='lat' dir='ltr'><strong>quo·</strong></span> 
     </span>
     <span class='ocr_line' id='line_1_17' title="bbox 176 2383 1443 2464; baseline 0.001 -23"><span class='ocrx_word' id='word_1_115' title='bbox 176 2383 273 2443; x_wconf 91' lang='lat' dir='ltr'><strong>modo</strong></span> <span class='ocrx_word' id='word_1_116' title='bbox 296 2386 368 2444; x_wconf 92' lang='lat' dir='ltr'><strong>licet</strong></span> <span class='ocrx_word' id='word_1_117' title='bbox 391 2388 470 2445; x_wconf 87' lang='lat' dir='ltr'><strong>inler</strong></span> <span class='ocrx_word' id='word_1_118' title='bbox 493 2389 578 2463; x_wconf 87' lang='lat' dir='ltr'><strong>ipsos</strong></span> <span class='ocrx_word' id='word_1_119' title='bbox 602 2386 748 2464; x_wconf 90' lang='lat' dir='ltr'><strong>judicem,</strong></span> <span class='ocrx_word' id='word_1_120' title='bbox 769 2386 887 2464; x_wconf 77' lang='lat' dir='ltr'><strong>Juratos</strong></span> <span class='ocrx_word' id='word_1_121' title='bbox 910 2403 946 2446; x_wconf 94' lang='lat' dir='ltr'><strong>ac</strong></span> <span class='ocrx_word' id='word_1_122' title='bbox 968 2389 1052 2446; x_wconf 89' lang='lat' dir='ltr'><strong>cives</strong></span> <span class='ocrx_word' id='word_1_123' title='bbox 1076 2389 1117 2446; x_wconf 92' lang='lat' dir='ltr'><strong>ab</strong></span> <span class='ocrx_word' id='word_1_124' title='bbox 1131 2402 1192 2445; x_wconf 91' lang='lat' dir='ltr'><strong>una</strong></span> <span class='ocrx_word' id='word_1_125' title='bbox 1209 2391 1239 2445; x_wconf 91' lang='lat' dir='ltr'><strong>et</strong></span> <span class='ocrx_word' id='word_1_126' title='bbox 1255 2387 1334 2445; x_wconf 89' lang='lat' dir='ltr'><strong>inter</strong></span> <span class='ocrx_word' id='word_1_127' title='bbox 1357 2399 1443 2457; x_wconf 86' lang='lat' dir='ltr'><strong>egre·</strong></span> 
     </span>
     <span class='ocr_line' id='line_1_18' title="bbox 175 2490 1445 2569; baseline -0.001 -21"><span class='ocrx_word' id='word_1_128' title='bbox 175 2490 265 2563; x_wconf 85' lang='lat' dir='ltr'><strong>gium</strong></span> <span class='ocrx_word' id='word_1_129' title='bbox 288 2491 464 2566; x_wconf 87' lang='lat' dir='ltr'><strong>Hennyngh</strong></span> <span class='ocrx_word' id='word_1_130' title='bbox 488 2494 526 2552; x_wconf 92' lang='lat' dir='ltr'><strong>de</strong></span> <span class='ocrx_word' id='word_1_131' title='bbox 557 2494 758 2554; x_wconf 85' lang='lat' dir='ltr'><strong>Zomzedwar</strong></span> <span class='ocrx_word' id='word_1_132' title='bbox 791 2494 914 2553; x_wconf 87' lang='lat' dir='ltr'><strong>racione</strong></span> <span class='ocrx_word' id='word_1_133' title='bbox 951 2500 981 2552; x_wconf 93' lang='lat' dir='ltr'><strong>et</strong></span> <span class='ocrx_word' id='word_1_134' title='bbox 1015 2499 1161 2569; x_wconf 90' lang='lat' dir='ltr'><strong>pretextu</strong></span> <span class='ocrx_word' id='word_1_135' title='bbox 1197 2491 1392 2551; x_wconf 84' lang='lat' dir='ltr'><strong>execucionis</strong></span> <span class='ocrx_word' id='word_1_136' title='bbox 1414 2492 1445 2548; x_wconf 91' lang='lat' dir='ltr'><strong>et</strong></span> 
     </span>
     <span class='ocr_line' id='line_1_19' title="bbox 174 2596 1445 2675; baseline -0.001 -21"><span class='ocrx_word' id='word_1_137' title='bbox 174 2597 366 2671; x_wconf 85' lang='lat' dir='ltr'><strong>recepcionis</strong></span> <span class='ocrx_word' id='word_1_138' title='bbox 390 2615 425 2657; x_wconf 91' lang='lat' dir='ltr'><strong>ac</strong></span> <span class='ocrx_word' id='word_1_139' title='bbox 448 2601 616 2660; x_wconf 89' lang='lat' dir='ltr'><strong>solucionis</strong></span> <span class='ocrx_word' id='word_1_140' title='bbox 648 2601 757 2659; x_wconf 89' lang='lat' dir='ltr'><strong>tributi</strong></span> <span class='ocrx_word' id='word_1_141' title='bbox 789 2601 837 2673; x_wconf 90' lang='lat' dir='ltr'><strong>lis,</strong></span> <span class='ocrx_word' id='word_1_142' title='bbox 874 2602 1107 2675; x_wconf 88' lang='lat' dir='ltr'><strong>questionisque</strong></span> <span class='ocrx_word' id='word_1_143' title='bbox 1142 2600 1272 2658; x_wconf 78' lang='lat' dir='ltr'><strong>materia</strong></span> <span class='ocrx_word' id='word_1_144' title='bbox 1307 2599 1338 2656; x_wconf 93' lang='lat' dir='ltr'><strong>in</strong></span> <span class='ocrx_word' id='word_1_145' title='bbox 1372 2596 1445 2654; x_wconf 90' lang='lat' dir='ltr'><strong>sede</strong></span> 
     </span>
     <span class='ocr_line' id='line_1_20' title="bbox 176 2702 1443 2780; baseline 0.001 -21"><span class='ocrx_word' id='word_1_146' title='bbox 176 2702 316 2762; x_wconf 90' lang='lat' dir='ltr'><strong>crisiensi</strong></span> <span class='ocrx_word' id='word_1_147' title='bbox 360 2706 499 2778; x_wconf 91' lang='lat' dir='ltr'><strong>primum</strong></span> <span class='ocrx_word' id='word_1_148' title='bbox 533 2713 563 2766; x_wconf 92' lang='lat' dir='ltr'><strong>et</strong></span> <span class='ocrx_word' id='word_1_149' title='bbox 594 2707 720 2769; x_wconf 85' lang='lat' dir='ltr'><strong>tandem</strong></span> <span class='ocrx_word' id='word_1_150' title='bbox 763 2708 794 2766; x_wconf 92' lang='lat' dir='ltr'><strong>in</strong></span> <span class='ocrx_word' id='word_1_151' title='bbox 817 2706 890 2765; x_wconf 90' lang='lat' dir='ltr'><strong>sede</strong></span> <span class='ocrx_word' id='word_1_152' title='bbox 925 2707 1127 2780; x_wconf 89' lang='lat' dir='ltr'><strong>zagrabiensi,</strong></span> <span class='ocrx_word' id='word_1_153' title='bbox 1164 2712 1248 2764; x_wconf 92' lang='lat' dir='ltr'><strong>mota</strong></span> <span class='ocrx_word' id='word_1_154' title='bbox 1285 2703 1378 2763; x_wconf 84' lang='lat' dir='ltr'><strong>fuerit</strong></span> <span class='ocrx_word' id='word_1_155' title='bbox 1413 2707 1443 2761; x_wconf 92' lang='lat' dir='ltr'><strong>et</strong></span> 
     </span>
     <span class='ocr_line' id='line_1_21' title="bbox 176 2797 1444 2884; baseline -0.002 -17"><span class='ocrx_word' id='word_1_156' title='bbox 176 2816 285 2868; x_wconf 87' lang='lat' dir='ltr'><strong>exorta</strong></span> <span class='ocrx_word' id='word_1_157' title='bbox 309 2826 344 2869; x_wconf 91' lang='lat' dir='ltr'><strong>ac</strong></span> <span class='ocrx_word' id='word_1_158' title='bbox 374 2813 503 2871; x_wconf 90' lang='lat' dir='ltr'><strong>minime</strong></span> <span class='ocrx_word' id='word_1_159' title='bbox 532 2815 613 2873; x_wconf 90' lang='lat' dir='ltr'><strong>inter</strong></span> <span class='ocrx_word' id='word_1_160' title='bbox 650 2829 702 2872; x_wconf 90' lang='lat' dir='ltr'><strong>eos</strong></span> <span class='ocrx_word' id='word_1_161' title='bbox 737 2814 872 2872; x_wconf 87' lang='lat' dir='ltr'><strong>extiterit</strong></span> <span class='ocrx_word' id='word_1_162' title='bbox 907 2813 1009 2872; x_wconf 91' lang='lat' dir='ltr'><strong>decisa</strong></span> <span class='ocrx_word' id='word_1_163' title='bbox 1043 2821 1073 2872; x_wconf 88' lang='lat' dir='ltr'><strong>et</strong></span> <span class='ocrx_word' id='word_1_164' title='bbox 1108 2797 1280 2883; x_wconf 82' lang='lat' dir='ltr'><strong>terminata,</strong></span> <span class='ocrx_word' id='word_1_165' title='bbox 1315 2811 1444 2884; x_wconf 89' lang='lat' dir='ltr'><strong>ipseque</strong></span> 
     </span>
     <span class='ocr_line' id='line_1_22' title="bbox 176 2915 1445 2993; baseline -0.003 -17"><span class='ocrx_word' id='word_1_166' title='bbox 176 2916 354 2992; x_wconf 84' lang='lat' dir='ltr'><strong>Henuyngh</strong></span> <span class='ocrx_word' id='word_1_167' title='bbox 377 2935 434 2993; x_wconf 93' lang='lat' dir='ltr'><strong>per</strong></span> <span class='ocrx_word' id='word_1_168' title='bbox 468 2920 593 2979; x_wconf 89' lang='lat' dir='ltr'><strong>easdem</strong></span> <span class='ocrx_word' id='word_1_169' title='bbox 627 2920 805 2979; x_wconf 89' lang='lat' dir='ltr'><strong>crisiensem</strong></span> <span class='ocrx_word' id='word_1_170' title='bbox 839 2925 869 2978; x_wconf 93' lang='lat' dir='ltr'><strong>et</strong></span> <span class='ocrx_word' id='word_1_171' title='bbox 900 2921 1132 2993; x_wconf 86' lang='lat' dir='ltr'><strong>zagrabiensem</strong></span> <span class='ocrx_word' id='word_1_172' title='bbox 1162 2918 1250 2977; x_wconf 91' lang='lat' dir='ltr'><strong>sedes</strong></span> <span class='ocrx_word' id='word_1_173' title='bbox 1280 2932 1352 2975; x_wconf 89' lang='lat' dir='ltr'><strong>cum</strong></span> <span class='ocrx_word' id='word_1_174' title='bbox 1378 2915 1445 2972; x_wconf 90' lang='lat' dir='ltr'><strong>uni·</strong></span> 
     </span>
     <span class='ocr_line' id='line_1_23' title="bbox 176 3025 1444 3101; baseline -0.002 -20"><span class='ocrx_word' id='word_1_175' title='bbox 176 3025 277 3083; x_wconf 81' lang='lat' dir='ltr'><strong>versis</strong></span> <span class='ocrx_word' id='word_1_176' title='bbox 300 3026 472 3085; x_wconf 86' lang='lat' dir='ltr'><strong>tributariis</strong></span> <span class='ocrx_word' id='word_1_177' title='bbox 494 3033 524 3086; x_wconf 90' lang='lat' dir='ltr'><strong>et</strong></span> <span class='ocrx_word' id='word_1_178' title='bbox 547 3027 726 3086; x_wconf 89' lang='lat' dir='ltr'><strong>hominibus</strong></span> <span class='ocrx_word' id='word_1_179' title='bbox 748 3027 811 3084; x_wconf 89' lang='lat' dir='ltr'><strong>suis</strong></span> <span class='ocrx_word' id='word_1_180' title='bbox 834 3041 853 3083; x_wconf 95' lang='lat' dir='ltr'><strong>a</strong></span> <span class='ocrx_word' id='word_1_181' title='bbox 890 3027 1051 3100; x_wconf 91' lang='lat' dir='ltr'><strong>peticione,</strong></span> <span class='ocrx_word' id='word_1_182' title='bbox 1087 3026 1268 3101; x_wconf 88' lang='lat' dir='ltr'><strong>recepcione</strong></span> <span class='ocrx_word' id='word_1_183' title='bbox 1290 3029 1321 3082; x_wconf 92' lang='lat' dir='ltr'><strong>et</strong></span> <span class='ocrx_word' id='word_1_184' title='bbox 1344 3027 1444 3080; x_wconf 88' lang='lat' dir='ltr'><strong>extra·</strong></span> 
     </span>
     <span class='ocr_line' id='line_1_24' title="bbox 177 3128 1445 3207; baseline -0.002 -20"><span class='ocrx_word' id='word_1_185' title='bbox 177 3128 307 3189; x_wconf 87' lang='lat' dir='ltr'><strong>dacione</strong></span> <span class='ocrx_word' id='word_1_186' title='bbox 329 3131 427 3206; x_wconf 90' lang='lat' dir='ltr'><strong>ipsius</strong></span> <span class='ocrx_word' id='word_1_187' title='bbox 457 3133 566 3191; x_wconf 81' lang='lat' dir='ltr'><strong>tributi</strong></span> <span class='ocrx_word' id='word_1_188' title='bbox 588 3147 606 3190; x_wconf 92' lang='lat' dir='ltr'><strong>a</strong></span> <span class='ocrx_word' id='word_1_189' title='bbox 630 3131 758 3207; x_wconf 87' lang='lat' dir='ltr'><strong>pretatis</strong></span> <span class='ocrx_word' id='word_1_190' title='bbox 781 3132 902 3191; x_wconf 86' lang='lat' dir='ltr'><strong>civibus</strong></span> <span class='ocrx_word' id='word_1_191' title='bbox 925 3137 1061 3206; x_wconf 89' lang='lat' dir='ltr'><strong>pretacte</strong></span> <span class='ocrx_word' id='word_1_192' title='bbox 1084 3132 1217 3190; x_wconf 90' lang='lat' dir='ltr'><strong>civitatis</strong></span> <span class='ocrx_word' id='word_1_193' title='bbox 1240 3145 1276 3188; x_wconf 93' lang='lat' dir='ltr'><strong>ac</strong></span> <span class='ocrx_word' id='word_1_194' title='bbox 1298 3130 1392 3188; x_wconf 90' lang='lat' dir='ltr'><strong>rebus</strong></span> <span class='ocrx_word' id='word_1_195' title='bbox 1415 3131 1445 3185; x_wconf 91' lang='lat' dir='ltr'><strong>et</strong></span> 
     </span>
     <span class='ocr_line' id='line_1_25' title="bbox 177 3234 1443 3312; baseline -0.003 -17"><span class='ocrx_word' id='word_1_196' title='bbox 177 3236 268 3295; x_wconf 87' lang='lat' dir='ltr'><strong>bonis</strong></span> <span class='ocrx_word' id='word_1_197' title='bbox 291 3238 433 3312; x_wconf 90' lang='lat' dir='ltr'><strong>ipsorum</strong></span> <span class='ocrx_word' id='word_1_198' title='bbox 465 3237 583 3296; x_wconf 88' lang='lat' dir='ltr'><strong>tamdiu</strong></span> <span class='ocrx_word' id='word_1_199' title='bbox 608 3238 758 3296; x_wconf 88' lang='lat' dir='ltr'><strong>inhibitus</strong></span> <span class='ocrx_word' id='word_1_200' title='bbox 780 3243 810 3295; x_wconf 90' lang='lat' dir='ltr'><strong>et</strong></span> <span class='ocrx_word' id='word_1_201' title='bbox 833 3244 984 3295; x_wconf 80' lang='lat' dir='ltr'><strong>arestatus</strong></span> <span class='ocrx_word' id='word_1_202' title='bbox 1008 3237 1124 3309; x_wconf 83' lang='lat' dir='ltr'><strong>fuisset,</strong></span> <span class='ocrx_word' id='word_1_203' title='bbox 1148 3252 1310 3312; x_wconf 89' lang='lat' dir='ltr'><strong>quousque</strong></span> <span class='ocrx_word' id='word_1_204' title='bbox 1333 3234 1443 3293; x_wconf 90' lang='lat' dir='ltr'><strong>eadem</strong></span> 
     </span>
     <span class='ocr_line' id='line_1_26' title="bbox 177 3342 1444 3418; baseline -0.001 -17"><span class='ocrx_word' id='word_1_205' title='bbox 177 3342 217 3402; x_wconf 83' lang='lat' dir='ltr'><strong>iis</strong></span> <span class='ocrx_word' id='word_1_206' title='bbox 239 3350 269 3402; x_wconf 89' lang='lat' dir='ltr'><strong>et</strong></span> <span class='ocrx_word' id='word_1_207' title='bbox 293 3346 461 3417; x_wconf 89' lang='lat' dir='ltr'><strong>questionis</strong></span> <span class='ocrx_word' id='word_1_208' title='bbox 484 3346 614 3403; x_wconf 88' lang='lat' dir='ltr'><strong>materia</strong></span> <span class='ocrx_word' id='word_1_209' title='bbox 637 3345 759 3403; x_wconf 90' lang='lat' dir='ltr'><strong>racione</strong></span> <span class='ocrx_word' id='word_1_210' title='bbox 782 3344 922 3403; x_wconf 89' lang='lat' dir='ltr'><strong>eiusdem</strong></span> <span class='ocrx_word' id='word_1_211' title='bbox 945 3346 1053 3403; x_wconf 89' lang='lat' dir='ltr'><strong>tributi</strong></span> <span class='ocrx_word' id='word_1_212' title='bbox 1075 3346 1153 3403; x_wconf 92' lang='lat' dir='ltr'><strong>inter</strong></span> <span class='ocrx_word' id='word_1_213' title='bbox 1176 3345 1261 3418; x_wconf 92' lang='lat' dir='ltr'><strong>ipsos</strong></span> <span class='ocrx_word' id='word_1_214' title='bbox 1284 3342 1386 3401; x_wconf 90' lang='lat' dir='ltr'><strong>decisa</strong></span> <span class='ocrx_word' id='word_1_215' title='bbox 1414 3346 1444 3400; x_wconf 91' lang='lat' dir='ltr'><strong>et</strong></span> 
     </span>
     <span class='ocr_line' id='line_1_27' title="bbox 179 3450 1444 3526; baseline -0.002 -18"><span class='ocrx_word' id='word_1_216' title='bbox 179 3451 343 3509; x_wconf 90' lang='lat' dir='ltr'><strong>terminata</strong></span> <span class='ocrx_word' id='word_1_217' title='bbox 366 3451 480 3510; x_wconf 85' lang='lat' dir='ltr'><strong>fuisset.</strong></span> <span class='ocrx_word' id='word_1_218' title='bbox 504 3452 622 3510; x_wconf 89' lang='lat' dir='ltr'><strong>Tamen</strong></span> <span class='ocrx_word' id='word_1_219' title='bbox 650 3451 734 3509; x_wconf 91' lang='lat' dir='ltr'><strong>idem</strong></span> <span class='ocrx_word' id='word_1_220' title='bbox 757 3451 911 3524; x_wconf 85' lang='lat' dir='ltr'><strong>Hennyng</strong></span> <span class='ocrx_word' id='word_1_221' title='bbox 933 3466 995 3510; x_wconf 90' lang='lat' dir='ltr'><strong>non</strong></span> <span class='ocrx_word' id='word_1_222' title='bbox 1032 3456 1192 3526; x_wconf 82' lang='lat' dir='ltr'><strong>expectata</strong></span> <span class='ocrx_word' id='word_1_223' title='bbox 1227 3450 1381 3509; x_wconf 90' lang='lat' dir='ltr'><strong>decisione</strong></span> <span class='ocrx_word' id='word_1_224' title='bbox 1414 3453 1444 3507; x_wconf 90' lang='lat' dir='ltr'><strong>et</strong></span> 
     </span>
     <span class='ocr_line' id='line_1_28' title="bbox 178 3557 1442 3633; baseline -0.001 -19"><span class='ocrx_word' id='word_1_225' title='bbox 178 3557 399 3615; x_wconf 89' lang='lat' dir='ltr'><strong>terminacione</strong></span> <span class='ocrx_word' id='word_1_226' title='bbox 414 3558 512 3632; x_wconf 88' lang='lat' dir='ltr'><strong>ipsius</strong></span> <span class='ocrx_word' id='word_1_227' title='bbox 535 3559 599 3617; x_wconf 86' lang='lat' dir='ltr'><strong>litis</strong></span> <span class='ocrx_word' id='word_1_228' title='bbox 615 3574 667 3617; x_wconf 89' lang='lat' dir='ltr'><strong>seu</strong></span> <span class='ocrx_word' id='word_1_229' title='bbox 691 3574 782 3616; x_wconf 89' lang='lat' dir='ltr'><strong>cause</strong></span> <span class='ocrx_word' id='word_1_230' title='bbox 798 3558 861 3630; x_wconf 92' lang='lat' dir='ltr'><strong>sed,</strong></span> <span class='ocrx_word' id='word_1_231' title='bbox 877 3563 910 3616; x_wconf 91' lang='lat' dir='ltr'><strong>ut</strong></span> <span class='ocrx_word' id='word_1_232' title='bbox 926 3559 1106 3633; x_wconf 88' lang='lat' dir='ltr'><strong>predicitur,</strong></span> <span class='ocrx_word' id='word_1_233' title='bbox 1130 3559 1209 3617; x_wconf 83' lang='lat' dir='ltr'><strong>inter</strong></span> <span class='ocrx_word' id='word_1_234' title='bbox 1232 3559 1316 3633; x_wconf 90' lang='lat' dir='ltr'><strong>ipsos</strong></span> <span class='ocrx_word' id='word_1_235' title='bbox 1332 3557 1442 3616; x_wconf 91' lang='lat' dir='ltr'><strong>eadem</strong></span> 
     </span>
     <span class='ocr_line' id='line_1_29' title="bbox 178 3661 1444 3740; baseline 0.002 -20"><span class='ocrx_word' id='word_1_236' title='bbox 178 3661 233 3721; x_wconf 92' lang='lat' dir='ltr'><strong>lite</strong></span> <span class='ocrx_word' id='word_1_237' title='bbox 256 3679 309 3721; x_wconf 91' lang='lat' dir='ltr'><strong>seu</strong></span> <span class='ocrx_word' id='word_1_238' title='bbox 334 3679 424 3722; x_wconf 89' lang='lat' dir='ltr'><strong>causa</strong></span> <span class='ocrx_word' id='word_1_239' title='bbox 449 3665 609 3739; x_wconf 91' lang='lat' dir='ltr'><strong>pendente,</strong></span> <span class='ocrx_word' id='word_1_240' title='bbox 633 3664 752 3724; x_wconf 92' lang='lat' dir='ltr'><strong>dictum</strong></span> <span class='ocrx_word' id='word_1_241' title='bbox 775 3666 927 3724; x_wconf 91' lang='lat' dir='ltr'><strong>tributum</strong></span> <span class='ocrx_word' id='word_1_242' title='bbox 951 3667 992 3724; x_wconf 91' lang='lat' dir='ltr'><strong>ab</strong></span> <span class='ocrx_word' id='word_1_243' title='bbox 1016 3667 1133 3724; x_wconf 91' lang='lat' dir='ltr'><strong>eisdem</strong></span> <span class='ocrx_word' id='word_1_244' title='bbox 1158 3665 1384 3740; x_wconf 86' lang='lat' dir='ltr'><strong>exponentibus</strong></span> <span class='ocrx_word' id='word_1_245' title='bbox 1408 3678 1444 3722; x_wconf 91' lang='lat' dir='ltr'><strong>ac</strong></span> 
     </span>
     <span class='ocr_line' id='line_1_30' title="bbox 176 3769 1444 3846; baseline -0.001 -18"><span class='ocrx_word' id='word_1_246' title='bbox 176 3769 271 3828; x_wconf 87' lang='lat' dir='ltr'><strong>rebus</strong></span> <span class='ocrx_word' id='word_1_247' title='bbox 287 3776 316 3828; x_wconf 89' lang='lat' dir='ltr'><strong>et</strong></span> <span class='ocrx_word' id='word_1_248' title='bbox 333 3771 423 3830; x_wconf 91' lang='lat' dir='ltr'><strong>bonis</strong></span> <span class='ocrx_word' id='word_1_249' title='bbox 446 3771 627 3830; x_wconf 90' lang='lat' dir='ltr'><strong>eorumdem</strong></span> <span class='ocrx_word' id='word_1_250' title='bbox 651 3786 709 3846; x_wconf 91' lang='lat' dir='ltr'><strong>pro</strong></span> <span class='ocrx_word' id='word_1_251' title='bbox 725 3787 758 3830; x_wconf 90' lang='lat' dir='ltr'><strong>se</strong></span> <span class='ocrx_word' id='word_1_252' title='bbox 774 3772 843 3846; x_wconf 86' lang='lat' dir='ltr'><strong>ipso</strong></span> <span class='ocrx_word' id='word_1_253' title='bbox 858 3773 954 3846; x_wconf 91' lang='lat' dir='ltr'><strong>recipi</strong></span> <span class='ocrx_word' id='word_1_254' title='bbox 970 3780 1000 3832; x_wconf 89' lang='lat' dir='ltr'><strong>et</strong></span> <span class='ocrx_word' id='word_1_255' title='bbox 1015 3774 1097 3845; x_wconf 85' lang='lat' dir='ltr'><strong>exigi</strong></span> <span class='ocrx_word' id='word_1_256' title='bbox 1113 3772 1245 3846; x_wconf 86' lang='lat' dir='ltr'><strong>fecisset,</strong></span> <span class='ocrx_word' id='word_1_257' title='bbox 1270 3771 1444 3843; x_wconf 83' lang='lat' dir='ltr'><strong>laceretque</strong></span> 
     </span>
     <span class='ocr_line' id='line_1_31' title="bbox 178 3875 1444 3953; baseline -0.001 -19"><span class='ocrx_word' id='word_1_258' title='bbox 178 3876 276 3945; x_wconf 78' lang='lat' dir='ltr'><strong>eciam</strong></span> <span class='ocrx_word' id='word_1_259' title='bbox 300 3875 339 3935; x_wconf 93' lang='lat' dir='ltr'><strong>de</strong></span> <span class='ocrx_word' id='word_1_260' title='bbox 355 3879 490 3951; x_wconf 89' lang='lat' dir='ltr'><strong>presenti</strong></span> <span class='ocrx_word' id='word_1_261' title='bbox 524 3879 665 3953; x_wconf 90' lang='lat' dir='ltr'><strong>potencia</strong></span> <span class='ocrx_word' id='word_1_262' title='bbox 688 3878 851 3951; x_wconf 88' lang='lat' dir='ltr'><strong>mediante,</strong></span> <span class='ocrx_word' id='word_1_263' title='bbox 874 3880 905 3937; x_wconf 91' lang='lat' dir='ltr'><strong>in</strong></span> <span class='ocrx_word' id='word_1_264' title='bbox 929 3879 1136 3953; x_wconf 90' lang='lat' dir='ltr'><strong>preiudicium</strong></span> <span class='ocrx_word' id='word_1_265' title='bbox 1157 3879 1312 3937; x_wconf 90' lang='lat' dir='ltr'><strong>dictorum</strong></span> <span class='ocrx_word' id='word_1_266' title='bbox 1327 3877 1444 3934; x_wconf 83' lang='lat' dir='ltr'><strong>civium</strong></span> 
     </span>
     <span class='ocr_line' id='line_1_32' title="bbox 178 3981 1445 4060; baseline 0.001 -19"><span class='ocrx_word' id='word_1_267' title='bbox 178 3988 209 4041; x_wconf 86' lang='lat' dir='ltr'><strong>et</strong></span> <span class='ocrx_word' id='word_1_268' title='bbox 232 3981 407 4058; x_wconf 90' lang='lat' dir='ltr'><strong>dampnum</strong></span> <span class='ocrx_word' id='word_1_269' title='bbox 430 3985 637 4044; x_wconf 79' lang='lat' dir='ltr'><strong>manifestum.</strong></span> <span class='ocrx_word' id='word_1_270' title='bbox 670 3985 785 4044; x_wconf 91' lang='lat' dir='ltr'><strong>Datum</strong></span> <span class='ocrx_word' id='word_1_271' title='bbox 809 3986 961 4059; x_wconf 89' lang='lat' dir='ltr'><strong>Zagrabie</strong></span> <span class='ocrx_word' id='word_1_272' title='bbox 983 3986 1060 4045; x_wconf 84' lang='lat' dir='ltr'><strong>feria</strong></span> <span class='ocrx_word' id='word_1_273' title='bbox 1085 3986 1176 4044; x_wconf 87' lang='lat' dir='ltr'><strong>tercia</strong></span> <span class='ocrx_word' id='word_1_274' title='bbox 1201 3984 1343 4060; x_wconf 87' lang='lat' dir='ltr'><strong>proxima</strong></span> <span class='ocrx_word' id='word_1_275' title='bbox 1374 3987 1445 4042; x_wconf 92' lang='lat' dir='ltr'><strong>ante</strong></span> 
     </span>
     <span class='ocr_line' id='line_1_33' title="bbox 178 4087 1444 4165; baseline -0.001 -18"><span class='ocrx_word' id='word_1_276' title='bbox 178 4087 294 4149; x_wconf 82' lang='lat' dir='ltr'><strong>festum</strong></span> <span class='ocrx_word' id='word_1_277' title='bbox 318 4091 408 4149; x_wconf 89' lang='lat' dir='ltr'><strong>beate</strong></span> <span class='ocrx_word' id='word_1_278' title='bbox 437 4091 531 4150; x_wconf 90' lang='lat' dir='ltr'><strong>Elene</strong></span> <span class='ocrx_word' id='word_1_279' title='bbox 553 4092 666 4165; x_wconf 87' lang='lat' dir='ltr'><strong>regine.</strong></span> <span class='ocrx_word' id='word_1_280' title='bbox 692 4093 781 4151; x_wconf 84' lang='lat' dir='ltr'><strong>Anno</strong></span> <span class='ocrx_word' id='word_1_281' title='bbox 805 4092 924 4151; x_wconf 87' lang='lat' dir='ltr'><strong>domini</strong></span> <span class='ocrx_word' id='word_1_282' title='bbox 948 4092 1115 4150; x_wconf 88' lang='lat' dir='ltr'><strong>Millesimo</strong></span> <span class='ocrx_word' id='word_1_283' title='bbox 1140 4089 1444 4164; x_wconf 86' lang='lat' dir='ltr'><strong>quadringentesimo</strong></span> 
     </span>
     <span class='ocr_line' id='line_1_34' title="bbox 178 4195 571 4274; baseline 0.01 -20"><span class='ocrx_word' id='word_1_284' title='bbox 178 4195 437 4270; x_wconf 87' lang='lat' dir='ltr'><strong>quinquagesimo</strong></span> <span class='ocrx_word' id='word_1_285' title='bbox 460 4201 571 4274; x_wconf 88' lang='lat' dir='ltr'><strong>primo.</strong></span> 
     </span>
    </p>
   </div>
   <div class='ocr_carea' id='block_1_7' title="bbox 178 4385 1443 4541">
    <p class='ocr_par' dir='ltr' id='par_1_7' title="bbox 178 4385 1443 4541">
     <span class='ocr_line' id='line_1_35' title="bbox 284 4385 1443 4452; baseline -0.003 -16"><span class='ocrx_word' id='word_1_286' title='bbox 284 4387 419 4452; x_wconf 80' lang='lat' dir='ltr'><strong>Originale</strong></span> <span class='ocrx_word' id='word_1_287' title='bbox 437 4388 464 4437; x_wconf 88' lang='lat' dir='ltr'><strong>in</strong></span> <span class='ocrx_word' id='word_1_288' title='bbox 483 4389 579 4440; x_wconf 81' lang='lat' dir='ltr'><strong>charta.</strong></span> <span class='ocrx_word' id='word_1_289' title='bbox 600 4389 746 4452; x_wconf 84' lang='lat' dir='ltr'><strong>Vestigium</strong></span> <span class='ocrx_word' id='word_1_290' title='bbox 766 4389 873 4438; x_wconf 87' lang='lat' dir='ltr'><strong>duorum</strong></span> <span class='ocrx_word' id='word_1_291' title='bbox 892 4388 1035 4452; x_wconf 83' lang='lat' dir='ltr'><strong>sigillorum</strong></span> <span class='ocrx_word' id='word_1_292' title='bbox 1055 4394 1178 4452; x_wconf 84' lang='lat' dir='ltr'><strong>apparent</strong></span> <span class='ocrx_word' id='word_1_293' title='bbox 1197 4402 1212 4434; x_wconf 84' lang='lat' dir='ltr'><strong>a</strong></span> <span class='ocrx_word' id='word_1_294' title='bbox 1231 4393 1310 4448; x_wconf 83' lang='lat' dir='ltr'><strong>tergo.</strong></span> <span class='ocrx_word' id='word_1_295' title='bbox 1330 4386 1361 4433; x_wconf 88' lang='lat' dir='ltr'><strong>Iu</strong></span> <span class='ocrx_word' id='word_1_296' title='bbox 1374 4385 1443 4434; x_wconf 88' lang='lat' dir='ltr'><strong>arch.</strong></span> 
     </span>
     <span class='ocr_line' id='line_1_36' title="bbox 178 4474 484 4541; baseline 0.003 -16"><span class='ocrx_word' id='word_1_297' title='bbox 178 4474 224 4528; x_wconf 87' lang='lat' dir='ltr'><strong>iib.</strong></span> <span class='ocrx_word' id='word_1_298' title='bbox 244 4492 297 4541; x_wconf 82' lang='lat' dir='ltr'><strong>reg.</strong></span> <span class='ocrx_word' id='word_1_299' title='bbox 318 4477 366 4527; x_wconf 83' lang='lat' dir='ltr'><strong>civ.</strong></span> <span class='ocrx_word' id='word_1_300' title='bbox 385 4477 484 4541; x_wconf 82' lang='lat' dir='ltr'><strong>zagrab.</strong></span> 
     </span>
    </p>
   </div>
   <div class='ocr_carea' id='block_1_8' title="bbox 0 0 1644 5348">
    <p class='ocr_par' dir='ltr' id='par_1_8' title="bbox 0 0 1644 5348">
     <span class='ocr_line' id='line_1_37' title="bbox 0 0 1644 5348; baseline 0 0"><span class='ocrx_word' id='word_1_301' title='bbox 0 0 1644 5348; x_wconf 95' lang='lat' dir='ltr'><strong> </strong></span> 
     </span>
    </p>
   </div>
  </div>
 </body>
</html>
