<?xml version="1.0" encoding="UTF-8"?>
<!DOCTYPE html PUBLIC "-//W3C//DTD XHTML 1.0 Transitional//EN"
    "http://www.w3.org/TR/xhtml1/DTD/xhtml1-transitional.dtd">
<html xmlns="http://www.w3.org/1999/xhtml" xml:lang="en" lang="en">
 <head>
  <title>
</title>
<meta http-equiv="Content-Type" content="text/html;charset=utf-8" />
  <meta name='ocr-system' content='tesseract 3.04.00' />
  <meta name='ocr-capabilities' content='ocr_page ocr_carea ocr_par ocr_line ocrx_word'/>
</head>
<body>
  <div class='ocr_page' id='page_1' title='image "./monumentahistor01laszgoog_0624.png"; bbox 0 0 3278 5348; ppageno 0'>
   <div class='ocr_carea' id='block_1_1' title="bbox 233 437 1512 4341">
    <p class='ocr_par' dir='ltr' id='par_1_1' title="bbox 238 437 1087 521">
     <span class='ocr_line' id='line_1_1' title="bbox 238 437 1087 521; baseline -0.008 -16"><span class='ocrx_word' id='word_1_1' title='bbox 238 446 303 521; x_wconf 81' lang='lat'><strong>356</strong></span> <span class='ocrx_word' id='word_1_2' title='bbox 660 443 733 501; x_wconf 86' lang='lat' dir='ltr'><strong>Doc.</strong></span> <span class='ocrx_word' id='word_1_3' title='bbox 756 437 828 518; x_wconf 86' lang='lat'><em>285.</em></span> <span class='ocrx_word' id='word_1_4' title='bbox 855 473 894 486; x_wconf 90' lang='lat'>-</span> <span class='ocrx_word' id='word_1_5' title='bbox 917 441 974 500; x_wconf 71' lang='lat' dir='ltr'><strong>Art</strong></span> <span class='ocrx_word' id='word_1_6' title='bbox 998 450 1087 519; x_wconf 75' lang='lat'><em>1473.</em></span> 
     </span>
    </p>

    <p class='ocr_par' dir='ltr' id='par_1_2' title="bbox 233 656 1512 4341">
     <span class='ocr_line' id='line_1_2' title="bbox 240 656 1512 733; baseline -0.002 -16"><span class='ocrx_word' id='word_1_7' title='bbox 240 659 327 719; x_wconf 92' lang='lat' dir='ltr'><strong>modi</strong></span> <span class='ocrx_word' id='word_1_8' title='bbox 350 660 392 718; x_wconf 92' lang='lat' dir='ltr'><strong>ita</strong></span> <span class='ocrx_word' id='word_1_9' title='bbox 421 675 487 718; x_wconf 90' lang='lat' dir='ltr'><strong>esse</strong></span> <span class='ocrx_word' id='word_1_10' title='bbox 517 660 702 733; x_wconf 90' lang='lat' dir='ltr'><strong>repereritis,</strong></span> <span class='ocrx_word' id='word_1_11' title='bbox 733 657 862 732; x_wconf 88' lang='lat' dir='ltr'><strong>prefatis</strong></span> <span class='ocrx_word' id='word_1_12' title='bbox 897 659 995 732; x_wconf 87' lang='lat' dir='ltr'>priori</span> <span class='ocrx_word' id='word_1_13' title='bbox 1028 664 1059 715; x_wconf 93' lang='lat' dir='ltr'><strong>et</strong></span> <span class='ocrx_word' id='word_1_14' title='bbox 1082 656 1235 715; x_wconf 88' lang='lat' dir='ltr'><strong>fratribus</strong></span> <span class='ocrx_word' id='word_1_15' title='bbox 1260 657 1398 716; x_wconf 91' lang='lat' dir='ltr'><strong>domurn</strong></span> <span class='ocrx_word' id='word_1_16' title='bbox 1420 658 1512 715; x_wconf 88' lang='lat' dir='ltr'><strong>sancti</strong></span> 
     </span>
     <span class='ocr_line' id='line_1_3' title="bbox 239 761 1511 840; baseline -0.004 -15"><span class='ocrx_word' id='word_1_17' title='bbox 239 765 383 825; x_wconf 89' lang='lat' dir='ltr'><strong>Nicholai</strong></span> <span class='ocrx_word' id='word_1_18' title='bbox 406 764 577 840; x_wconf 88' lang='lat' dir='ltr'>predictam</span> <span class='ocrx_word' id='word_1_19' title='bbox 608 764 778 837; x_wconf 92' lang='lat' dir='ltr'><strong>deserendi,</strong></span> <span class='ocrx_word' id='word_1_20' title='bbox 813 763 974 837; x_wconf 89' lang='lat' dir='ltr'><strong>illamque,</strong></span> <span class='ocrx_word' id='word_1_21' title='bbox 1004 763 1134 822; x_wconf 89' lang='lat' dir='ltr'><strong>ecclesia</strong></span> <span class='ocrx_word' id='word_1_22' title='bbox 1169 761 1338 821; x_wconf 81' lang='lat' dir='ltr'><strong>dumtaxat</strong></span> <span class='ocrx_word' id='word_1_23' title='bbox 1374 770 1511 836; x_wconf 79' lang='lat' dir='ltr'><strong>excepta,</strong></span> 
     </span>
     <span class='ocr_line' id='line_1_4' title="bbox 240 868 1506 965; baseline -0.003 -35"><span class='ocrx_word' id='word_1_24' title='bbox 240 871 379 931; x_wconf 88' lang='lat' dir='ltr'><strong>funditus</strong></span> <span class='ocrx_word' id='word_1_25' title='bbox 409 871 598 930; x_wconf 88' lang='lat' dir='ltr'><strong>demoliendi</strong></span> <span class='ocrx_word' id='word_1_26' title='bbox 627 876 657 929; x_wconf 92' lang='lat' dir='ltr'><strong>et</strong></span> <span class='ocrx_word' id='word_1_27' title='bbox 688 885 783 929; x_wconf 92' lang='lat' dir='ltr'><strong>unam</strong></span> <span class='ocrx_word' id='word_1_28' title='bbox 814 869 945 965; x_wconf 60' lang='lat' dir='ltr'><strong>domtgm</strong></span> <span class='ocrx_word' id='word_1_29' title='bbox 976 868 1049 928; x_wconf 89' lang='lat' dir='ltr'><strong>dicti</strong></span> <span class='ocrx_word' id='word_1_30' title='bbox 1078 868 1196 927; x_wconf 84' lang='lat' dir='ltr'>ordinis</span> <span class='ocrx_word' id='word_1_31' title='bbox 1219 868 1308 942; x_wconf 89' lang='lat' dir='ltr'><strong>apud</strong></span> <span class='ocrx_word' id='word_1_32' title='bbox 1333 869 1506 944; x_wconf 86' lang='lat' dir='ltr'>predictam</span> 
     </span>
     <span class='ocr_line' id='line_1_5' title="bbox 238 974 1506 1052; baseline -0.003 -16"><span class='ocrx_word' id='word_1_33' title='bbox 238 978 394 1052; x_wconf 92' lang='lat' dir='ltr'><strong>capellam</strong></span> <span class='ocrx_word' id='word_1_34' title='bbox 417 994 488 1036; x_wconf 89' lang='lat' dir='ltr'><strong>cum</strong></span> <span class='ocrx_word' id='word_1_35' title='bbox 512 978 656 1048; x_wconf 86' lang='lat' dir='ltr'><strong>claustr0,</strong></span> <span class='ocrx_word' id='word_1_36' title='bbox 680 976 868 1047; x_wconf 92' lang='lat' dir='ltr'><strong>coemiterio,</strong></span> <span class='ocrx_word' id='word_1_37' title='bbox 892 974 1085 1048; x_wconf 83' lang='lat' dir='ltr'><strong>dormitorio,</strong></span> <span class='ocrx_word' id='word_1_38' title='bbox 1109 974 1284 1046; x_wconf 90' lang='lat' dir='ltr'><strong>refectorio,</strong></span> <span class='ocrx_word' id='word_1_39' title='bbox 1309 976 1422 1047; x_wconf 84' lang='lat' dir='ltr'><strong>hortis,</strong></span> <span class='ocrx_word' id='word_1_40' title='bbox 1438 976 1506 1033; x_wconf 93' lang='lat' dir='ltr'><strong>hor·</strong></span> 
     </span>
     <span class='ocr_line' id='line_1_6' title="bbox 241 1081 1507 1156; baseline -0.003 -14"><span class='ocrx_word' id='word_1_41' title='bbox 241 1084 352 1142; x_wconf 89' lang='lat' dir='ltr'><strong>taliciis</strong></span> <span class='ocrx_word' id='word_1_42' title='bbox 377 1089 408 1142; x_wconf 92' lang='lat' dir='ltr'><strong>et</strong></span> <span class='ocrx_word' id='word_1_43' title='bbox 431 1084 500 1141; x_wconf 91' lang='lat' dir='ltr'><strong>aliis</strong></span> <span class='ocrx_word' id='word_1_44' title='bbox 522 1084 690 1142; x_wconf 88' lang='lat' dir='ltr'><strong>necessaris</strong></span> <span class='ocrx_word' id='word_1_45' title='bbox 714 1082 856 1153; x_wconf 83' lang='lat' dir='ltr'><strong>officinis,</strong></span> <span class='ocrx_word' id='word_1_46' title='bbox 879 1081 999 1154; x_wconf 90' lang='lat' dir='ltr'>absque</span> <span class='ocrx_word' id='word_1_47' title='bbox 1021 1081 1151 1140; x_wconf 91' lang='lat' dir='ltr'><strong>alicuius</strong></span> <span class='ocrx_word' id='word_1_48' title='bbox 1168 1081 1355 1156; x_wconf 88' lang='lat' dir='ltr'><strong>preiudici0‚</strong></span> <span class='ocrx_word' id='word_1_49' title='bbox 1371 1087 1507 1140; x_wconf 91' lang='lat' dir='ltr'><strong>constru-</strong></span> 
     </span>
     <span class='ocr_line' id='line_1_7' title="bbox 241 1187 1510 1262; baseline -0.003 -14"><span class='ocrx_word' id='word_1_50' title='bbox 241 1190 321 1258; x_wconf 89' lang='lat' dir='ltr'><strong>endi,</strong></span> <span class='ocrx_word' id='word_1_51' title='bbox 347 1206 382 1247; x_wconf 93' lang='lat' dir='ltr'><strong>ac</strong></span> <span class='ocrx_word' id='word_1_52' title='bbox 406 1191 481 1247; x_wconf 91' lang='lat' dir='ltr'><strong>inibi</strong></span> <span class='ocrx_word' id='word_1_53' title='bbox 518 1204 649 1262; x_wconf 90' lang='lat' dir='ltr'><strong>corpora</strong></span> <span class='ocrx_word' id='word_1_54' title='bbox 673 1187 889 1247; x_wconf 89' lang='lat' dir='ltr'><strong>defunctorum</strong></span> <span class='ocrx_word' id='word_1_55' title='bbox 920 1188 1039 1262; x_wconf 85' lang='lat' dir='ltr'>absque</span> <span class='ocrx_word' id='word_1_56' title='bbox 1061 1188 1193 1246; x_wconf 90' lang='lat' dir='ltr'><strong>alicuius</strong></span> <span class='ocrx_word' id='word_1_57' title='bbox 1215 1188 1345 1247; x_wconf 91' lang='lat' dir='ltr'><strong>licentia</strong></span> <span class='ocrx_word' id='word_1_58' title='bbox 1370 1188 1422 1246; x_wconf 85' lang='lat' dir='ltr'><strong>vel</strong></span> <span class='ocrx_word' id='word_1_59' title='bbox 1445 1202 1510 1245; x_wconf 90' lang='lat' dir='ltr'><strong>con·</strong></span> 
     </span>
     <span class='ocr_line' id='line_1_8' title="bbox 239 1294 1510 1369; baseline -0.004 -15"><span class='ocrx_word' id='word_1_60' title='bbox 239 1312 330 1354; x_wconf 92' lang='lat' dir='ltr'><strong>sensu</strong></span> <span class='ocrx_word' id='word_1_61' title='bbox 361 1295 542 1369; x_wconf 90' lang='lat' dir='ltr'><strong>sepeliendi,</strong></span> <span class='ocrx_word' id='word_1_62' title='bbox 576 1294 793 1368; x_wconf 89' lang='lat' dir='ltr'><strong>prefatamque</strong></span> <span class='ocrx_word' id='word_1_63' title='bbox 827 1296 982 1369; x_wconf 91' lang='lat' dir='ltr'><strong>capellam</strong></span> <span class='ocrx_word' id='word_1_64' title='bbox 1017 1310 1089 1352; x_wconf 91' lang='lat' dir='ltr'><strong>cum</strong></span> <span class='ocrx_word' id='word_1_65' title='bbox 1122 1294 1293 1368; x_wconf 86' lang='lat' dir='ltr'><strong>campanili</strong></span> <span class='ocrx_word' id='word_1_66' title='bbox 1329 1295 1446 1353; x_wconf 91' lang='lat' dir='ltr'><strong>humili</strong></span> <span class='ocrx_word' id='word_1_67' title='bbox 1478 1309 1510 1350; x_wconf 90' lang='lat' dir='ltr'><strong>ac</strong></span> 
     </span>
     <span class='ocr_line' id='line_1_9' title="bbox 239 1399 1511 1476; baseline -0.003 -16"><span class='ocrx_word' id='word_1_68' title='bbox 239 1417 392 1476; x_wconf 89' lang='lat' dir='ltr'><strong>campana</strong></span> <span class='ocrx_word' id='word_1_69' title='bbox 429 1402 601 1476; x_wconf 85' lang='lat' dir='ltr'><strong>ampliandi</strong></span> <span class='ocrx_word' id='word_1_70' title='bbox 632 1408 662 1459; x_wconf 91' lang='lat' dir='ltr'><strong>et</strong></span> <span class='ocrx_word' id='word_1_71' title='bbox 693 1401 884 1460; x_wconf 88' lang='lat' dir='ltr'><strong>reformandi</strong></span> <span class='ocrx_word' id='word_1_72' title='bbox 914 1402 1001 1458; x_wconf 84' lang='lat' dir='ltr'><strong>iuxta</strong></span> <span class='ocrx_word' id='word_1_73' title='bbox 1030 1401 1172 1475; x_wconf 89' lang='lat' dir='ltr'><strong>ipsorum</strong></span> <span class='ocrx_word' id='word_1_74' title='bbox 1203 1399 1341 1458; x_wconf 76' lang='lat' dir='ltr'><strong>fratrum</strong></span> <span class='ocrx_word' id='word_1_75' title='bbox 1374 1401 1453 1458; x_wconf 89' lang='lat' dir='ltr'><strong>ritus</strong></span> <span class='ocrx_word' id='word_1_76' title='bbox 1483 1404 1511 1456; x_wconf 92' lang='lat' dir='ltr'><strong>et</strong></span> 
     </span>
     <span class='ocr_line' id='line_1_10' title="bbox 240 1506 1510 1579; baseline -0.004 -13"><span class='ocrx_word' id='word_1_77' title='bbox 240 1523 350 1579; x_wconf 90' lang='lat' dir='ltr'><strong>mores,</strong></span> <span class='ocrx_word' id='word_1_78' title='bbox 382 1524 417 1565; x_wconf 91' lang='lat' dir='ltr'><strong>ac</strong></span> <span class='ocrx_word' id='word_1_79' title='bbox 451 1508 490 1565; x_wconf 89' lang='lat' dir='ltr'><strong>ad</strong></span> <span class='ocrx_word' id='word_1_80' title='bbox 522 1510 611 1566; x_wconf 91' lang='lat' dir='ltr'><strong>illam</strong></span> <span class='ocrx_word' id='word_1_81' title='bbox 641 1524 713 1565; x_wconf 91' lang='lat' dir='ltr'><strong>cum</strong></span> <span class='ocrx_word' id='word_1_82' title='bbox 743 1508 889 1566; x_wconf 90' lang='lat' dir='ltr'><strong>omnibus</strong></span> <span class='ocrx_word' id='word_1_83' title='bbox 919 1507 1010 1565; x_wconf 93' lang='lat' dir='ltr'><strong>bonis</strong></span> <span class='ocrx_word' id='word_1_84' title='bbox 1042 1507 1214 1565; x_wconf 90' lang='lat' dir='ltr'><strong>mobilibus</strong></span> <span class='ocrx_word' id='word_1_85' title='bbox 1236 1512 1267 1564; x_wconf 90' lang='lat' dir='ltr'><strong>et</strong></span> <span class='ocrx_word' id='word_1_86' title='bbox 1287 1506 1510 1565; x_wconf 83' lang='lat' dir='ltr'><strong>immobilibus</strong></span> 
     </span>
     <span class='ocr_line' id='line_1_11' title="bbox 239 1611 1508 1689; baseline -0.003 -18"><span class='ocrx_word' id='word_1_87' title='bbox 239 1615 401 1685; x_wconf 89' lang='lat' dir='ltr'><strong>localibus,</strong></span> <span class='ocrx_word' id='word_1_88' title='bbox 433 1613 554 1689; x_wconf 89' lang='lat' dir='ltr'><strong>juribus</strong></span> <span class='ocrx_word' id='word_1_89' title='bbox 586 1623 615 1672; x_wconf 91' lang='lat' dir='ltr'><strong>et</strong></span> <span class='ocrx_word' id='word_1_90' title='bbox 648 1615 841 1688; x_wconf 73' lang='lat' dir='ltr'><strong>pertinentiis</strong></span> <span class='ocrx_word' id='word_1_91' title='bbox 872 1611 1012 1670; x_wconf 90' lang='lat' dir='ltr'><strong>eiusdem</strong></span> <span class='ocrx_word' id='word_1_92' title='bbox 1041 1612 1153 1670; x_wconf 92' lang='lat' dir='ltr'><strong>domus</strong></span> <span class='ocrx_word' id='word_1_93' title='bbox 1184 1612 1281 1670; x_wconf 91' lang='lat' dir='ltr'><strong>sancti</strong></span> <span class='ocrx_word' id='word_1_94' title='bbox 1306 1611 1455 1669; x_wconf 90' lang='lat' dir='ltr'><strong>Nicholai</strong></span> <span class='ocrx_word' id='word_1_95' title='bbox 1478 1627 1508 1667; x_wconf 87' lang='lat' dir='ltr'><strong>se</strong></span> 
     </span>
     <span class='ocr_line' id='line_1_12' title="bbox 239 1717 1508 1794; baseline -0.002 -18"><span class='ocrx_word' id='word_1_96' title='bbox 239 1719 442 1777; x_wconf 84' lang='lat' dir='ltr'><strong>transferendi</strong></span> <span class='ocrx_word' id='word_1_97' title='bbox 474 1728 504 1777; x_wconf 87' lang='lat' dir='ltr'><strong>et</strong></span> <span class='ocrx_word' id='word_1_98' title='bbox 534 1727 687 1794; x_wconf 91' lang='lat' dir='ltr'><strong>perpetuo</strong></span> <span class='ocrx_word' id='word_1_99' title='bbox 718 1718 914 1777; x_wconf 89' lang='lat' dir='ltr'><strong>inhabitandi</strong></span> <span class='ocrx_word' id='word_1_100' title='bbox 948 1719 1075 1792; x_wconf 88' lang='lat' dir='ltr'><strong>plenam</strong></span> <span class='ocrx_word' id='word_1_101' title='bbox 1110 1725 1141 1776; x_wconf 91' lang='lat' dir='ltr'><strong>et</strong></span> <span class='ocrx_word' id='word_1_102' title='bbox 1174 1717 1310 1775; x_wconf 90' lang='lat' dir='ltr'><strong>liberam</strong></span> <span class='ocrx_word' id='word_1_103' title='bbox 1349 1717 1508 1776; x_wconf 89' lang='lat' dir='ltr'><strong>licentiam</strong></span> 
     </span>
     <span class='ocr_line' id='line_1_13' title="bbox 240 1817 1506 1904; baseline -0.002 -22"><span class='ocrx_word' id='word_1_104' title='bbox 240 1826 426 1883; x_wconf 86' lang='lat' dir='ltr'><strong>authoritate</strong></span> <span class='ocrx_word' id='word_1_105' title='bbox 450 1819 566 1904; x_wconf 85' lang='lat' dir='ltr'><strong>(nostra</strong></span> <span class='ocrx_word' id='word_1_106' title='bbox 590 1817 786 1889; x_wconf 76' lang='lat' dir='ltr'><strong>conceidatis.</strong></span> <span class='ocrx_word' id='word_1_107' title='bbox 803 1826 840 1883; x_wconf 91' lang='lat' dir='ltr'><strong>Et</strong></span> <span class='ocrx_word' id='word_1_108' title='bbox 855 1823 1076 1883; x_wconf 90' lang='lat' dir='ltr'><strong>nichilominus</strong></span> <span class='ocrx_word' id='word_1_109' title='bbox 1092 1823 1176 1897; x_wconf 92' lang='lat' dir='ltr'><strong>quod</strong></span> <span class='ocrx_word' id='word_1_110' title='bbox 1203 1823 1381 1898; x_wconf 87' lang='lat' dir='ltr'><strong>privilegia,</strong></span> <span class='ocrx_word' id='word_1_111' title='bbox 1394 1824 1506 1881; x_wconf 90' lang='lat' dir='ltr'><strong>instru-</strong></span> 
     </span>
     <span class='ocr_line' id='line_1_14' title="bbox 240 1917 1509 2006; baseline -0.002 -18"><span class='ocrx_word' id='word_1_112' title='bbox 240 1936 351 2000; x_wconf 90' lang='lat' dir='ltr'><strong>menta,</strong></span> <span class='ocrx_word' id='word_1_113' title='bbox 382 1929 451 2006; x_wconf 87' lang='lat' dir='ltr'><strong>jura</strong></span> <span class='ocrx_word' id='word_1_114' title='bbox 482 1939 512 1989; x_wconf 89' lang='lat' dir='ltr'><strong>et</strong></span> <span class='ocrx_word' id='word_1_115' title='bbox 536 1931 656 1989; x_wconf 90' lang='lat' dir='ltr'><strong>indulta</strong></span> <span class='ocrx_word' id='word_1_116' title='bbox 690 1946 885 2004; x_wconf 90' lang='lat' dir='ltr'><strong>quecumque</strong></span> <span class='ocrx_word' id='word_1_117' title='bbox 916 1929 955 1988; x_wconf 91' lang='lat' dir='ltr'><strong>de</strong></span> <span class='ocrx_word' id='word_1_118' title='bbox 978 1929 1100 2003; x_wconf 90' lang='lat' dir='ltr'><strong>prefata</strong></span> <span class='ocrx_word' id='word_1_119' title='bbox 1122 1929 1217 1987; x_wconf 91' lang='lat' dir='ltr'><strong>domo</strong></span> <span class='ocrx_word' id='word_1_120' title='bbox 1240 1929 1341 1986; x_wconf 90' lang='lat' dir='ltr'><strong>sancti</strong></span> <span class='ocrx_word' id='word_1_121' title='bbox 1364 1917 1509 1988; x_wconf 87' lang='lat' dir='ltr'><strong>Nichoiai</strong></span> 
     </span>
     <span class='ocr_line' id='line_1_15' title="bbox 240 2035 1509 2111; baseline 0.001 -18"><span class='ocrx_word' id='word_1_122' title='bbox 240 2037 428 2094; x_wconf 90' lang='lat' dir='ltr'><strong>mentionem</strong></span> <span class='ocrx_word' id='word_1_123' title='bbox 460 2037 753 2110; x_wconf 90' lang='lat' dir='ltr'><strong>quomodocumque</strong></span> <span class='ocrx_word' id='word_1_124' title='bbox 783 2036 933 2109; x_wconf 84' lang='lat' dir='ltr'><strong>facientia,</strong></span> <span class='ocrx_word' id='word_1_125' title='bbox 965 2037 1205 2110; x_wconf 89' lang='lat' dir='ltr'><strong>qualiacumque</strong></span> <span class='ocrx_word' id='word_1_126' title='bbox 1237 2035 1297 2093; x_wconf 91' lang='lat' dir='ltr'><strong>sint</strong></span> <span class='ocrx_word' id='word_1_127' title='bbox 1333 2036 1365 2094; x_wconf 91' lang='lat' dir='ltr'><strong>in</strong></span> <span class='ocrx_word' id='word_1_128' title='bbox 1388 2036 1509 2111; x_wconf 87' lang='lat' dir='ltr'><strong>prefata</strong></span> 
     </span>
     <span class='ocr_line' id='line_1_16' title="bbox 241 2141 1510 2217; baseline 0 -16"><span class='ocrx_word' id='word_1_129' title='bbox 241 2141 335 2201; x_wconf 92' lang='lat' dir='ltr'><strong>domo</strong></span> <span class='ocrx_word' id='word_1_130' title='bbox 368 2143 581 2211; x_wconf 90' lang='lat' dir='ltr'><strong>construenda,</strong></span> <span class='ocrx_word' id='word_1_131' title='bbox 613 2157 649 2200; x_wconf 92' lang='lat' dir='ltr'><strong>ac</strong></span> <span class='ocrx_word' id='word_1_132' title='bbox 680 2143 766 2200; x_wconf 90' lang='lat' dir='ltr'><strong>illius</strong></span> <span class='ocrx_word' id='word_1_133' title='bbox 798 2143 897 2216; x_wconf 88' lang='lat' dir='ltr'><strong>priori</strong></span> <span class='ocrx_word' id='word_1_134' title='bbox 919 2148 950 2201; x_wconf 89' lang='lat' dir='ltr'><strong>et</strong></span> <span class='ocrx_word' id='word_1_135' title='bbox 972 2142 1131 2213; x_wconf 88' lang='lat' dir='ltr'><strong>fratribus,</strong></span> <span class='ocrx_word' id='word_1_136' title='bbox 1155 2143 1209 2215; x_wconf 91' lang='lat' dir='ltr'><strong>qui</strong></span> <span class='ocrx_word' id='word_1_137' title='bbox 1231 2148 1325 2200; x_wconf 91' lang='lat' dir='ltr'><strong>erunt</strong></span> <span class='ocrx_word' id='word_1_138' title='bbox 1349 2159 1409 2217; x_wconf 91' lang='lat' dir='ltr'><strong>pro</strong></span> <span class='ocrx_word' id='word_1_139' title='bbox 1434 2149 1510 2201; x_wconf 92' lang='lat' dir='ltr'><strong>tem·</strong></span> 
     </span>
     <span class='ocr_line' id='line_1_17' title="bbox 240 2248 1508 2322; baseline 0 -16"><span class='ocrx_word' id='word_1_140' title='bbox 240 2264 325 2322; x_wconf 92' lang='lat' dir='ltr'><strong>pore,</strong></span> <span class='ocrx_word' id='word_1_141' title='bbox 350 2249 455 2306; x_wconf 91' lang='lat' dir='ltr'><strong>locum</strong></span> <span class='ocrx_word' id='word_1_142' title='bbox 478 2248 538 2306; x_wconf 87' lang='lat' dir='ltr'><strong>sibi</strong></span> <span class='ocrx_word' id='word_1_143' title='bbox 569 2249 741 2321; x_wconf 83' lang='lat' dir='ltr'><strong>vendicent,</strong></span> <span class='ocrx_word' id='word_1_144' title='bbox 773 2249 883 2307; x_wconf 87' lang='lat' dir='ltr'><strong>eadem</strong></span> <span class='ocrx_word' id='word_1_145' title='bbox 913 2250 1100 2307; x_wconf 89' lang='lat' dir='ltr'><strong>authoritate</strong></span> <span class='ocrx_word' id='word_1_146' title='bbox 1130 2249 1272 2306; x_wconf 87' lang='lat' dir='ltr'><strong>statuatis</strong></span> <span class='ocrx_word' id='word_1_147' title='bbox 1295 2254 1328 2307; x_wconf 89' lang='lat' dir='ltr'><strong>et</strong></span> <span class='ocrx_word' id='word_1_148' title='bbox 1351 2250 1508 2309; x_wconf 87' lang='lat' dir='ltr'><strong>ordinetis.</strong></span> 
     </span>
     <span class='ocr_line' id='line_1_18' title="bbox 240 2354 1512 2430; baseline 0.001 -19"><span class='ocrx_word' id='word_1_149' title='bbox 240 2354 304 2412; x_wconf 90' lang='lat' dir='ltr'><strong>Nos</strong></span> <span class='ocrx_word' id='word_1_150' title='bbox 327 2356 418 2423; x_wconf 87' lang='lat' dir='ltr'><strong>enim,</strong></span> <span class='ocrx_word' id='word_1_151' title='bbox 442 2356 468 2412; x_wconf 91' lang='lat' dir='ltr'><strong>si</strong></span> <span class='ocrx_word' id='word_1_152' title='bbox 491 2355 729 2424; x_wconf 90' lang='lat' dir='ltr'><strong>concessionem,</strong></span> <span class='ocrx_word' id='word_1_153' title='bbox 754 2360 903 2412; x_wconf 89' lang='lat' dir='ltr'><strong>statutum</strong></span> <span class='ocrx_word' id='word_1_154' title='bbox 927 2360 957 2412; x_wconf 90' lang='lat' dir='ltr'><strong>et</strong></span> <span class='ocrx_word' id='word_1_155' title='bbox 980 2354 1209 2413; x_wconf 86' lang='lat' dir='ltr'><strong>ordinacionem</strong></span> <span class='ocrx_word' id='word_1_156' title='bbox 1233 2355 1419 2414; x_wconf 90' lang='lat' dir='ltr'><strong>huiusmodi</strong></span> <span class='ocrx_word' id='word_1_157' title='bbox 1456 2371 1512 2430; x_wconf 90' lang='lat' dir='ltr'><strong>per</strong></span> 
     </span>
     <span class='ocr_line' id='line_1_19' title="bbox 238 2459 1509 2537; baseline 0.002 -20"><span class='ocrx_word' id='word_1_158' title='bbox 238 2475 294 2518; x_wconf 83' lang='lat' dir='ltr'><strong>vos</strong></span> <span class='ocrx_word' id='word_1_159' title='bbox 317 2462 425 2533; x_wconf 87' lang='lat' dir='ltr'><strong>vigore</strong></span> <span class='ocrx_word' id='word_1_160' title='bbox 448 2461 639 2533; x_wconf 90' lang='lat' dir='ltr'><strong>presentium</strong></span> <span class='ocrx_word' id='word_1_161' title='bbox 662 2459 731 2517; x_wconf 89' lang='lat' dir='ltr'><strong>fieri</strong></span> <span class='ocrx_word' id='word_1_162' title='bbox 754 2461 919 2532; x_wconf 86' lang='lat' dir='ltr'><strong>contingat,</strong></span> <span class='ocrx_word' id='word_1_163' title='bbox 942 2466 976 2517; x_wconf 90' lang='lat' dir='ltr'><strong>ut</strong></span> <span class='ocrx_word' id='word_1_164' title='bbox 1000 2459 1340 2537; x_wconf 67' lang='lat' dir='ltr'><strong>prefertunfratribus</strong></span> <span class='ocrx_word' id='word_1_165' title='bbox 1363 2463 1394 2520; x_wconf 91' lang='lat' dir='ltr'><strong>in</strong></span> <span class='ocrx_word' id='word_1_166' title='bbox 1428 2461 1509 2521; x_wconf 85' lang='lat' dir='ltr'><strong>dicta</strong></span> 
     </span>
     <span class='ocr_line' id='line_1_20' title="bbox 237 2565 1509 2642; baseline 0.004 -19"><span class='ocrx_word' id='word_1_167' title='bbox 237 2567 442 2625; x_wconf 88' lang='lat' dir='ltr'><strong>construenda</strong></span> <span class='ocrx_word' id='word_1_168' title='bbox 472 2567 567 2624; x_wconf 89' lang='lat' dir='ltr'><strong>domo</strong></span> <span class='ocrx_word' id='word_1_169' title='bbox 590 2582 648 2639; x_wconf 89' lang='lat' dir='ltr'><strong>pro</strong></span> <span class='ocrx_word' id='word_1_170' title='bbox 672 2572 814 2640; x_wconf 89' lang='lat' dir='ltr'><strong>ternpore</strong></span> <span class='ocrx_word' id='word_1_171' title='bbox 838 2567 1012 2637; x_wconf 91' lang='lat' dir='ltr'><strong>moraturis,</strong></span> <span class='ocrx_word' id='word_1_172' title='bbox 1037 2565 1121 2639; x_wconf 91' lang='lat' dir='ltr'><strong>quod</strong></span> <span class='ocrx_word' id='word_1_173' title='bbox 1149 2567 1298 2625; x_wconf 91' lang='lat' dir='ltr'><strong>omnibus</strong></span> <span class='ocrx_word' id='word_1_174' title='bbox 1322 2574 1354 2626; x_wconf 92' lang='lat' dir='ltr'><strong>et</strong></span> <span class='ocrx_word' id='word_1_175' title='bbox 1376 2569 1509 2642; x_wconf 83' lang='lat' dir='ltr'><strong>singulis</strong></span> 
     </span>
     <span class='ocr_line' id='line_1_21' title="bbox 238 2671 1507 2747; baseline 0.003 -17"><span class='ocrx_word' id='word_1_176' title='bbox 238 2673 421 2747; x_wconf 86' lang='lat' dir='ltr'><strong>privilegiis,</strong></span> <span class='ocrx_word' id='word_1_177' title='bbox 437 2672 696 2743; x_wconf 90' lang='lat' dir='ltr'><strong>immunitatibus,</strong></span> <span class='ocrx_word' id='word_1_178' title='bbox 720 2673 979 2746; x_wconf 86' lang='lat' dir='ltr'><strong>exemptionibus,</strong></span> <span class='ocrx_word' id='word_1_179' title='bbox 1002 2671 1211 2745; x_wconf 86' lang='lat' dir='ltr'><strong>indulgentiis,</strong></span> <span class='ocrx_word' id='word_1_180' title='bbox 1222 2674 1331 2745; x_wconf 85' lang='lat' dir='ltr'><strong>gratiis</strong></span> <span class='ocrx_word' id='word_1_181' title='bbox 1355 2681 1385 2732; x_wconf 92' lang='lat' dir='ltr'><strong>et</strong></span> <span class='ocrx_word' id='word_1_182' title='bbox 1411 2675 1507 2734; x_wconf 92' lang='lat' dir='ltr'><strong>liber·</strong></span> 
     </span>
     <span class='ocr_line' id='line_1_22' title="bbox 237 2776 1510 2857; baseline 0.005 -22"><span class='ocrx_word' id='word_1_183' title='bbox 237 2778 353 2835; x_wconf 91' lang='lat' dir='ltr'><strong>tatibus</strong></span> <span class='ocrx_word' id='word_1_184' title='bbox 384 2777 467 2835; x_wconf 92' lang='lat' dir='ltr'><strong>dicto</strong></span> <span class='ocrx_word' id='word_1_185' title='bbox 498 2777 599 2835; x_wconf 88' lang='lat' dir='ltr'><strong>ordini</strong></span> <span class='ocrx_word' id='word_1_186' title='bbox 630 2785 661 2835; x_wconf 90' lang='lat' dir='ltr'><strong>et</strong></span> <span class='ocrx_word' id='word_1_187' title='bbox 683 2778 769 2835; x_wconf 93' lang='lat' dir='ltr'><strong>illius</strong></span> <span class='ocrx_word' id='word_1_188' title='bbox 799 2776 950 2836; x_wconf 89' lang='lat' dir='ltr'><strong>fratribus</strong></span> <span class='ocrx_word' id='word_1_189' title='bbox 980 2794 1037 2852; x_wconf 90' lang='lat' dir='ltr'><strong>per</strong></span> <span class='ocrx_word' id='word_1_190' title='bbox 1069 2778 1175 2836; x_wconf 90' lang='lat' dir='ltr'><strong>sedem</strong></span> <span class='ocrx_word' id='word_1_191' title='bbox 1197 2780 1408 2852; x_wconf 91' lang='lat' dir='ltr'><strong>apostolicam</strong></span> <span class='ocrx_word' id='word_1_192' title='bbox 1432 2796 1510 2857; x_wconf 91' lang='lat' dir='ltr'><strong>quo-</strong></span> 
     </span>
     <span class='ocr_line' id='line_1_23' title="bbox 237 2883 1511 2957; baseline 0.005 -17"><span class='ocrx_word' id='word_1_193' title='bbox 237 2883 412 2942; x_wconf 88' lang='lat' dir='ltr'><strong>modolibet</strong></span> <span class='ocrx_word' id='word_1_194' title='bbox 428 2885 458 2940; x_wconf 90' lang='lat' dir='ltr'><strong>in</strong></span> <span class='ocrx_word' id='word_1_195' title='bbox 475 2899 642 2940; x_wconf 91' lang='lat' dir='ltr'><strong>commune</strong></span> <span class='ocrx_word' id='word_1_196' title='bbox 665 2884 817 2942; x_wconf 90' lang='lat' dir='ltr'><strong>concessis</strong></span> <span class='ocrx_word' id='word_1_197' title='bbox 833 2885 879 2942; x_wconf 91' lang='lat' dir='ltr'><strong>uti</strong></span> <span class='ocrx_word' id='word_1_198' title='bbox 895 2891 924 2942; x_wconf 93' lang='lat' dir='ltr'><strong>et</strong></span> <span class='ocrx_word' id='word_1_199' title='bbox 947 2883 1083 2957; x_wconf 84' lang='lat' dir='ltr'><strong>gaudere</strong></span> <span class='ocrx_word' id='word_1_200' title='bbox 1105 2884 1205 2944; x_wconf 90' lang='lat' dir='ltr'><strong>libere</strong></span> <span class='ocrx_word' id='word_1_201' title='bbox 1228 2893 1258 2944; x_wconf 90' lang='lat' dir='ltr'><strong>et</strong></span> <span class='ocrx_word' id='word_1_202' title='bbox 1281 2886 1367 2945; x_wconf 91' lang='lat' dir='ltr'><strong>licite</strong></span> <span class='ocrx_word' id='word_1_203' title='bbox 1381 2889 1511 2947; x_wconf 82' lang='lat' dir='ltr'><strong>valeant</strong></span> 
     </span>
     <span class='ocr_line' id='line_1_24' title="bbox 237 2990 1511 3065; baseline 0.005 -18"><span class='ocrx_word' id='word_1_204' title='bbox 237 2991 424 3049; x_wconf 86' lang='lat' dir='ltr'><strong>authoritate</strong></span> <span class='ocrx_word' id='word_1_205' title='bbox 446 2991 619 3064; x_wconf 91' lang='lat' dir='ltr'><strong>apostolica</strong></span> <span class='ocrx_word' id='word_1_206' title='bbox 644 2998 749 3048; x_wconf 91' lang='lat' dir='ltr'><strong>tenore</strong></span> <span class='ocrx_word' id='word_1_207' title='bbox 772 2992 963 3063; x_wconf 92' lang='lat' dir='ltr'><strong>presentium</strong></span> <span class='ocrx_word' id='word_1_208' title='bbox 987 2990 1193 3065; x_wconf 85' lang='lat' dir='ltr'><strong>indulgemus.</strong></span> <span class='ocrx_word' id='word_1_209' title='bbox 1217 2992 1287 3050; x_wconf 92' lang='lat' dir='ltr'><strong>Non</strong></span> <span class='ocrx_word' id='word_1_210' title='bbox 1309 2994 1511 3054; x_wconf 88' lang='lat' dir='ltr'><strong>obstantibus</strong></span> 
     </span>
     <span class='ocr_line' id='line_1_25' title="bbox 235 3096 1510 3174; baseline 0.005 -20"><span class='ocrx_word' id='word_1_211' title='bbox 235 3101 301 3155; x_wconf 89' lang='lat' dir='ltr'><strong>tam</strong></span> <span class='ocrx_word' id='word_1_212' title='bbox 331 3096 430 3155; x_wconf 89' lang='lat' dir='ltr'><strong>felicis</strong></span> <span class='ocrx_word' id='word_1_213' title='bbox 461 3096 681 3154; x_wconf 89' lang='lat' dir='ltr'><strong>recordationis</strong></span> <span class='ocrx_word' id='word_1_214' title='bbox 713 3097 862 3155; x_wconf 87' lang='lat' dir='ltr'><strong>Bonifacii</strong></span> <span class='ocrx_word' id='word_1_215' title='bbox 894 3112 975 3171; x_wconf 89' lang='lat' dir='ltr'><strong>pape</strong></span> <span class='ocrx_word' id='word_1_216' title='bbox 998 3099 1109 3169; x_wconf 88' lang='lat' dir='ltr'><strong>octavi,</strong></span> <span class='ocrx_word' id='word_1_217' title='bbox 1133 3097 1362 3172; x_wconf 81' lang='lat' dir='ltr'><strong>predecessoris</strong></span> <span class='ocrx_word' id='word_1_218' title='bbox 1393 3102 1510 3174; x_wconf 87' lang='lat' dir='ltr'><strong>nostri,</strong></span> 
     </span>
     <span class='ocr_line' id='line_1_26' title="bbox 236 3203 1511 3279; baseline 0.004 -18"><span class='ocrx_word' id='word_1_219' title='bbox 236 3204 433 3276; x_wconf 91' lang='lat' dir='ltr'><strong>prohibente:</strong></span> <span class='ocrx_word' id='word_1_220' title='bbox 450 3220 488 3261; x_wconf 90' lang='lat' dir='ltr'><strong>ne</strong></span> <span class='ocrx_word' id='word_1_221' title='bbox 505 3205 607 3276; x_wconf 90' lang='lat' dir='ltr'><strong>quivis</strong></span> <span class='ocrx_word' id='word_1_222' title='bbox 624 3203 768 3260; x_wconf 91' lang='lat' dir='ltr'><strong>ordinum</strong></span> <span class='ocrx_word' id='word_1_223' title='bbox 794 3203 1035 3262; x_wconf 90' lang='lat' dir='ltr'><strong>mendicantium</strong></span> <span class='ocrx_word' id='word_1_224' title='bbox 1059 3204 1171 3263; x_wconf 88' lang='lat' dir='ltr'><strong>fratres</strong></span> <span class='ocrx_word' id='word_1_225' title='bbox 1194 3205 1225 3263; x_wconf 93' lang='lat' dir='ltr'><strong>in</strong></span> <span class='ocrx_word' id='word_1_226' title='bbox 1249 3205 1356 3279; x_wconf 92' lang='lat' dir='ltr'><strong>aliqua</strong></span> <span class='ocrx_word' id='word_1_227' title='bbox 1372 3209 1511 3279; x_wconf 85' lang='lat' dir='ltr'><strong>civitate,</strong></span> 
     </span>
     <span class='ocr_line' id='line_1_27' title="bbox 235 3310 1512 3384; baseline 0.002 -16"><span class='ocrx_word' id='word_1_228' title='bbox 235 3315 337 3369; x_wconf 90' lang='lat' dir='ltr'><strong>castro</strong></span> <span class='ocrx_word' id='word_1_229' title='bbox 369 3312 421 3368; x_wconf 87' lang='lat' dir='ltr'><strong>vel</strong></span> <span class='ocrx_word' id='word_1_230' title='bbox 452 3310 530 3368; x_wconf 86' lang='lat' dir='ltr'><strong>viiia</strong></span> <span class='ocrx_word' id='word_1_231' title='bbox 554 3327 607 3368; x_wconf 92' lang='lat' dir='ltr'><strong>seu</strong></span> <span class='ocrx_word' id='word_1_232' title='bbox 637 3311 699 3366; x_wconf 92' lang='lat' dir='ltr'><strong>alio</strong></span> <span class='ocrx_word' id='word_1_233' title='bbox 732 3311 802 3367; x_wconf 92' lang='lat' dir='ltr'><strong>loco</strong></span> <span class='ocrx_word' id='word_1_234' title='bbox 833 3324 1031 3384; x_wconf 91' lang='lat' dir='ltr'><strong>quocumque</strong></span> <span class='ocrx_word' id='word_1_235' title='bbox 1054 3310 1093 3367; x_wconf 93' lang='lat' dir='ltr'><strong>ad</strong></span> <span class='ocrx_word' id='word_1_236' title='bbox 1114 3310 1320 3369; x_wconf 91' lang='lat' dir='ltr'><strong>habitandum</strong></span> <span class='ocrx_word' id='word_1_237' title='bbox 1344 3312 1460 3372; x_wconf 92' lang='lat' dir='ltr'><strong>domos</strong></span> <span class='ocrx_word' id='word_1_238' title='bbox 1482 3322 1512 3373; x_wconf 93' lang='lat' dir='ltr'><strong>et</strong></span> 
     </span>
     <span class='ocr_line' id='line_1_28' title="bbox 236 3416 1512 3491; baseline 0.005 -19"><span class='ocrx_word' id='word_1_239' title='bbox 236 3417 304 3473; x_wconf 92' lang='lat' dir='ltr'><strong>loca</strong></span> <span class='ocrx_word' id='word_1_240' title='bbox 329 3416 367 3474; x_wconf 92' lang='lat' dir='ltr'><strong>de</strong></span> <span class='ocrx_word' id='word_1_241' title='bbox 390 3433 472 3474; x_wconf 89' lang='lat' dir='ltr'><strong>novo</strong></span> <span class='ocrx_word' id='word_1_242' title='bbox 496 3417 633 3490; x_wconf 87' lang='lat' dir='ltr'><strong>recipere</strong></span> <span class='ocrx_word' id='word_1_243' title='bbox 657 3433 710 3473; x_wconf 89' lang='lat' dir='ltr'><strong>seu</strong></span> <span class='ocrx_word' id='word_1_244' title='bbox 733 3417 880 3473; x_wconf 91' lang='lat' dir='ltr'><strong>hactenus</strong></span> <span class='ocrx_word' id='word_1_245' title='bbox 903 3424 1026 3491; x_wconf 91' lang='lat' dir='ltr'><strong>recepta</strong></span> <span class='ocrx_word' id='word_1_246' title='bbox 1049 3423 1170 3475; x_wconf 90' lang='lat' dir='ltr'><strong>mutare</strong></span> <span class='ocrx_word' id='word_1_247' title='bbox 1194 3425 1413 3491; x_wconf 89' lang='lat' dir='ltr'><strong>presummant</strong></span> <span class='ocrx_word' id='word_1_248' title='bbox 1437 3422 1512 3479; x_wconf 90' lang='lat' dir='ltr'><strong>abs·</strong></span> 
     </span>
     <span class='ocr_line' id='line_1_29' title="bbox 236 3523 1507 3599; baseline 0.006 -20"><span class='ocrx_word' id='word_1_249' title='bbox 236 3538 297 3595; x_wconf 92' lang='lat' dir='ltr'><strong>que</strong></span> <span class='ocrx_word' id='word_1_250' title='bbox 319 3523 400 3580; x_wconf 88' lang='lat' dir='ltr'><strong>sedis</strong></span> <span class='ocrx_word' id='word_1_251' title='bbox 423 3523 561 3580; x_wconf 90' lang='lat' dir='ltr'><strong>eiusdem</strong></span> <span class='ocrx_word' id='word_1_252' title='bbox 594 3524 716 3580; x_wconf 90' lang='lat' dir='ltr'><strong>licentia</strong></span> <span class='ocrx_word' id='word_1_253' title='bbox 741 3524 876 3596; x_wconf 91' lang='lat' dir='ltr'><strong>speciali,</strong></span> <span class='ocrx_word' id='word_1_254' title='bbox 903 3524 1031 3583; x_wconf 86' lang='lat' dir='ltr'><strong>faciente</strong></span> <span class='ocrx_word' id='word_1_255' title='bbox 1056 3525 1182 3598; x_wconf 91' lang='lat' dir='ltr'><strong>plenam</strong></span> <span class='ocrx_word' id='word_1_256' title='bbox 1205 3530 1235 3582; x_wconf 91' lang='lat' dir='ltr'><strong>et</strong></span> <span class='ocrx_word' id='word_1_257' title='bbox 1258 3541 1447 3599; x_wconf 84' lang='lat' dir='ltr'><strong>expressam</strong></span> <span class='ocrx_word' id='word_1_258' title='bbox 1471 3544 1507 3586; x_wconf 91' lang='lat' dir='ltr'><strong>ac</strong></span> 
     </span>
     <span class='ocr_line' id='line_1_30' title="bbox 236 3628 1507 3704; baseline 0.006 -19"><span class='ocrx_word' id='word_1_259' title='bbox 236 3628 274 3686; x_wconf 91' lang='lat' dir='ltr'><strong>de</strong></span> <span class='ocrx_word' id='word_1_260' title='bbox 307 3629 515 3702; x_wconf 90' lang='lat' dir='ltr'><strong>prohibitione</strong></span> <span class='ocrx_word' id='word_1_261' title='bbox 552 3630 730 3687; x_wconf 89' lang='lat' dir='ltr'><strong>huiusmodi</strong></span> <span class='ocrx_word' id='word_1_262' title='bbox 764 3632 960 3701; x_wconf 91' lang='lat' dir='ltr'><strong>mentionem,</strong></span> <span class='ocrx_word' id='word_1_263' title='bbox 996 3646 1091 3704; x_wconf 90' lang='lat' dir='ltr'><strong>quam</strong></span> <span class='ocrx_word' id='word_1_264' title='bbox 1125 3631 1195 3688; x_wconf 91' lang='lat' dir='ltr'><strong>aliis</strong></span> <span class='ocrx_word' id='word_1_265' title='bbox 1230 3633 1507 3693; x_wconf 91' lang='lat' dir='ltr'><strong>constitutionibus</strong></span> 
     </span>
     <span class='ocr_line' id='line_1_31' title="bbox 235 3734 1512 3806; baseline 0.007 -17"><span class='ocrx_word' id='word_1_266' title='bbox 235 3738 265 3790; x_wconf 92' lang='lat' dir='ltr'><strong>et</strong></span> <span class='ocrx_word' id='word_1_267' title='bbox 296 3734 550 3790; x_wconf 88' lang='lat' dir='ltr'><strong>ordinacionibus</strong></span> <span class='ocrx_word' id='word_1_268' title='bbox 574 3737 762 3806; x_wconf 88' lang='lat' dir='ltr'><strong>apostolicis,</strong></span> <span class='ocrx_word' id='word_1_269' title='bbox 785 3751 903 3793; x_wconf 92' lang='lat' dir='ltr'><strong>necnon</strong></span> <span class='ocrx_word' id='word_1_270' title='bbox 925 3738 1047 3794; x_wconf 91' lang='lat' dir='ltr'><strong>statutis</strong></span> <span class='ocrx_word' id='word_1_271' title='bbox 1070 3740 1100 3794; x_wconf 94' lang='lat' dir='ltr'><strong>et</strong></span> <span class='ocrx_word' id='word_1_272' title='bbox 1131 3737 1409 3796; x_wconf 87' lang='lat' dir='ltr'><strong>consvetudinibus</strong></span> <span class='ocrx_word' id='word_1_273' title='bbox 1435 3739 1512 3799; x_wconf 90' lang='lat' dir='ltr'><strong>dicti</strong></span> 
     </span>
     <span class='ocr_line' id='line_1_32' title="bbox 235 3837 1507 3915; baseline 0.008 -21"><span class='ocrx_word' id='word_1_274' title='bbox 235 3837 361 3904; x_wconf 86' lang='lat' dir='ltr'><strong>ordinis,</strong></span> <span class='ocrx_word' id='word_1_275' title='bbox 384 3837 568 3913; x_wconf 87' lang='lat' dir='ltr'><strong>juramento,</strong></span> <span class='ocrx_word' id='word_1_276' title='bbox 599 3840 838 3898; x_wconf 86' lang='lat' dir='ltr'><strong>confirmacione</strong></span> <span class='ocrx_word' id='word_1_277' title='bbox 861 3842 1033 3914; x_wconf 92' lang='lat' dir='ltr'><strong>apostolica</strong></span> <span class='ocrx_word' id='word_1_278' title='bbox 1056 3842 1109 3899; x_wconf 83' lang='lat' dir='ltr'><strong>vel</strong></span> <span class='ocrx_word' id='word_1_279' title='bbox 1133 3844 1244 3915; x_wconf 87' lang='lat' dir='ltr'><strong>quavis</strong></span> <span class='ocrx_word' id='word_1_280' title='bbox 1265 3842 1417 3902; x_wconf 87' lang='lat' dir='ltr'><strong>firmitate</strong></span> <span class='ocrx_word' id='word_1_281' title='bbox 1442 3846 1507 3904; x_wconf 90' lang='lat' dir='ltr'><strong>alia</strong></span> 
     </span>
     <span class='ocr_line' id='line_1_33' title="bbox 233 3944 1508 4025; baseline 0.009 -26"><span class='ocrx_word' id='word_1_282' title='bbox 233 3944 398 4011; x_wconf 89' lang='lat' dir='ltr'><strong>roboratis,</strong></span> <span class='ocrx_word' id='word_1_283' title='bbox 422 3946 593 4017; x_wconf 88' lang='lat' dir='ltr'><strong>ceterisque</strong></span> <span class='ocrx_word' id='word_1_284' title='bbox 617 3947 777 4003; x_wconf 89' lang='lat' dir='ltr'><strong>contrariis</strong></span> <span class='ocrx_word' id='word_1_285' title='bbox 801 3948 1065 4021; x_wconf 91' lang='lat' dir='ltr'><strong>quibuscumque;</strong></span> <span class='ocrx_word' id='word_1_286' title='bbox 1091 3949 1227 4021; x_wconf 88' lang='lat' dir='ltr'><strong>proviso,</strong></span> <span class='ocrx_word' id='word_1_287' title='bbox 1250 3948 1338 4022; x_wconf 91' lang='lat' dir='ltr'><strong>quod</strong></span> <span class='ocrx_word' id='word_1_288' title='bbox 1365 3951 1437 4025; x_wconf 90' lang='lat' dir='ltr'><strong>ipsa</strong></span> <span class='ocrx_word' id='word_1_289' title='bbox 1454 3967 1508 4009; x_wconf 93' lang='lat' dir='ltr'><strong>an·</strong></span> 
     </span>
     <span class='ocr_line' id='line_1_34' title="bbox 233 4048 1504 4132; baseline 0.009 -28"><span class='ocrx_word' id='word_1_290' title='bbox 233 4048 319 4121; x_wconf 91' lang='lat' dir='ltr'><strong>tiqua</strong></span> <span class='ocrx_word' id='word_1_291' title='bbox 343 4050 481 4119; x_wconf 87' lang='lat' dir='ltr'><strong>ecclesia,</strong></span> <span class='ocrx_word' id='word_1_292' title='bbox 507 4051 645 4123; x_wconf 86' lang='lat' dir='ltr'><strong>predicto</strong></span> <span class='ocrx_word' id='word_1_293' title='bbox 676 4068 757 4109; x_wconf 85' lang='lat' dir='ltr'><strong>noro</strong></span> <span class='ocrx_word' id='word_1_294' title='bbox 790 4055 867 4124; x_wconf 84' lang='lat' dir='ltr'><strong>locu,</strong></span> <span class='ocrx_word' id='word_1_295' title='bbox 893 4061 926 4110; x_wconf 89' lang='lat' dir='ltr'><strong>ut</strong></span> <span class='ocrx_word' id='word_1_296' title='bbox 950 4055 1113 4127; x_wconf 81' lang='lat' dir='ltr'><strong>prefertur,</strong></span> <span class='ocrx_word' id='word_1_297' title='bbox 1137 4052 1285 4130; x_wconf 82' lang='lat' dir='ltr'><strong>jungatur</strong></span> <span class='ocrx_word' id='word_1_298' title='bbox 1307 4063 1339 4114; x_wconf 91' lang='lat' dir='ltr'><strong>et</strong></span> <span class='ocrx_word' id='word_1_299' title='bbox 1362 4057 1404 4114; x_wconf 90' lang='lat' dir='ltr'><strong>ad</strong></span> <span class='ocrx_word' id='word_1_300' title='bbox 1430 4073 1504 4132; x_wconf 93' lang='lat' dir='ltr'><strong>pro·</strong></span> 
     </span>
     <span class='ocr_line' id='line_1_35' title="bbox 234 4153 1508 4233; baseline 0.009 -23"><span class='ocrx_word' id='word_1_301' title='bbox 234 4153 324 4211; x_wconf 85' lang='lat' dir='ltr'><strong>fanos</strong></span> <span class='ocrx_word' id='word_1_302' title='bbox 355 4172 436 4225; x_wconf 90' lang='lat' dir='ltr'><strong>usus,</strong></span> <span class='ocrx_word' id='word_1_303' title='bbox 470 4159 567 4214; x_wconf 84' lang='lat' dir='ltr'><strong>veluti</strong></span> <span class='ocrx_word' id='word_1_304' title='bbox 600 4159 763 4222; x_wconf 85' lang='lat' dir='ltr'><strong>hereditas,</strong></span> <span class='ocrx_word' id='word_1_305' title='bbox 796 4162 924 4217; x_wconf 90' lang='lat' dir='ltr'><strong>minime</strong></span> <span class='ocrx_word' id='word_1_306' title='bbox 956 4161 1124 4233; x_wconf 85' lang='lat' dir='ltr'><strong>redigatur,</strong></span> <span class='ocrx_word' id='word_1_307' title='bbox 1156 4161 1265 4220; x_wconf 91' lang='lat' dir='ltr'><strong>sedin</strong></span> <span class='ocrx_word' id='word_1_308' title='bbox 1295 4177 1333 4219; x_wconf 91' lang='lat' dir='ltr'><strong>ea</strong></span> <span class='ocrx_word' id='word_1_309' title='bbox 1355 4163 1455 4222; x_wconf 90' lang='lat' dir='ltr'><strong>misse</strong></span> <span class='ocrx_word' id='word_1_310' title='bbox 1478 4171 1508 4222; x_wconf 90' lang='lat' dir='ltr'><strong>et</strong></span> 
     </span>
     <span class='ocr_line' id='line_1_36' title="bbox 233 4260 1508 4341; baseline 0.009 -24"><span class='ocrx_word' id='word_1_311' title='bbox 233 4260 294 4317; x_wconf 93' lang='lat' dir='ltr'><strong>alia</strong></span> <span class='ocrx_word' id='word_1_312' title='bbox 318 4261 423 4319; x_wconf 88' lang='lat' dir='ltr'><strong>divina</strong></span> <span class='ocrx_word' id='word_1_313' title='bbox 447 4262 549 4320; x_wconf 85' lang='lat' dir='ltr'><strong>officia</strong></span> <span class='ocrx_word' id='word_1_314' title='bbox 566 4265 751 4338; x_wconf 88' lang='lat' dir='ltr'><strong>quandoque</strong></span> <span class='ocrx_word' id='word_1_315' title='bbox 764 4267 967 4324; x_wconf 89' lang='lat' dir='ltr'><strong>celebrentur.</strong></span> <span class='ocrx_word' id='word_1_316' title='bbox 980 4267 1101 4326; x_wconf 89' lang='lat' dir='ltr'><strong>Datum</strong></span> <span class='ocrx_word' id='word_1_317' title='bbox 1127 4269 1226 4326; x_wconf 91' lang='lat' dir='ltr'><strong>Rome</strong></span> <span class='ocrx_word' id='word_1_318' title='bbox 1248 4267 1335 4341; x_wconf 91' lang='lat' dir='ltr'><strong>apud</strong></span> <span class='ocrx_word' id='word_1_319' title='bbox 1361 4277 1508 4328; x_wconf 92' lang='lat' dir='ltr'><strong>sanctum</strong></span> 
     </span>
    </p>
   </div>
   <div class='ocr_carea' id='block_1_2' title="bbox 125 4348 1509 4452">
    <p class='ocr_par' dir='ltr' id='par_1_3' title="bbox 125 4348 1509 4452">
     <span class='ocr_line' id='line_1_37' title="bbox 125 4348 1509 4452; baseline 0.009 -30"><span class='ocrx_word' id='word_1_320' title='bbox 125 4348 134 4364; x_wconf 72' lang='grc'><strong>’</strong></span> <span class='ocrx_word' id='word_1_321' title='bbox 229 4366 363 4426; x_wconf 91' lang='lat' dir='ltr'><strong>Petrum.</strong></span> <span class='ocrx_word' id='word_1_322' title='bbox 389 4369 714 4446; x_wconf 78' lang='lat' dir='ltr'><strong>Annoincarnacionis</strong></span> <span class='ocrx_word' id='word_1_323' title='bbox 728 4371 882 4429; x_wconf 90' lang='lat' dir='ltr'><strong>dominice</strong></span> <span class='ocrx_word' id='word_1_324' title='bbox 907 4373 1076 4430; x_wconf 88' lang='lat' dir='ltr'><strong>millesimo</strong></span> <span class='ocrx_word' id='word_1_325' title='bbox 1100 4373 1410 4446; x_wconf 85' lang='lat' dir='ltr'><strong>quadringentesimo</strong></span> <span class='ocrx_word' id='word_1_326' title='bbox 1435 4392 1509 4452; x_wconf 91' lang='lat' dir='ltr'><strong>sep-</strong></span> 
     </span>
    </p>
   </div>
   <div class='ocr_carea' id='block_1_3' title="bbox 231 4475 1508 4639">
    <p class='ocr_par' dir='ltr' id='par_1_4' title="bbox 231 4475 1508 4639">
     <span class='ocr_line' id='line_1_38' title="bbox 232 4475 1508 4554; baseline 0.009 -24"><span class='ocrx_word' id='word_1_327' title='bbox 232 4475 403 4546; x_wconf 85' lang='lat' dir='ltr'><strong>tuagesimo</strong></span> <span class='ocrx_word' id='word_1_328' title='bbox 435 4476 537 4545; x_wconf 86' lang='lat' dir='ltr'><strong>tercio,</strong></span> <span class='ocrx_word' id='word_1_329' title='bbox 560 4477 722 4534; x_wconf 87' lang='lat' dir='ltr'><strong>undecimo</strong></span> <span class='ocrx_word' id='word_1_330' title='bbox 756 4478 903 4536; x_wconf 87' lang='lat' dir='ltr'><strong>kalendas</strong></span> <span class='ocrx_word' id='word_1_331' title='bbox 927 4480 1044 4554; x_wconf 90' lang='lat' dir='ltr'><strong>aprilis.</strong></span> <span class='ocrx_word' id='word_1_332' title='bbox 1076 4479 1278 4538; x_wconf 88' lang='lat' dir='ltr'><strong>Pontificatus</strong></span> <span class='ocrx_word' id='word_1_333' title='bbox 1300 4482 1402 4540; x_wconf 93' lang='lat' dir='ltr'><strong>nostri</strong></span> <span class='ocrx_word' id='word_1_334' title='bbox 1425 4498 1508 4542; x_wconf 91' lang='lat' dir='ltr'><strong>anno</strong></span> 
     </span>
     <span class='ocr_line' id='line_1_39' title="bbox 231 4580 374 4639; baseline 0.028 -4"><span class='ocrx_word' id='word_1_335' title='bbox 231 4580 374 4639; x_wconf 83' lang='lat' dir='ltr'><strong>secundo</strong></span> 
     </span>
    </p>
   </div>
   <div class='ocr_carea' id='block_1_4' title="bbox 229 4769 1507 4921">
    <p class='ocr_par' dir='ltr' id='par_1_5' title="bbox 229 4769 1507 4921">
     <span class='ocr_line' id='line_1_40' title="bbox 336 4769 1507 4840; baseline 0.015 -27"><span class='ocrx_word' id='word_1_336' title='bbox 336 4769 359 4815; x_wconf 94' lang='lat' dir='ltr'>E</span> <span class='ocrx_word' id='word_1_337' title='bbox 380 4775 539 4832; x_wconf 87' lang='lat' dir='ltr'><strong>transumpto</strong></span> <span class='ocrx_word' id='word_1_338' title='bbox 559 4784 622 4819; x_wconf 86' lang='lat' dir='ltr'><strong>saec.</strong></span> <span class='ocrx_word' id='word_1_339' title='bbox 643 4770 738 4823; x_wconf 83' lang='lat' dir='ltr'>XVII.</span> <span class='ocrx_word' id='word_1_340' title='bbox 758 4774 788 4820; x_wconf 90' lang='lat' dir='ltr'><strong>ln</strong></span> <span class='ocrx_word' id='word_1_341' title='bbox 806 4773 874 4821; x_wconf 88' lang='lat' dir='ltr'><strong>arch.</strong></span> <span class='ocrx_word' id='word_1_342' title='bbox 894 4776 988 4838; x_wconf 83' lang='lat' dir='ltr'><strong>regnic.</strong></span> <span class='ocrx_word' id='word_1_343' title='bbox 1009 4775 1071 4826; x_wconf 88' lang='lat' dir='ltr'><strong>Act.</strong></span> <span class='ocrx_word' id='word_1_344' title='bbox 1088 4776 1143 4840; x_wconf 93' lang='lat' dir='ltr'><strong>Jes.</strong></span> <span class='ocrx_word' id='word_1_345' title='bbox 1156 4775 1219 4828; x_wconf 78' lang='lat' dir='ltr'><strong>fasc.</strong></span> <span class='ocrx_word' id='word_1_346' title='bbox 1241 4775 1282 4828; x_wconf 89' lang='lat'><strong>18.</strong></span> <span class='ocrx_word' id='word_1_347' title='bbox 1306 4790 1345 4826; x_wconf 85' lang='lat' dir='ltr'><strong>nr.</strong></span> <span class='ocrx_word' id='word_1_348' title='bbox 1375 4790 1419 4831; x_wconf 86' lang='lat'><strong>20.</strong></span> <span class='ocrx_word' id='word_1_349' title='bbox 1442 4780 1507 4831; x_wconf 80' lang='lat' dir='ltr'><strong>Far·</strong></span> 
     </span>
     <span class='ocr_line' id='line_1_41' title="bbox 229 4854 705 4921; baseline 0.015 -19"><span class='ocrx_word' id='word_1_350' title='bbox 229 4854 295 4906; x_wconf 78' lang='lat' dir='ltr'><strong>letti.</strong></span> <span class='ocrx_word' id='word_1_351' title='bbox 315 4854 381 4906; x_wconf 90' lang='lat' dir='ltr'><strong>Illir.</strong></span> <span class='ocrx_word' id='word_1_352' title='bbox 402 4856 472 4908; x_wconf 89' lang='lat' dir='ltr'><strong>Sacr.</strong></span> <span class='ocrx_word' id='word_1_353' title='bbox 493 4860 523 4907; x_wconf 89' lang='lat' dir='ltr'><strong>T.</strong></span> <span class='ocrx_word' id='word_1_354' title='bbox 547 4859 579 4907; x_wconf 82' lang='lat' dir='ltr'><strong>V.</strong></span> <span class='ocrx_word' id='word_1_355' title='bbox 600 4873 625 4921; x_wconf 90' lang='lat' dir='ltr'><strong>p.</strong></span> <span class='ocrx_word' id='word_1_356' title='bbox 646 4864 705 4921; x_wconf 77' lang='lat'>498.</span> 
     </span>
    </p>
   </div>
   <div class='ocr_carea' id='block_1_5' title="bbox 0 0 1644 5348">
    <p class='ocr_par' dir='ltr' id='par_1_6' title="bbox 0 0 1644 5348">
     <span class='ocr_line' id='line_1_42' title="bbox 0 0 1644 5348; baseline 0 1"><span class='ocrx_word' id='word_1_357' title='bbox 0 0 1644 5348; x_wconf 95' lang='lat' dir='ltr'><strong> </strong></span> 
     </span>
    </p>
   </div>
  </div>
 </body>
</html>
