3278 5348
633 445 706 503 Doe.
723 455 796 521 315.
820 477 862 487 -
886 444 943 501 An.
966 439 1057 521 1478.
1392 458 1451 518 395

187 660 294 729 Bexin,
318 659 470 730 Vrboucz,
495 659 629 732 custode,
653 660 732 732 Elya
760 656 942 733 Soploncza,
965 657 1130 729 Raufinicz‚
1154 659 1254 730 Petro,
1283 658 1455 729 Francisco‚

186 767 280 839 Luca,
306 767 410 838 Paulo,
435 765 603 838 Clemente,
628 767 772 825 dominus
794 766 1030 825 archidiaconus
1055 766 1245 823 chasmensis
1267 764 1456 823 renuntiavit

187 873 294 948 primo
325 872 527 946 sigillaribus,
563 863 736 931 dummodo
768 873 800 931 in
830 871 974 930 fraudem
1005 887 1093 929 suam
1124 886 1186 929 non
1218 871 1274 929 fiat
1296 871 1454 943 sigillatio.

185 977 330 1037 Secundo
354 978 527 1052 quidquam
553 980 726 1052 capitulum
759 979 931 1037 decreverit
964 978 1223 1051 quandocumque
1251 979 1283 1036 in
1310 977 1455 1036 absencia

185 1084 286 1158 ipsius
311 1083 430 1142 domini
452 1084 661 1143 archidiaconi
685 1085 882 1156 chasmensis,
908 1085 1028 1142 sivein
1052 1085 1145 1142 rebus
1168 1083 1303 1156 agendis,
1333 1084 1455 1143 sivein

188 1189 409 1248 distributione
432 1196 462 1247 et
484 1190 713 1264 dispensatione
736 1196 944 1264 proventuum
968 1190 1104 1261 ecclesie,
1122 1189 1204 1248 idem
1221 1189 1456 1248 archidiaconus

185 1296 376 1354 chasmensis
405 1311 467 1355 nou
501 1297 750 1368 contrariabitur,
782 1296 955 1354 dummodo
986 1297 1046 1354 sibi
1084 1296 1122 1354 de
1153 1295 1357 1370 proventibus
1380 1295 1454 1353 assi·

184 1408 298 1474 gnetur
323 1403 426 1475 portio
449 1403 528 1461 sicut
551 1403 621 1461 aliis
644 1418 682 1460 ex
705 1398 839 1460 dominis
872 1407 1042 1476 proventus
1065 1402 1181 1459 habere
1204 1401 1397 1460 debentibus.
1421 1400 1455 1457 ln

186 1510 283 1567 rebus
306 1514 410 1566 autem
433 1510 583 1582 gravibus
606 1516 636 1567 et
659 1507 840 1584 majoribus,
864 1509 918 1567 ubi
942 1509 1084 1565 absentes
1108 1507 1146 1565 de
1177 1505 1246 1582 jure
1275 1506 1380 1564 vocari
1403 1506 1455 1564 de·

184 1616 270 1686 bent,
305 1616 372 1688 ipse
406 1615 640 1672 archidiaconus
674 1616 768 1672 etiam
798 1611 924 1672 debebit
955 1614 1077 1684 vocari;
1113 1613 1308 1671 studentibus
1344 1612 1452 1683 eciam,

186 1722 303 1794 quibus
327 1737 383 1794 per
406 1721 579 1795 capitulum
603 1727 772 1796 proventus
796 1720 1038 1794 deputabuntur,
1061 1721 1127 1793 ipse
1143 1719 1377 1778 archidiaconus
1392 1734 1454 1777 non

187 1828 431 1886 contrariabitur
455 1843 509 1885 nec
533 1827 680 1885 turbabit.

295 1931 394 2006 Super
419 1934 476 1991 hac
500 1949 532 1991 re
556 1932 699 1992 dominus
723 1934 933 2006 suflraganeus
956 1950 994 1992 ex
1017 1939 1106 2008 parte
1133 1933 1271 1992 eiusdem
1302 1930 1453 1990 archidia-

188 2037 272 2110 coni,
294 2037 409 2095 ibidem
436 2053 571 2111 presens,
595 2053 700 2097 coram
713 2041 828 2098 Mathia
845 2041 966 2099 notario
989 2040 1069 2098 sedis
1095 2040 1260 2098 vicariatus
1276 2043 1306 2096 et
1321 2037 1452 2095 testibus

186 2159 334 2217 expresse
364 2150 519 2202 assecurat
550 2144 723 2218 capitulum
754 2153 784 2203 et
814 2146 983 2220 seposuit
1011 2145 1225 2204 fideiussorem
1257 2143 1391 2201 dominis
1414 2141 1452 2199 de

184 2250 334 2324 capitulo.

290 2404 369 2454 Liber
386 2404 480 2453 rubeus
498 2419 556 2455 ven.
577 2403 661 2469 Capit.
680 2405 781 2469 zagrab.
801 2407 833 2454 In
851 2404 947 2455 archiv.
968 2406 1028 2457 incl.
1050 2406 1133 2454 Acad.
1154 2406 1241 2454 Sciant
1269 2403 1338 2454 Slav.
1358 2401 1447 2453 merid.

792 2672 872 2737 315.

292 2830 373 2879 Anno
398 2831 472 2894 1478,
495 2844 533 2893 14.
551 2830 626 2896 Julii.
647 2832 743 2883 Budae.

191 2957 323 3027 Gabriel,
340 2959 490 3034 presbyter
510 2960 678 3029 eardthalis,
694 2960 841 3037 Johanni,
864 2958 1072 3019 archidiacono
1094 2960 1241 3028 lasmensi}
1263 2957 1394 3025 mandat,
1419 2969 1455 3013 ut

183 3067 215 3122 in
233 3064 415 3140 johannem,
438 3069 604 3124 canentium
627 3068 849 3140 zagrabe'ensem,
873 3070 927 3142 qm'
948 3069 1104 3125 Antonium
1120 3068 1250 3142 fratrem
1273 3063 1333 3121 ord.
1358 3063 1451 3119 Prae-

454 3172 611 3230 dicatorum
634 3175 777 3246 spoliavit,
799 3175 1007 3249 inquisitionem
1028 3175 1183 3231 constituat

290 3314 419 3373 Gabriel
455 3316 656 3374 miseracione
688 3317 793 3376 divina
827 3319 910 3377 tituli
945 3325 1121 3377 sanctorum
1157 3317 1256 3390 Sergii
1287 3322 1316 3374 et
1352 3312 1444 3371 Bachi

185 3429 289 3479 sancte
312 3435 438 3479 romane
462 3422 590 3479 ecclesie
614 3424 768 3496 presbiter
791 3424 965 3494 cardinalis,
999 3426 1157 3498 agriensis,
1184 3426 1214 3482 in
1237 3423 1341 3495 regnis
1363 3421 1450 3477 Hun-

185 3529 270 3601 garie
294 3535 322 3585 et
347 3528 492 3587 Bohemie
515 3544 551 3587 ac
573 3530 719 3588 omnibus
743 3531 832 3590 terris
856 3537 886 3588 et
916 3531 992 3589 locis
1016 3531 1182 3604 temporali
1206 3529 1344 3586 dominio
1368 3541 1448 3583 sere·

184 3636 305 3693 nissimi
328 3636 476 3710 principis
499 3636 617 3695 domini
640 3638 762 3710 Mathie,
787 3637 979 3711 prefatorum
1002 3653 1169 3710 regnorum
1200 3635 1367 3708 Hungarie,
1393 3632 1449 3689 Bo·

184 3743 285 3799 hemie
309 3750 364 3811 etc,
388 3743 476 3815 regis,
500 3743 654 3814 subiectis,
678 3744 847 3817 apostolice
878 3744 960 3802 sedis
992 3745 1119 3817 legatus.
1153 3742 1330 3801 Venerabili
1359 3739 1450 3797 nobis

184 3849 217 3906 in
240 3847 366 3906 Christo
389 3848 511 3919 dilecto,
528 3850 669 3932 Johanni,
693 3851 807 3909 acolito
830 3850 911 3908 sedis
935 3852 1113 3924 apostolice,
1130 3849 1347 3907 archidiacono
1363 3847 1449 3904 chas-

185 3959 284 4013 mensi
302 3961 332 4012 et
347 3956 493 4014 canonico
509 3957 637 4016 ecclesie
651 3958 867 4031 zagrabiensis,
883 3959 1015 4016 salutem
1032 3959 1061 4015 in
1079 3958 1205 4014 domino
1220 3958 1449 4029 sempiternam.

185 4058 248 4119 Sua
270 4062 360 4118 nobis
384 4061 516 4120 dilectus
551 4064 582 4121 in
617 4063 740 4122 Christo
772 4064 960 4122 venerabilis
994 4063 1089 4122 irater
1119 4063 1300 4130 anthonius,
1332 4060 1449 4118 ordinis

185 4167 427 4238 Predicatorum,
460 4168 617 4227 confessor
645 4171 839 4228 serenissime
870 4170 995 4230 domine
1027 4171 1138 4242 regine,
1170 4168 1337 4241 querulosa
1370 4167 1448 4241 peti·

186 4275 273 4333 cione
309 4276 508 4335 monstravit:
543 4276 702 4350 quomodo
738 4278 865 4351 quidam
899 4278 1054 4360 Johannes
1090 4278 1187 4334 lector
1218 4274 1298 4333 dicte
1321 4273 1449 4332 ecclesie

183 4381 400 4453 zagrabiensis,
423 4383 557 4441 nescitur
580 4398 642 4457 quo
665 4381 730 4458 jure
753 4389 806 4443 aut
829 4399 929 4454 causa,
955 4383 1110 4457 quendam
1141 4381 1269 4439 fratrem
1293 4381 1448 4438 Thomam

184 4488 321 4546 eiusdem
357 4489 474 4549 ordinis
509 4490 655 4549 nuncium
691 4497 720 4547 et
756 4490 939 4549 servitorem
974 4506 1065 4547 suum
1090 4489 1127 4547 de
1151 4488 1239 4546 ltalia
1263 4503 1334 4545 cum
1358 4487 1448 4544 certis

184 4594 287 4665 rebus,
311 4601 386 4669 puta
417 4614 423 4655 :
447 4598 604 4671 legibulis,
629 4598 735 4656 biretis
761 4603 791 4657 et
807 4597 967 4669 facioletis,
983 4599 1115 4671 aliisque
1131 4597 1221 4654 bonis
1239 4595 1279 4652 ad
1293 4593 1448 4669 prefatam

185 4702 412 4761 serenissimam
438 4703 597 4762 dominam
621 4704 759 4776 reginam
790 4705 1014 4778 pertinentibus
1046 4703 1084 4762 de
1115 4704 1195 4762 sacto
1224 4701 1387 4777 spoliasset
1418 4704 1447 4759 et

183 4807 245 4865 alia
269 4806 405 4882 dampna
428 4816 458 4868 et
490 4811 616 4868 iniurias
650 4810 750 4869 eidem
772 4811 948 4883 intullisset,
980 4813 1168 4870 sentenciam
1199 4807 1448 4868 excommunica·

183 4912 280 4972 cionis
303 4928 321 4971 a
343 4912 412 4991 jure
435 4916 531 4975 latam
554 4917 712 4975 incurrere
729 4917 856 4976 minime
873 4915 1045 4977 formidans
1061 4918 1092 4975 in
1108 4916 1329 4976 detrimentum
1345 4912 1448 4973 anime
