3278 5348
606 463 679 520 Dor.
696 475 772 538 392.
801 453 842 504 —'
862 463 919 520 An.
942 458 1036 540 1498.

291 816 371 864 Anno
393 814 458 877 1498
488 826 530 876 24.
544 813 668 876 Augusti.
687 814 784 862 Budae.

194 941 366 1011 Vlodirlaos,
388 942 565 1015 Hungorioe
586 957 632 1000 etc.
656 959 719 1010 rex,
742 941 870 997 omnibus
892 941 1031 998 nobilibus
1054 950 1082 998 et
1102 944 1347 1001 communitatibus
1369 963 1452 1001 mon·

338 1047 392 1104 dat
405 1066 440 1104 ne
462 1066 481 1104 a
504 1047 612 1104 civibus
633 1048 750 1120 zograb.
765 1055 826 1121 pro
848 1066 938 1104 merce
960 1049 1097 1106 tributum
1113 1057 1206 1122 porro
1228 1057 1337 1123 cogant.

884 1185 1040 1236 Commissio
1059 1187 1163 1250 propria
1182 1186 1280 1237 domini
1298 1189 1376 1253 regis.

289 1334 483 1393 Wladislaus
515 1333 565 1392 dei
595 1334 700 1407 gracia
722 1350 778 1392 rex
807 1334 965 1405 Hungarie
988 1338 1018 1391 et
1041 1333 1188 1392 Bohemie
1211 1340 1267 1392 etc.
1292 1333 1452 1393 Fidelibus

186 1442 302 1500 nostris
326 1441 478 1499 universis
502 1445 531 1497 et
554 1440 685 1513 singulis
701 1441 838 1514 prelatis,
863 1439 1040 1510 baronibus,
1064 1440 1239 1512 comitibus,
1262 1439 1449 1511 castellanis,

184 1548 353 1618 nobilibus,
375 1547 579 1620 ipsorumque
611 1544 816 1616 officialibus;
839 1545 914 1602 item
938 1545 1124 1617 civitatibus,
1148 1544 1274 1619 oppidis
1297 1550 1328 1604 et
1351 1545 1448 1617 villis,

184 1653 429 1728 earumdemque
451 1654 634 1722 rectoribus,
656 1650 812 1728 judicibus
836 1650 954 1709 scilicet
977 1655 1007 1708 et
1029 1651 1153 1722 villicis,
1175 1666 1294 1710 necnon
1318 1651 1448 1709 tributa·

186 1761 240 1819 riis
262 1776 298 1818 ac
332 1761 524 1819 tributorum
557 1765 588 1818 et
622 1759 831 1817 theloniorum
863 1756 1060 1815 exactoribus
1091 1761 1121 1814 et
1144 1756 1291 1815 omnibus
1313 1757 1448 1816 subditis

185 1867 307 1937 nostris,
331 1871 489 1941 presentes
512 1866 635 1937 visuris,
663 1865 797 1923 salutern
820 1869 851 1922 et
873 1864 1023 1936 graciam.
1047 1861 1128 1920 Cum
1151 1861 1225 1938 justi
1248 1878 1307 1937 pro
1330 1863 1451 1922 iniustis

184 1976 214 2030 et
235 1972 352 2031 innoxii
387 1986 445 2046 pro
479 1986 606 2030 reorum
631 1971 808 2030 excessibus
832 1985 894 2029 non
919 1969 1053 2027 debeant
1075 1968 1271 2043 aliquatenus
1293 1969 1449 2043 impediri,

184 2077 254 2136 ideo
276 2077 484 2135 fidelitatibus
508 2078 619 2136 vestris
642 2084 673 2135 et
695 2077 861 2135 cuiuslibet
883 2081 1023 2134 vestrum
1046 2076 1124 2133 serie
1147 2076 1342 2149 presencium
1364 2077 1452 2134 stric-

183 2184 300 2241 tissime
331 2182 524 2254 mandamus,
560 2190 711 2256 quatenus
744 2182 820 2239 dum
850 2189 880 2240 et
913 2182 1196 2255 quocienscumque
1218 2181 1328 2240 fideles
1352 2182 1451 2240 nostri

184 2289 353 2363 prudentes
377 2294 407 2347 et
430 2290 647 2362 circumspecti
662 2286 757 2364 judex
779 2295 809 2346 et
830 2286 932 2364 jurati,
954 2289 1110 2361 ceterique
1133 2290 1217 2346 cives
1240 2294 1269 2346 et
1293 2288 1448 2346 inhabita-

184 2401 266 2453 tores
289 2395 423 2453 civitatis
444 2401 550 2453 nostre
572 2395 781 2468 zagrabiensis
804 2395 917 2452 montis
948 2392 1110 2452 Grecensis
1133 2395 1184 2452 vel
1208 2395 1322 2468 aliquis
1338 2410 1448 2452 eorum

183 2502 249 2559 sive
287 2502 470 2572 servitores,
509 2501 713 2574 hominesque
748 2507 777 2558 et
816 2498 986 2557 familiares
1023 2486 1215 2571 eorumdem,
1255 2501 1452 2575 presencium

183 2607 301 2665 scilicet
323 2606 520 2678 exhibitores,
543 2621 615 2664 curn
649 2606 744 2664 rebus
785 2611 815 2664 et
850 2605 1006 2664 mercibus
1046 2606 1187 2679 ipsorum
1221 2605 1344 2664 diversa
1381 2607 1451 2665 loca

184 2712 271 2785 regni
293 2712 390 2770 nostri
414 2713 579 2770 lustrantes
602 2711 641 2769 ad
665 2718 783 2769 vestras
806 2719 911 2782 terras,
935 2717 1047 2783 tenuta,
1069 2714 1285 2784 possessiones,
1308 2713 1450 2784 honores,

183 2816 369 2875 officiolatus
402 2825 455 2875 aut
484 2818 579 2876 vestri
600 2818 631 2875 in
654 2817 793 2875 medium
816 2817 870 2875 sed
894 2826 924 2875 et
955 2817 1152 2888 tributorum,
1176 2819 1449 2891 theloniorumque

183 2931 359 2981 vestrorum
376 2923 445 2981 loca
457 2923 663 2997 pervenerint,
686 2923 772 2996 ipsos
795 2922 834 2980 ad
851 2923 1034 2997 quorumvis
1050 2923 1232 2982 instanciam
1252 2925 1283 2982 in
1307 2925 1448 2998 personis

183 3029 319 3087 iudicare
349 3030 400 3087 vel
424 3044 499 3087 vero
522 3035 622 3087 astare
653 3027 803 3103 judicatui
826 3029 1025 3103 compellere,
1048 3044 1162 3108 resque
1184 3037 1214 3087 et
1234 3031 1343 3103 quevis
1367 3031 1448 3088 bona

183 3136 324 3209 ipsorum
349 3135 594 3193 mercimonialia
624 3143 760 3193 arestare
794 3151 848 3192 seu
871 3135 1033 3208 prohiberi
1055 3134 1164 3206 iacere,
1186 3136 1367 3210 permittere
1399 3151 1452 3194 ne·

183 3256 339 3314 quaquam
363 3243 582 3316 presummatis
597 3257 652 3299 nec
667 3241 733 3299 sitis
749 3241 815 3298 ausi
828 3241 922 3300 modo
938 3242 1076 3315 aliquali
1089 3244 1246 3315 signanter
1260 3258 1319 3317 pro
1328 3242 1450 3318 debitis,

184 3345 304 3405 dilectis
326 3362 380 3404 seu
403 3347 579 3405 excessibus
609 3347 752 3404 aliorum
775 3346 808 3405 Si
831 3348 884 3421 qui
907 3349 987 3406 enim
1006 3357 1293 3423 quantumcumque
1314 3349 1448 3408 accionis

183 3460 290 3511 contra
312 3461 473 3512 annotatos
510 3454 594 3512 cives
626 3458 749 3512 nostros
782 3459 836 3512 aut
869 3454 1008 3527 aliquem
1048 3471 1086 3512 err
1128 3456 1204 3528 ipsis
1241 3456 1357 3514 habent
1397 3455 1450 3513 vel

184 3559 357 3631 habuerint,
389 3560 432 3617 hii
457 3559 488 3618 id
512 3561 543 3617 in
563 3560 721 3634 presencia
742 3557 854 3634 judicis
878 3568 907 3617 et
930 3559 1105 3634 juratorum
1130 3562 1249 3619 civium
1266 3561 1348 3619 dicte
1371 3561 1448 3619 civi·

185 3667 256 3723 tatis
278 3672 402 3724 nostrae
426 3666 539 3723 montis
552 3665 713 3724 Grecensis
738 3675 973 3740 prosequantur.
997 3667 1042 3724 Ex
1072 3676 1160 3741 parte
1184 3683 1319 3741 quorum
1351 3666 1447 3725 iidem

187 3772 272 3829 omni
298 3771 475 3845 querulanti
499 3772 578 3830 meri
599 3770 676 3845 juris
698 3779 729 3829 et
751 3772 871 3831 iusticie
894 3789 930 3830 ac
952 3773 1056 3831 debite
1072 3773 1293 3832 satisfaccionis
1310 3775 1450 3848 comple·

188 3884 329 3936 mentum
354 3878 544 3935 exhibebunt
567 3885 661 3951 prout
684 3878 813 3936 dictabit
844 3878 921 3936 ordo
952 3877 1036 3955 juris.
1075 3881 1261 3954 Propterea,
1284 3881 1357 3953 quia
1388 3880 1449 3954 ipsi

192 3984 284 4051 cives,
308 3983 480 4057 populique
503 3990 533 4040 et
563 3984 701 4057 hospites
732 3984 852 4060 prefate
883 3986 1049 4043 civatitatis
1072 3992 1178 4044 nostre
1201 3987 1327 4059 antiqua
1350 3985 1447 4045 liber·

188 4089 260 4146 tatis
285 4103 392 4146 eorum
424 4089 623 4162 prerogativa
655 4106 711 4164 per
742 4089 832 4149 divos
863 4106 952 4163 reges
984 4091 1151 4164 Hungarie,
1183 4097 1306 4150 nostros
1329 4092 1449 4150 scilicet

185 4207 418 4267 prececessores‚
442 4195 518 4266 ipsis
548 4197 687 4267 graciose
718 4211 870 4267 concessa,
901 4198 1086 4270 requirente,
1109 4213 1128 4254 a
1151 4198 1310 4256 solucione
1343 4198 1447 4255 cuius·

185 4300 261 4357 libet
283 4299 401 4370 tributi,
425 4307 488 4357 tarn
511 4300 550 4358 de
573 4305 712 4374 personis
736 4303 881 4376 propriis,
905 4318 1000 4376 quam
1017 4304 1114 4360 eciam
1131 4302 1169 4360 de
1192 4304 1285 4361 rebus
1309 4303 1449 4361 ethonis

183 4385 249 4464 suis'
269 4407 566 4465 mercimonialibus
588 4408 656 4466 fieri
679 4408 821 4468 debenda
842 4408 980 4482 exempti
996 4414 1025 4464 et
1049 4409 1172 4466 liberati
1198 4423 1263 4466 esse
1287 4407 1449 4479 dicuntur;

183 4511 253 4570 ideo
276 4513 367 4571 vobis
391 4513 563 4571 tributariis
586 4515 700 4572 nostris
722 4514 775 4573 sed
798 4521 828 4572 et
848 4515 984 4572 aliorum
1008 4529 1278 4587 quorumcumque
1301 4515 1333 4572 in
1356 4516 1449 4573 terris

183 4622 214 4675 et
243 4633 338 4691 super
365 4634 461 4692 aquas
493 4619 626 4678 ubilibet
661 4622 833 4679 constitutis
867 4626 897 4678 et
928 4620 1131 4678 existentibus
1154 4620 1311 4678 similibus
1336 4622 1447 4680 nostris

183 4724 276 4797 regiis
309 4725 421 4784 damus
451 4720 483 4784 in
515 4726 678 4799 mandatis,
709 4732 861 4800 quatenus
882 4742 900 4783 a
923 4725 1052 4800 prefatis
1075 4726 1196 4784 civibus
1219 4732 1249 4784 et
1271 4727 1448 4801 hospitibus

181 4832 344 4890 nostriset
367 4830 575 4891 familiaribus
597 4833 748 4906 ipsorum,
771 4847 889 4891 necnon
912 4834 1005 4890 rebus
1028 4839 1058 4891 et
1081 4833 1237 4891 mercibus
1260 4833 1446 4892 eorumdem

184 4937 307 4996 nullum
340 4938 501 5012 tributum,
531 4938 694 4997 nullamve
725 4939 923 4997 tributariam
958 4938 1151 4997 solucionem
1183 4944 1290 4998 contra
1312 4937 1448 4997 formam

1344 5042 1361 5079 ᾔ
