3278 5348
188 433 227 488 52
608 415 681 472 Doc.
706 429 756 492 42.
783 446 820 457 -
847 413 1015 491 An.1425.

186 632 260 690 bani
282 633 324 691 ab
348 646 416 703 una,
452 638 541 706 parte
574 644 651 689 vero
681 629 721 686 ab
754 629 853 688 altera
887 628 1039 703 providus
1069 636 1099 687 et
1129 630 1374 702 circumspectus
1403 629 1452 687 vir

188 736 332 796 dominus
357 738 497 809 Michael‚
509 737 632 812 pridem
654 733 758 812 judex,
781 734 867 793 filius
891 733 1073 806 Sebastiani,
1096 735 1175 793 olim
1197 735 1295 809 ipsius
1319 735 1454 793 civitatis

187 843 333 901 similiter
353 840 473 918 judicis,
497 847 638 901 nostrum
661 842 867 916 personaliter
888 840 1037 899 adeuntes
1060 846 1268 915 conspectum,
1296 857 1355 915 per
1379 856 1452 898 eun·

187 949 260 1008 dem
298 949 460 1008 dominum
491 950 675 1008 Michaelem
710 946 887 1007 confessum
922 948 1024 1007 extitit
1054 949 1171 1022 pariter
1200 954 1231 1006 et
1261 947 1401 1006 relatum
1423 947 1456 1005 in

187 1057 269 1114 hunc
291 1055 437 1114 modum:
469 1061 503 1114 ut
526 1057 593 1130 ipse
623 1054 784 1129 quoddam
819 1053 1034 1114 molendinum
1065 1070 1157 1113 suum
1188 1070 1325 1126 currens,
1357 1053 1455 1112 simul

187 1177 260 1220 cum
283 1161 353 1220 loco
377 1166 407 1219 et
429 1161 560 1220 edificiis
583 1164 614 1220 in
645 1161 756 1220 eodem
784 1162 968 1219 constructis
997 1177 1033 1218 ac
1063 1160 1198 1235 quadam
1222 1165 1305 1219 terra
1340 1162 1456 1221 arabili

187 1267 249 1340 ipsi
271 1266 453 1327 molendino
483 1265 655 1343 subjacenti
678 1273 709 1325 et
743 1267 883 1326 attinenti
906 1268 986 1325 inter
1009 1275 1148 1325 meatum
1171 1266 1247 1325 dicti
1280 1268 1455 1327 molendini

187 1379 217 1431 et
240 1373 371 1432 ssuvium
405 1374 554 1432 existente
577 1374 609 1432 in
632 1374 788 1431 territorio
818 1378 847 1431 et
878 1373 974 1432 ssuvio
1005 1380 1111 1431 nostro
1134 1374 1214 1432 inter
1237 1372 1316 1432 duos
1339 1373 1452 1433 fluvios

186 1480 354 1559 Matichina
377 1486 407 1538 et
429 1479 561 1538 Pretolra
583 1486 710 1537 vocatos
732 1487 763 1538 et
785 1480 864 1537 intra
881 1480 950 1538 loca
966 1479 1191 1538 molendinario
1214 1494 1251 1537 ac
1273 1480 1455 1539 molendina

187 1586 303 1645 nobilis
338 1588 397 1645 viri
420 1586 556 1645 Ladislai
579 1585 714 1646 Szenche
742 1587 782 1643 ab
807 1601 867 1644 una
898 1592 928 1644 et
952 1587 1126 1646 liberorum
1159 1602 1213 1644 seu
1236 1601 1453 1646 successorum

186 1692 317 1751 condam
338 1692 462 1766 providi
485 1701 514 1751 et
536 1693 658 1751 honesti
681 1693 742 1751 viri
762 1693 897 1774 Joannis‚
933 1692 992 1750 iiiii
1014 1692 1123 1773 Jacobi
1146 1691 1220 1750 dicti
1242 1691 1350 1766 Bolye,
1375 1694 1453 1752 olim

185 1795 305 1874 judicis,
328 1800 503 1857 concivium
526 1798 673 1857 videlicet
688 1806 867 1858 nostrorum
883 1805 972 1873 parte
996 1800 1037 1857 ab
1062 1800 1159 1857 altera
1182 1799 1325 1871 existens,
1348 1800 1454 1874 ipsum

187 1905 273 1961 omni
294 1901 371 1978 juris
395 1905 485 1962 titulo
508 1905 691 1964 litteratorie
714 1919 908 1976 concernens,
943 1910 1038 1978 prout
1060 1906 1119 1963 hoc
1141 1906 1173 1962 in
1196 1904 1315 1962 eisdem
1340 1905 1453 1964 litteris

186 2011 299 2067 nostris
322 2011 573 2084 privilegialibus
595 2027 654 2086 pro
677 2019 766 2086 parte
788 2012 836 2070 sui
858 2011 1026 2085 superinde
1060 2010 1207 2070 confectis
1241 2016 1272 2069 et
1296 2013 1450 2070 emanatis

188 2132 224 2173 ac
247 2131 354 2174 coram
376 2118 467 2176 nobis
496 2120 528 2177 in
558 2120 660 2191 specie
694 2120 840 2177 exhibitis
874 2118 937 2176 fide
970 2119 1120 2177 contineri
1153 2118 1292 2177 vidimus
1320 2118 1453 2189 oculata,

186 2223 282 2280 simul
305 2239 378 2281 cum
401 2226 546 2283 omnibus
569 2226 730 2298 premissis
750 2231 781 2283 et
804 2226 874 2283 aliis
898 2226 1015 2283 cunctis
1046 2225 1143 2298 ipsius
1167 2224 1340 2283 molendini
1370 2226 1453 2284 utili·

188 2328 313 2402 tatibus,
337 2332 550 2404 proventibus,
574 2331 681 2389 usibus
704 2339 734 2389 et
756 2332 955 2405 pertinenciis
976 2332 1136 2402 universis,
1168 2331 1227 2389 sub
1250 2331 1316 2389 eius
1340 2331 1453 2406 priori·

188 2435 247 2491 bus
271 2437 353 2494 veris
376 2442 406 2494 et
428 2439 563 2511 antiquis
596 2438 694 2508 metis,
730 2443 823 2510 prout
858 2454 914 2512 per
937 2438 1044 2511 ipsum
1079 2436 1243 2496 dominum
1265 2437 1454 2496 Michaelem

187 2555 222 2598 ac
246 2541 325 2600 alios
349 2557 421 2599 suos
444 2544 604 2617 primevos
638 2559 730 2602 veros
753 2550 783 2602 et
806 2544 977 2617 legittimos
1007 2560 1201 2619 possessores
1224 2543 1310 2602 idem
1332 2546 1454 2604 molen·

187 2645 295 2704 dinum
318 2655 436 2707 tentum
460 2649 569 2708 fuisset
591 2656 621 2708 et
637 2665 825 2725 possessum,
849 2652 1004 2724 religiosis
1020 2667 1056 2709 ac
1072 2651 1131 2710 deo
1146 2651 1269 2710 devotis
1292 2650 1453 2724 fratribus,

187 2753 305 2826 totique
321 2756 538 2813 communitati
553 2757 696 2829 ipsorum
714 2756 847 2815 fratrum
860 2758 1077 2816 claustralium
1092 2759 1319 2832 premissorum
1335 2757 1454 2816 ordinis

187 2864 216 2916 et
239 2859 369 2918 ecclesie
392 2863 489 2920 sancti
520 2862 675 2922 Francisci
698 2863 891 2936 contessoris,
924 2864 1121 2937 presentibus
1145 2865 1262 2938 pariter
1283 2871 1315 2922 et
1339 2863 1454 2924 futuris

184 2964 301 3023 ibidem
332 2967 391 3025 deo
419 2966 533 3043 jugiter
567 2969 793 3028 famulantibus
827 2985 886 3043 pro
916 2972 1094 3043 octuaginta
1124 2970 1247 3028 ssorenis
1280 2972 1454 3045 euripum,
1492 3011 1496 3019 -

184 3072 258 3130 boni
281 3079 312 3131 et
333 3071 405 3149 justi
427 3075 582 3149 ponderis,
605 3092 662 3149 per
682 3083 844 3136 annotatos
867 3078 1097 3135 commissarios
1131 3079 1296 3135 memorati
1319 3078 1454 3138 condam

183 3180 309 3261 Joannis
333 3183 405 3239 bani
428 3184 591 3255 testatoris,
622 3199 660 3240 ex
683 3184 835 3276 prerpissa
859 3182 998 3240 eiusdem
1021 3184 1251 3242 testamentaria
1285 3183 1456 3257 legacione

183 3285 246 3362 jam
270 3290 371 3361 plene,
394 3291 440 3346 uti
464 3291 530 3364 ipse
554 3290 698 3348 dominus
714 3290 845 3347 Michael
862 3287 958 3365 judex
973 3291 1089 3360 retulit,
1113 3290 1194 3348 datis
1217 3297 1247 3347 et
1272 3291 1452 3364 persolutis,

188 3394 377 3453 vendidisset
396 3401 425 3452 et
448 3398 640 3469 assignasset,
665 3397 763 3453 immo
779 3413 817 3453 ex
833 3411 984 3454 consensu
1000 3401 1031 3454 et
1046 3397 1251 3469 permissione
1274 3397 1454 3454 vicinorum

186 3500 398 3573 predictorum
423 3501 570 3571 vendidit,
595 3501 723 3559 tradidit
739 3507 770 3559 et
786 3503 956 3575 assignavit
971 3517 1078 3560 coram
1094 3503 1185 3560 nobis
1206 3499 1276 3578 jure
1299 3507 1453 3576 perpetuo

185 3611 214 3662 et
236 3607 485 3664 irrevocabiliter
521 3605 753 3680 possidendum,
788 3609 955 3666 tenendum
990 3611 1108 3683 pariter
1138 3615 1168 3666 et
1200 3607 1381 3666 habendum
1416 3624 1452 3666 ac

184 3711 269 3768 iuxta
292 3712 506 3769 condicionem
540 3713 673 3769 civitatis
707 3722 869 3787 prenotate
891 3715 932 3771 ab
956 3716 1084 3788 antiquo
1120 3716 1338 3789 approbatam,
1374 3729 1452 3787 quo·

185 3816 414 3891 modocumque
439 3819 573 3876 voluerit
597 3818 841 3892 disponendum3
866 3823 908 3878 ita
930 3828 1042 3892 tamen,
1075 3821 1159 3895 quod
1183 3821 1267 3879 idem
1298 3821 1451 3879 molendi·

183 3938 259 3980 num
282 3940 353 3981 cum
389 3925 452 3982 suis
483 3927 599 3984 cunctis
634 3928 831 4000 pertinenciis
867 3929 1037 4000 prenotatis
1060 3943 1077 3984 a
1099 3926 1318 4004 jurisdiccione
1352 3920 1453 4001 ipsius

183 4031 316 4087 civitatis
339 4036 369 4088 et
391 4031 456 4088 eius
476 4033 624 4090 territorii
647 4049 704 4105 per
726 4034 831 4090 nullos
855 4035 920 4091 eius
936 4049 1132 4107 possessores
1149 4041 1307 4108 presentes
1333 4034 1454 4093 scilicet

184 4137 234 4193 vel
259 4135 379 4194 futuros
402 4137 471 4194 ullo
494 4153 633 4211 unquam
655 4145 797 4212 tempore
820 4141 917 4197 avelli
941 4142 1039 4214 possit
1061 4156 1116 4198 seu
1138 4141 1282 4210 alienari;
1306 4142 1452 4214 antiquas

184 4257 308 4316 quoque
330 4243 460 4318 litteras,
483 4245 510 4301 si
533 4261 594 4318 que
610 4244 711 4302 forent
723 4247 918 4318 presentibus
934 4247 1096 4318 contrarie,
1113 4262 1215 4304 cassas
1240 4247 1452 4320 relinquimus

184 4354 213 4405 et
237 4350 357 4407 viribus
380 4351 537 4408 carituras.
561 4351 595 4408 In
618 4352 705 4408 cuius
727 4352 771 4410 rei
788 4353 982 4424 memoriam,
1002 4353 1246 4426 firmitatemque
1262 4359 1449 4426 perpetuam

183 4455 379 4527 presentibus
402 4456 545 4527 sigillum
579 4462 721 4514 nostrum
744 4472 909 4515 commune
933 4459 1080 4517 duximus
1103 4458 1355 4532 appendendum.
1388 4460 1451 4517 Da·

182 4564 248 4616 tum
271 4560 303 4617 in
327 4559 405 4619 festo
429 4562 513 4618 beati
534 4562 643 4646 Jacobi
680 4564 823 4636 apostoli.
848 4565 938 4623 Anno
961 4565 1080 4623 domini
1103 4566 1276 4624 millesimo
1300 4565 1448 4638 quadrin-

181 4666 352 4737 gentesimo
375 4667 529 4739 vigesimo
551 4669 670 4740 quinto.

286 4803 310 4851 E
329 4808 489 4868 transumpto
508 4820 572 4855 saec.
591 4804 687 4854 XVII.
715 4807 747 4854 In
766 4806 870 4856 archivo
895 4824 965 4872 regn.
995 4809 1079 4859 Croat.
1106 4807 1175 4860 Slav.
1201 4805 1286 4859 Dalm.
1306 4807 1368 4859 Ace
1389 4806 1440 4858 Soc

179 4891 233 4956 Jes.
253 4891 314 4944 inse.
338 4905 376 4944 12.
396 4909 433 4944 nr.
455 4905 496 4945 22.
