3278 5348
626 430 1036 509 Mm-mwe
1416 448 1455 511 m

186 645 302 716 tuerit;
321 652 426 705 tamen
449 646 517 720 ipse
541 646 743 721 postmodum
768 654 888 704 matura
912 648 943 705 in
966 664 999 704 se
1029 647 1256 705 deliberacione
1297 650 1459 721 prehabita

184 758 216 811 et
239 766 314 809 usus
338 752 470 809 consilio
491 753 622 824 saniore,
638 752 745 810 nolens
768 754 866 810 eciam
889 753 1035 810 ultimam
1058 755 1155 827 ipsius
1178 754 1308 812 condam
1342 754 1459 813 domini

190 856 332 932 episcopi
354 855 461 915 fratris
483 858 532 916 sui
555 858 750 916 voluntatem
772 863 803 916 et
827 872 870 929 ea,
895 874 955 931 quc
987 875 1043 932 per
1077 862 1181 932 ipsum
1215 860 1255 917 ad
1287 862 1355 935 pios
1386 876 1459 918 usus

188 969 261 1021 sunt
285 963 455 1021 salubriter
477 962 629 1037 disposita
652 962 818 1037 infringere
842 964 893 1021 vel
909 964 1111 1036 aliquomodo
1129 964 1289 1039 impedire,
1306 966 1459 1025 mediante

186 1068 411 1127 nichilominus
434 1069 664 1143 composicione
680 1069 841 1127 reverendi
856 1070 888 1127 in
912 1069 1035 1128 Christo
1058 1073 1155 1143 patris
1178 1070 1297 1129 domini
1311 1072 1459 1154 Johannis

188 1176 330 1250 episcopi
346 1176 493 1248 tyniensis
515 1180 546 1234 et
568 1176 784 1250 gubernatoris
800 1178 996 1251 prepositure
1019 1177 1057 1234 de
1071 1176 1226 1249 Byenyk0,
1245 1178 1459 1252 nobiliumque

187 1287 218 1339 et
241 1283 440 1355 egregiorum
464 1280 591 1355 Georgii
609 1282 653 1340 de
677 1280 819 1354 Bykzaad
841 1289 869 1339 et
892 1283 1041 1365 Johannis
1068 1283 1149 1340 Thot
1179 1283 1217 1340 de
1249 1283 1460 1342 Zwmzedwar

187 1402 224 1444 ac
247 1388 385 1446 aliorum
406 1388 562 1446 nobilium
596 1393 626 1445 et
650 1387 823 1461 proborum
857 1390 998 1445 virorum
1035 1405 1091 1462 per
1134 1390 1217 1462 ipsas
1248 1395 1351 1462 partes
1375 1405 1458 1448 com-

185 1494 323 1551 muniter
344 1494 524 1565 electorum,
541 1509 674 1552 unacum
697 1495 874 1551 honorabili
896 1495 964 1550 viro
981 1493 1108 1552 domino
1122 1495 1261 1576 Johanne
1285 1502 1408 1553 cantore
1429 1502 1459 1554 et

187 1601 335 1658 canonico
359 1600 539 1674 vicarioque
562 1600 634 1658 sede
658 1607 786 1658 vacante
810 1598 891 1658 dicte
914 1599 1121 1672 zagrabiensis
1153 1600 1280 1658 ecclesie
1303 1603 1335 1658 in
1365 1603 1455 1675 spiri·

187 1706 327 1763 tualibus
349 1706 495 1778 generali,
518 1712 682 1763 executore
705 1707 823 1763 scilicet
845 1708 1020 1764 testamenti
1044 1706 1175 1780 predicti
1192 1706 1324 1764 condam
1337 1705 1458 1766 domini

187 1810 337 1894 Johannis
360 1813 508 1885 episcopi,
531 1812 670 1871 omnium
695 1812 829 1870 aliorum
853 1857 1013 1870 ......
1038 1815 1152 1871 virtute
1175 1813 1250 1871 dicti
1283 1815 1458 1872 testamenti

187 1923 427 1992 representante,
447 1931 566 1976 necnon
589 1917 718 1992 prefatis
741 1917 874 1975 dominis
898 1917 953 1973 de·
968 1919 1105 1992 capitulo
1129 1920 1321 1991 zagrabiensi
1343 1920 1457 1978 sanatis

189 2025 312 2098 penitus
336 2030 366 2081 et
389 2023 502 2081 sedatis
526 2039 561 2081 ac
584 2023 733 2098 depositis
768 2024 913 2081 omnibus
949 2025 1167 2081 controversiis
1208 2032 1237 2081 et
1259 2025 1368 2082 litibus
1400 2026 1456 2083 hu·

191 2146 307 2203 cusque
329 2131 409 2187 inter
432 2146 464 2187 se
487 2130 601 2188 habitis
624 2129 665 2187 ad
688 2130 784 2188 talem
808 2130 894 2204 pacis
917 2135 947 2186 et
972 2129 1134 2187 concordie
1166 2130 1360 2188 devenissent
1390 2133 1457 2188 uni·

188 2250 295 2294 onem:
317 2236 401 2310 quod
425 2238 492 2309 ipse
514 2235 667 2294 Rodolfus
698 2240 814 2295 rectam
832 2242 861 2294 et
886 2236 1028 2308 equalem
1053 2235 1250 2293 medietatem
1275 2236 1355 2294 dicte
1384 2240 1457 2296 civi·

189 2344 260 2400 tatis
282 2343 464 2416 Kaproncza
489 2346 518 2400 et
543 2343 634 2400 castri
651 2342 886 2416 Kwkaproncza
903 2347 1092 2411 vocatarum,
1116 2344 1319 2416 omniumque
1336 2358 1456 2417 posses-

187 2450 320 2520 sionum,
345 2449 505 2519 villarum,
530 2449 727 2521 tributorum,
744 2450 914 2518 vinearum,
930 2449 1091 2514 silvarum,
1107 2463 1280 2519 nemorum,
1303 2457 1457 2507 terrarum

186 2555 364 2625 arabilium,
389 2555 547 2612 moncium
579 2562 609 2612 et
636 2556 853 2628 terragiorum,
885 2554 1067 2626 fenetorum,
1098 2561 1270 2628 pratorum,
1304 2557 1456 2627 aquarum

185 2667 214 2718 et
237 2660 414 2731 fluviorum,
438 2661 687 2719 molendinorum
712 2667 743 2719 et
766 2662 1002 2734 piscaturarum‚
1024 2667 1267 2733 cunctorumque
1299 2667 1329 2719 et
1351 2663 1456 2735 singu·

185 2766 289 2824 lorum
312 2765 446 2824 aliorum
470 2771 689 2839 proventuum,
711 2767 996 2824 emolumentorum
1027 2772 1056 2822 et
1080 2767 1253 2823 utilitatum
1284 2767 1456 2839 quomodo·

185 2888 319 2946 cumque
344 2888 382 2930 ex
406 2872 522 2930 eisdem
546 2872 638 2930 etde
662 2873 778 2930 eisdem
802 2874 1056 2947 proveniencium
1088 2879 1117 2929 et
1149 2875 1313 2946 provenire
1343 2874 1456 2931 deben-

185 2979 276 3050 cium,
300 2979 481 3052 realemque
504 2984 535 3036 et
558 2981 754 3053 corporalem
787 2981 1013 3055 possessionem
1045 2980 1142 3053 ipsius
1174 2979 1346 3038 medietatis
1381 2981 1456 3038 civi-

184 3086 255 3144 tatis
271 3085 454 3159 Kaproncza
469 3100 587 3144 necnon
605 3088 705 3158 castri,
722 3089 1014 3161 possessionumque
1037 3092 1066 3143 et
1083 3087 1240 3158 villarum,
1253 3087 1344 3144 illam
1367 3087 1452 3144 vide·

184 3193 256 3250 licet
293 3197 424 3266 partem,
463 3207 558 3265 quam
590 3192 729 3267 prefatus
759 3193 890 3251 condam
919 3192 1064 3251 dominus
1099 3194 1253 3275 Johannes
1292 3195 1456 3268 episcopus

184 3304 255 3371 post
280 3298 465 3356 divisionem
490 3298 563 3357 dicti
587 3300 681 3356 castri
703 3305 733 3356 et
757 3302 986 3374 possessionum
1011 3301 1090 3357 inter
1112 3301 1197 3373 ipsos
1226 3300 1304 3356 alias
1341 3300 1456 3357 factam

184 3405 342 3463 habuisset
363 3411 393 3463 et
412 3406 567 3476 tenuisset,
592 3404 712 3479 prefato
735 3406 862 3465 domino
885 3408 1011 3479 cantori,
1035 3415 1196 3479 tamquam
1219 3408 1384 3477 executori,
1417 3421 1452 3464 ac

184 3512 337 3570 annotatis
367 3510 500 3570 dominis
535 3512 573 3570 de
615 3514 753 3587 capitulo
793 3514 986 3586 zagrabiensi
1022 3518 1183 3585 tamquam
1219 3512 1452 3570 coadiutoribus

184 3616 276 3675 huius
300 3616 490 3676 saluberime
514 3620 706 3677 execucionis
721 3620 949 3677 testamentarie
967 3618 1183 3692 disposicionis
1200 3619 1297 3692 ipsius
1320 3617 1452 3676 condam

183 3722 302 3781 domini
324 3724 462 3799 episcopi
486 3741 563 3800 pure
586 3731 617 3783 et
639 3727 823 3800 simpliciter
839 3727 1019 3798 remisisset,
1035 3725 1205 3782 relaxasset
1222 3730 1252 3782 et
1268 3724 1455 3798 reliquisset,

184 3830 281 3888 immo
311 3843 417 3888 coram
448 3831 538 3889 uobis
559 3832 687 3903 remisit,
710 3832 863 3889 relaxavit
887 3838 916 3889 et
947 3832 1081 3904 reliquit,
1113 3830 1281 3889 secundum
1314 3832 1454 3904 vigorem

183 3934 258 3993 dicti
282 3938 457 3995 testamenti
479 3943 510 3995 et
533 3938 771 4012 disposicionem
793 3937 906 4011 prefati
930 3937 1061 3995 condam
1095 3938 1212 3994 domini
1228 3938 1376 4019 Johannis
1392 3938 1455 4010 epi·

183 4043 271 4116 scopi
295 4041 335 4099 ad
359 4042 510 4102 fabricam
544 4044 624 4103 dicte
660 4046 787 4102 ecclesie
818 4046 915 4101 sancti
947 4046 1027 4116 regis
1058 4043 1206 4117 Stephani
1237 4045 1452 4117 zagrabiensis‚

184 4163 241 4222 per
264 4148 391 4207 eosdem
416 4150 630 4224 dispensanda,
655 4151 841 4208 annectenda
875 4158 904 4207 et
939 4150 1153 4221 convertenda,
1189 4152 1247 4207 hoc
1277 4151 1454 4224 specialiter

183 4252 351 4325 declarato,
376 4255 460 4328 quod
482 4256 514 4313 in
538 4263 658 4328 eventu,
693 4273 755 4330 quo
795 4256 933 4331 prefatus
965 4257 1109 4315 dominus
1132 4265 1236 4314 noster
1274 4258 1452 4329 imperator,

182 4360 246 4418 vita
268 4361 330 4419 sibi
354 4363 474 4433 comite,
491 4369 544 4420 aut
566 4363 680 4436 aliquis
700 4378 809 4435 regum
832 4364 999 4435 llungarie‚
1017 4379 1173 4421 successor
1189 4379 1271 4431 suus,
1295 4362 1450 4435 prescrip·

186 4472 252 4524 tam
284 4466 440 4526 civitatem
477 4468 659 4542 Kaproncza
694 4483 810 4526 necnon
842 4469 1017 4543 predictum
1049 4476 1185 4527 castrum
1217 4466 1450 4540 Kirlraproncza

183 4572 381 4645 appellatum
405 4587 463 4647 pro
487 4575 646 4647 premissis
670 4590 724 4631 sex
748 4575 890 4633 millibus
914 4584 1036 4633 centum
1060 4576 1218 4648 sexaginta
1242 4590 1295 4630 sex
1327 4572 1448 4629 llorenis

183 4678 250 4737 auri
274 4692 310 4737 ac
332 4680 475 4738 trecentis
498 4678 717 4755 jobagionibus
742 4683 837 4739 vellet
861 4682 1013 4740 redimere
1036 4684 1086 4739 vel
1110 4681 1269 4739 redimerit
1299 4680 1337 4736 de
1361 4676 1451 4749 sacto,

182 4790 294 4842 extunc
318 4784 463 4845 similiter
484 4792 567 4844 recta
590 4795 621 4844 et
644 4788 764 4861 equalis
788 4788 937 4847 medietas
960 4794 1024 4846 tam
1047 4787 1183 4863 predicte
1207 4802 1328 4843 summe
1364 4784 1452 4842 llore-

181 4902 295 4949 norum
319 4905 414 4965 quam
439 4891 593 4951 dictorum
618 4900 825 4952 trecentorum
849 4893 1049 4969 jobagionum
1082 4894 1119 4951 ad
1145 4892 1316 4967 predictam
1347 4908 1452 4965 cagra-

1350 5014 1365 5070 7
