<?xml version="1.0" encoding="UTF-8"?>
<!DOCTYPE html PUBLIC "-//W3C//DTD XHTML 1.0 Transitional//EN"
    "http://www.w3.org/TR/xhtml1/DTD/xhtml1-transitional.dtd">
<html xmlns="http://www.w3.org/1999/xhtml" xml:lang="en" lang="en">
 <head>
  <title>
</title>
<meta http-equiv="Content-Type" content="text/html;charset=utf-8" />
  <meta name='ocr-system' content='tesseract 3.04.00' />
  <meta name='ocr-capabilities' content='ocr_page ocr_carea ocr_par ocr_line ocrx_word'/>
</head>
<body>
  <div class='ocr_page' id='page_1' title='image "./monumentahistor01laszgoog_0649.png"; bbox 0 0 3278 5348; ppageno 0'>
   <div class='ocr_carea' id='block_1_1' title="bbox 622 400 1054 500">
    <p class='ocr_par' dir='ltr' id='par_1_1' title="bbox 622 400 1054 500">
     <span class='ocr_line' id='line_1_1' title="bbox 622 400 1054 500; baseline 0.002 -21"><span class='ocrx_word' id='word_1_1' title='bbox 622 400 709 479; x_wconf 73' lang='lat' dir='ltr'>¹Duc.</span> <span class='ocrx_word' id='word_1_2' title='bbox 725 416 805 496; x_wconf 76' lang='lat'>306.</span> <span class='ocrx_word' id='word_1_3' title='bbox 827 454 871 465; x_wconf 95' lang='lat'>-</span> <span class='ocrx_word' id='word_1_4' title='bbox 894 421 950 480; x_wconf 77' lang='lat' dir='ltr'>An.</span> <span class='ocrx_word' id='word_1_5' title='bbox 974 432 1054 500; x_wconf 70' lang='lat'><em>1477</em></span> 
     </span>
    </p>
   </div>
   <div class='ocr_carea' id='block_1_2' title="bbox 799 788 888 854">
    <p class='ocr_par' dir='ltr' id='par_1_2' title="bbox 799 788 888 854">
     <span class='ocr_line' id='line_1_2' title="bbox 799 788 888 854; baseline -0.011 -1"><span class='ocrx_word' id='word_1_6' title='bbox 799 788 888 854; x_wconf 81' lang='lat'><strong>306.</strong></span> 
     </span>
    </p>
   </div>
   <div class='ocr_carea' id='block_1_3' title="bbox 328 980 798 1046">
    <p class='ocr_par' dir='ltr' id='par_1_3' title="bbox 328 980 798 1046">
     <span class='ocr_line' id='line_1_3' title="bbox 328 980 798 1046; baseline 0.013 -15"><span class='ocrx_word' id='word_1_7' title='bbox 328 983 412 1032; x_wconf 77' lang='lat' dir='ltr'>Amo</span> <span class='ocrx_word' id='word_1_8' title='bbox 433 993 507 1046; x_wconf 74' lang='lat'>1477,</span> <span class='ocrx_word' id='word_1_9' title='bbox 527 993 552 1045; x_wconf 86' lang='lat'>7.</span> <span class='ocrx_word' id='word_1_10' title='bbox 568 981 652 1046; x_wconf 72' lang='lat' dir='ltr'>juti.</span> <span class='ocrx_word' id='word_1_11' title='bbox 670 980 770 1032; x_wconf 66' lang='lat' dir='ltr'>hehe.</span> <span class='ocrx_word' id='word_1_12' title='bbox 796 1032 798 1037; x_wconf 93' lang='lat'><em>.</em></span> 
     </span>
    </p>
   </div>
   <div class='ocr_carea' id='block_1_4' title="bbox 209 1161 1475 1360">
    <p class='ocr_par' dir='ltr' id='par_1_4' title="bbox 209 1161 1475 1360">
     <span class='ocr_line' id='line_1_4' title="bbox 209 1161 1475 1244; baseline 0.001 -22"><span class='ocrx_word' id='word_1_13' title='bbox 209 1163 237 1223; x_wconf 74' lang='lat' dir='ltr'><em>A</em></span> <span class='ocrx_word' id='word_1_14' title='bbox 259 1161 392 1234; x_wconf 65' lang='lat' dir='ltr'>Mami,</span> <span class='ocrx_word' id='word_1_15' title='bbox 416 1161 596 1237; x_wconf 77' lang='lat' dir='ltr'>Hunguniu</span> <span class='ocrx_word' id='word_1_16' title='bbox 617 1168 667 1220; x_wconf 77' lang='lat' dir='ltr'>etc</span> <span class='ocrx_word' id='word_1_17' title='bbox 688 1179 763 1236; x_wconf 83' lang='lat' dir='ltr'>rege,</span> <span class='ocrx_word' id='word_1_18' title='bbox 782 1161 978 1236; x_wconf 74' lang='lat' dir='ltr'>privr&#39;legium,</span> <span class='ocrx_word' id='word_1_19' title='bbox 1000 1179 1056 1236; x_wconf 84' lang='lat' dir='ltr'>quo</span> <span class='ocrx_word' id='word_1_20' title='bbox 1075 1163 1268 1234; x_wconf 77' lang='lat' dir='ltr'>constituimr,</span> <span class='ocrx_word' id='word_1_21' title='bbox 1284 1164 1315 1220; x_wconf 86' lang='lat' dir='ltr'>in</span> <span class='ocrx_word' id='word_1_22' title='bbox 1330 1161 1475 1244; x_wconf 83' lang='lat' dir='ltr'>cujusju-</span> 
     </span>
     <span class='ocr_line' id='line_1_5' title="bbox 303 1285 1385 1360; baseline 0.003 -17"><span class='ocrx_word' id='word_1_23' title='bbox 303 1286 408 1344; x_wconf 86' lang='lat' dir='ltr'><em>dicium</em></span> <span class='ocrx_word' id='word_1_24' title='bbox 430 1287 504 1345; x_wconf 69' lang='lat' dir='ltr'>cibes</span> <span class='ocrx_word' id='word_1_25' title='bbox 525 1285 726 1360; x_wconf 78' lang='lat' dir='ltr'>zagrabienscs</span> <span class='ocrx_word' id='word_1_26' title='bbox 748 1285 850 1343; x_wconf 82' lang='lat' dir='ltr'>vocari</span> <span class='ocrx_word' id='word_1_27' title='bbox 869 1286 910 1343; x_wconf 85' lang='lat' dir='ltr'>sit</span> <span class='ocrx_word' id='word_1_28' title='bbox 921 1285 989 1360; x_wconf 80' lang='lat' dir='ltr'>jas,</span> <span class='ocrx_word' id='word_1_29' title='bbox 1011 1285 1162 1345; x_wconf 59' lang='lat' dir='ltr'>mnrium</span> <span class='ocrx_word' id='word_1_30' title='bbox 1185 1288 1385 1352; x_wconf 71' lang='lat' dir='ltr'>confirmatur.</span> 
     </span>
    </p>
   </div>
   <div class='ocr_carea' id='block_1_5' title="bbox 1050 1477 1417 1544">
    <p class='ocr_par' dir='ltr' id='par_1_5' title="bbox 1050 1477 1417 1544">
     <span class='ocr_line' id='line_1_6' title="bbox 1050 1477 1417 1544; baseline 0.014 -19"><span class='ocrx_word' id='word_1_31' title='bbox 1050 1477 1204 1526; x_wconf 86' lang='lat' dir='ltr'>Commissio</span> <span class='ocrx_word' id='word_1_32' title='bbox 1223 1478 1322 1527; x_wconf 89' lang='lat' dir='ltr'>domini</span> <span class='ocrx_word' id='word_1_33' title='bbox 1340 1479 1417 1544; x_wconf 83' lang='lat' dir='ltr'>regis.</span> 
     </span>
    </p>
   </div>
   <div class='ocr_carea' id='block_1_6' title="bbox 183 1606 1495 4974">
    <p class='ocr_par' dir='ltr' id='par_1_6' title="bbox 183 1606 1495 4974">
     <span class='ocr_line' id='line_1_7' title="bbox 311 1606 1487 1681; baseline 0.002 -18"><span class='ocrx_word' id='word_1_34' title='bbox 311 1607 443 1665; x_wconf 89' lang='lat' dir='ltr'>Mathias</span> <span class='ocrx_word' id='word_1_35' title='bbox 467 1606 517 1665; x_wconf 89' lang='lat' dir='ltr'>dei</span> <span class='ocrx_word' id='word_1_36' title='bbox 539 1606 644 1680; x_wconf 79' lang='lat' dir='ltr'>gracia</span> <span class='ocrx_word' id='word_1_37' title='bbox 666 1624 722 1666; x_wconf 82' lang='lat' dir='ltr'>rex</span> <span class='ocrx_word' id='word_1_38' title='bbox 745 1608 913 1681; x_wconf 89' lang='lat' dir='ltr'>Hungarie,</span> <span class='ocrx_word' id='word_1_39' title='bbox 938 1606 1083 1665; x_wconf 83' lang='lat' dir='ltr'>Bohemie</span> <span class='ocrx_word' id='word_1_40' title='bbox 1106 1611 1164 1665; x_wconf 90' lang='lat' dir='ltr'>etc.</span> <span class='ocrx_word' id='word_1_41' title='bbox 1184 1606 1345 1665; x_wconf 88' lang='lat' dir='ltr'>Fidelibus</span> <span class='ocrx_word' id='word_1_42' title='bbox 1359 1609 1487 1668; x_wconf 86' lang='lat' dir='ltr'>nostris.</span> 
     </span>
     <span class='ocr_line' id='line_1_8' title="bbox 204 1713 1495 1789; baseline 0.001 -20"><span class='ocrx_word' id='word_1_43' title='bbox 204 1713 379 1771; x_wconf 84' lang='lat' dir='ltr'>venerabili</span> <span class='ocrx_word' id='word_1_44' title='bbox 415 1713 560 1772; x_wconf 79' lang='lat' dir='ltr'>ladislao</span> <span class='ocrx_word' id='word_1_45' title='bbox 593 1715 753 1789; x_wconf 87' lang='lat' dir='ltr'>preposito</span> <span class='ocrx_word' id='word_1_46' title='bbox 783 1715 930 1785; x_wconf 89' lang='lat' dir='ltr'>budensi,</span> <span class='ocrx_word' id='word_1_47' title='bbox 967 1713 1139 1788; x_wconf 89' lang='lat' dir='ltr'>personalis</span> <span class='ocrx_word' id='word_1_48' title='bbox 1174 1714 1332 1787; x_wconf 86' lang='lat' dir='ltr'>presencie</span> <span class='ocrx_word' id='word_1_49' title='bbox 1367 1720 1495 1774; x_wconf 84' lang='lat' dir='ltr'>nostre.</span> 
     </span>
     <span class='ocr_line' id='line_1_9' title="bbox 201 1816 1470 1897; baseline 0.004 -22"><span class='ocrx_word' id='word_1_50' title='bbox 201 1818 432 1891; x_wconf 88' lang='lat' dir='ltr'>locumtenenti‚</span> <span class='ocrx_word' id='word_1_51' title='bbox 454 1821 530 1879; x_wconf 89' lang='lat' dir='ltr'>item</span> <span class='ocrx_word' id='word_1_52' title='bbox 553 1821 727 1894; x_wconf 88' lang='lat' dir='ltr'>magnificis</span> <span class='ocrx_word' id='word_1_53' title='bbox 750 1816 888 1896; x_wconf 90' lang='lat' dir='ltr'>palatino</span> <span class='ocrx_word' id='word_1_54' title='bbox 911 1826 941 1878; x_wconf 92' lang='lat' dir='ltr'>et</span> <span class='ocrx_word' id='word_1_55' title='bbox 957 1818 1052 1897; x_wconf 87' lang='lat' dir='ltr'>judici</span> <span class='ocrx_word' id='word_1_56' title='bbox 1068 1820 1280 1892; x_wconf 81' lang='lat' dir='ltr'>curie‘nostre,</span> <span class='ocrx_word' id='word_1_57' title='bbox 1297 1821 1470 1895; x_wconf 86' lang='lat' dir='ltr'>vestrisque</span> 
     </span>
     <span class='ocr_line' id='line_1_10' title="bbox 202 1923 1469 2000; baseline 0.002 -17"><span class='ocrx_word' id='word_1_58' title='bbox 202 1925 236 1983; x_wconf 91' lang='lat' dir='ltr'>in</span> <span class='ocrx_word' id='word_1_59' title='bbox 258 1923 397 2000; x_wconf 83' lang='lat' dir='ltr'>judicatu</span> <span class='ocrx_word' id='word_1_60' title='bbox 420 1926 504 1985; x_wconf 84' lang='lat' dir='ltr'>vices</span> <span class='ocrx_word' id='word_1_61' title='bbox 526 1927 713 2000; x_wconf 76' lang='lat' dir='ltr'>gerentibus,</span> <span class='ocrx_word' id='word_1_62' title='bbox 736 1928 924 1985; x_wconf 78' lang='lat' dir='ltr'>salutemet</span> <span class='ocrx_word' id='word_1_63' title='bbox 946 1927 1095 1999; x_wconf 84' lang='lat' dir='ltr'>graciam.</span> <span class='ocrx_word' id='word_1_64' title='bbox 1108 1925 1293 1998; x_wconf 59' lang='lat' dir='ltr'>disponitur</span> <span class='ocrx_word' id='word_1_65' title='bbox 1315 1928 1469 1986; x_wconf 86' lang='lat' dir='ltr'>maiestati</span> 
     </span>
     <span class='ocr_line' id='line_1_11' title="bbox 200 2029 1469 2112; baseline 0.002 -24"><span class='ocrx_word' id='word_1_66' title='bbox 200 2036 308 2089; x_wconf 86' lang='lat' dir='ltr'>nostre</span> <span class='ocrx_word' id='word_1_67' title='bbox 337 2034 370 2090; x_wconf 90' lang='lat' dir='ltr'>in</span> <span class='ocrx_word' id='word_1_68' title='bbox 397 2034 538 2106; x_wconf 83' lang='lat' dir='ltr'>personis</span> <span class='ocrx_word' id='word_1_69' title='bbox 568 2032 712 2091; x_wconf 84' lang='lat' dir='ltr'>fidelium</span> <span class='ocrx_word' id='word_1_70' title='bbox 741 2040 921 2091; x_wconf 82' lang='lat' dir='ltr'>nostrorum</span> <span class='ocrx_word' id='word_1_71' title='bbox 950 2030 1063 2107; x_wconf 78' lang='lat' dir='ltr'>judicis</span> <span class='ocrx_word' id='word_1_72' title='bbox 1094 2037 1125 2088; x_wconf 89' lang='lat' dir='ltr'>et</span> <span class='ocrx_word' id='word_1_73' title='bbox 1146 2029 1323 2106; x_wconf 78' lang='lat' dir='ltr'>juratorum</span> <span class='ocrx_word' id='word_1_74' title='bbox 1344 2033 1469 2112; x_wconf 83' lang='lat' dir='ltr'>civium,</span> 
     </span>
     <span class='ocr_line' id='line_1_12' title="bbox 199 2136 1469 2211; baseline 0.003 -17"><span class='ocrx_word' id='word_1_75' title='bbox 199 2151 320 2195; x_wconf 87' lang='lat' dir='ltr'>necnon</span> <span class='ocrx_word' id='word_1_76' title='bbox 343 2140 442 2196; x_wconf 79' lang='lat' dir='ltr'>tocius</span> <span class='ocrx_word' id='word_1_77' title='bbox 464 2139 696 2196; x_wconf 78' lang='lat' dir='ltr'>communitatis</span> <span class='ocrx_word' id='word_1_78' title='bbox 716 2139 852 2197; x_wconf 78' lang='lat' dir='ltr'>civitatis</span> <span class='ocrx_word' id='word_1_79' title='bbox 872 2137 1208 2210; x_wconf 79' lang='lat' dir='ltr'>nostreragrabiensis,</span> <span class='ocrx_word' id='word_1_80' title='bbox 1224 2136 1469 2211; x_wconf 65' lang='lat' dir='ltr'>quenquennis</span> 
     </span>
     <span class='ocr_line' id='line_1_13' title="bbox 199 2242 1468 2320; baseline 0.002 -20"><span class='ocrx_word' id='word_1_81' title='bbox 199 2242 262 2316; x_wconf 89' lang='lat' dir='ltr'>ipsi</span> <span class='ocrx_word' id='word_1_82' title='bbox 284 2244 411 2318; x_wconf 89' lang='lat' dir='ltr'>antiqua</span> <span class='ocrx_word' id='word_1_83' title='bbox 434 2245 577 2318; x_wconf 86' lang='lat' dir='ltr'>ipsorum</span> <span class='ocrx_word' id='word_1_84' title='bbox 599 2245 744 2304; x_wconf 84' lang='lat' dir='ltr'>libertate</span> <span class='ocrx_word' id='word_1_85' title='bbox 768 2261 825 2320; x_wconf 88' lang='lat' dir='ltr'>per</span> <span class='ocrx_word' id='word_1_86' title='bbox 847 2244 938 2304; x_wconf 82' lang='lat' dir='ltr'>divos</span> <span class='ocrx_word' id='word_1_87' title='bbox 960 2260 1051 2316; x_wconf 85' lang='lat' dir='ltr'>reges</span> <span class='ocrx_word' id='word_1_88' title='bbox 1072 2242 1308 2317; x_wconf 68' lang='lat' dir='ltr'>predecessores</span> <span class='ocrx_word' id='word_1_89' title='bbox 1337 2254 1468 2318; x_wconf 74' lang='lat' dir='ltr'>nosnos,</span> 
     </span>
     <span class='ocr_line' id='line_1_14' title="bbox 198 2350 1468 2426; baseline 0.004 -21"><span class='ocrx_word' id='word_1_90' title='bbox 198 2354 230 2405; x_wconf 89' lang='lat' dir='ltr'>et</span> <span class='ocrx_word' id='word_1_91' title='bbox 252 2350 349 2407; x_wconf 88' lang='lat' dir='ltr'>eciam</span> <span class='ocrx_word' id='word_1_92' title='bbox 372 2367 429 2424; x_wconf 88' lang='lat' dir='ltr'>per</span> <span class='ocrx_word' id='word_1_93' title='bbox 450 2356 590 2409; x_wconf 82' lang='lat' dir='ltr'>nostram</span> <span class='ocrx_word' id='word_1_94' title='bbox 613 2353 807 2426; x_wconf 85' lang='lat' dir='ltr'>maiestatem</span> <span class='ocrx_word' id='word_1_95' title='bbox 831 2352 908 2425; x_wconf 86' lang='lat' dir='ltr'>ipsis</span> <span class='ocrx_word' id='word_1_96' title='bbox 930 2366 1073 2409; x_wconf 83' lang='lat' dir='ltr'>concessa</span> <span class='ocrx_word' id='word_1_97' title='bbox 1096 2351 1282 2423; x_wconf 76' lang='lat' dir='ltr'>requirente,</span> <span class='ocrx_word' id='word_1_98' title='bbox 1305 2350 1386 2408; x_wconf 86' lang='lat' dir='ltr'>inter</span> <span class='ocrx_word' id='word_1_99' title='bbox 1419 2367 1468 2410; x_wconf 84' lang='lat' dir='ltr'>ce·</span> 
     </span>
     <span class='ocr_line' id='line_1_15' title="bbox 198 2456 1466 2532; baseline 0.006 -20"><span class='ocrx_word' id='word_1_100' title='bbox 198 2461 265 2512; x_wconf 87' lang='lat' dir='ltr'>tera</span> <span class='ocrx_word' id='word_1_101' title='bbox 287 2456 343 2513; x_wconf 90' lang='lat' dir='ltr'>illa</span> <span class='ocrx_word' id='word_1_102' title='bbox 374 2458 574 2530; x_wconf 75' lang='lat' dir='ltr'>prerogativa</span> <span class='ocrx_word' id='word_1_103' title='bbox 604 2473 728 2532; x_wconf 85' lang='lat' dir='ltr'>semper</span> <span class='ocrx_word' id='word_1_104' title='bbox 757 2459 806 2516; x_wconf 87' lang='lat' dir='ltr'>usi</span> <span class='ocrx_word' id='word_1_105' title='bbox 839 2457 961 2529; x_wconf 80' lang='lat' dir='ltr'>fuerint,</span> <span class='ocrx_word' id='word_1_106' title='bbox 985 2464 1019 2515; x_wconf 85' lang='lat' dir='ltr'>ut</span> <span class='ocrx_word' id='word_1_107' title='bbox 1040 2457 1148 2515; x_wconf 81' lang='lat' dir='ltr'>nullus</span> <span class='ocrx_word' id='word_1_108' title='bbox 1169 2457 1256 2530; x_wconf 78' lang='lat' dir='ltr'>ipsos</span> <span class='ocrx_word' id='word_1_109' title='bbox 1279 2457 1331 2514; x_wconf 84' lang='lat' dir='ltr'>vel</span> <span class='ocrx_word' id='word_1_110' title='bbox 1355 2471 1466 2519; x_wconf 82' lang='lat' dir='ltr'>eornm</span> 
     </span>
     <span class='ocr_line' id='line_1_16' title="bbox 196 2561 1466 2638; baseline 0.003 -20"><span class='ocrx_word' id='word_1_111' title='bbox 196 2561 333 2619; x_wconf 85' lang='lat' dir='ltr'>alterum</span> <span class='ocrx_word' id='word_1_112' title='bbox 356 2563 388 2620; x_wconf 92' lang='lat' dir='ltr'>in</span> <span class='ocrx_word' id='word_1_113' title='bbox 411 2566 600 2637; x_wconf 72' lang='lat' dir='ltr'>presenciam</span> <span class='ocrx_word' id='word_1_114' title='bbox 622 2581 895 2638; x_wconf 76' lang='lat' dir='ltr'>quorumcumque</span> <span class='ocrx_word' id='word_1_115' title='bbox 918 2565 1057 2622; x_wconf 87' lang='lat' dir='ltr'>iudicum</span> <span class='ocrx_word' id='word_1_116' title='bbox 1080 2564 1112 2620; x_wconf 88' lang='lat' dir='ltr'>in</span> <span class='ocrx_word' id='word_1_117' title='bbox 1134 2578 1261 2620; x_wconf 76' lang='lat' dir='ltr'>causam</span> <span class='ocrx_word' id='word_1_118' title='bbox 1287 2562 1466 2622; x_wconf 76' lang='lat' dir='ltr'>immediate</span> 
     </span>
     <span class='ocr_line' id='line_1_17' title="bbox 197 2666 1465 2744; baseline 0.001 -20"><span class='ocrx_word' id='word_1_119' title='bbox 197 2669 367 2726; x_wconf 85' lang='lat' dir='ltr'>convenire</span> <span class='ocrx_word' id='word_1_120' title='bbox 397 2670 503 2743; x_wconf 89' lang='lat' dir='ltr'>possit,</span> <span class='ocrx_word' id='word_1_121' title='bbox 534 2671 591 2729; x_wconf 84' lang='lat' dir='ltr'>nisi</span> <span class='ocrx_word' id='word_1_122' title='bbox 625 2672 711 2744; x_wconf 88' lang='lat' dir='ltr'>prius</span> <span class='ocrx_word' id='word_1_123' title='bbox 735 2672 823 2728; x_wconf 82' lang='lat' dir='ltr'>illam</span> <span class='ocrx_word' id='word_1_124' title='bbox 847 2685 972 2728; x_wconf 81' lang='lat' dir='ltr'>causam</span> <span class='ocrx_word' id='word_1_125' title='bbox 995 2670 1040 2727; x_wconf 89' lang='lat' dir='ltr'>ibi</span> <span class='ocrx_word' id='word_1_126' title='bbox 1063 2670 1097 2727; x_wconf 83' lang='lat' dir='ltr'>in</span> <span class='ocrx_word' id='word_1_127' title='bbox 1119 2669 1280 2742; x_wconf 87' lang='lat' dir='ltr'>presencia</span> <span class='ocrx_word' id='word_1_128' title='bbox 1299 2666 1412 2743; x_wconf 70' lang='lat' dir='ltr'>judicis</span> <span class='ocrx_word' id='word_1_129' title='bbox 1435 2676 1465 2726; x_wconf 86' lang='lat' dir='ltr'>et</span> 
     </span>
     <span class='ocr_line' id='line_1_18' title="bbox 194 2769 1465 2850; baseline 0 -19"><span class='ocrx_word' id='word_1_130' title='bbox 194 2769 371 2848; x_wconf 79' lang='lat' dir='ltr'>juratorum</span> <span class='ocrx_word' id='word_1_131' title='bbox 387 2777 556 2843; x_wconf 76' lang='lat' dir='ltr'>suscitaret</span> <span class='ocrx_word' id='word_1_132' title='bbox 572 2783 602 2834; x_wconf 90' lang='lat' dir='ltr'>et</span> <span class='ocrx_word' id='word_1_133' title='bbox 618 2792 743 2835; x_wconf 85' lang='lat' dir='ltr'>cansam</span> <span class='ocrx_word' id='word_1_134' title='bbox 760 2787 879 2834; x_wconf 86' lang='lat' dir='ltr'>motam</span> <span class='ocrx_word' id='word_1_135' title='bbox 898 2775 1032 2846; x_wconf 86' lang='lat' dir='ltr'>tandem,</span> <span class='ocrx_word' id='word_1_136' title='bbox 1049 2776 1076 2832; x_wconf 91' lang='lat' dir='ltr'>si</span> <span class='ocrx_word' id='word_1_137' title='bbox 1090 2773 1206 2849; x_wconf 86' lang='lat' dir='ltr'>judicio</span> <span class='ocrx_word' id='word_1_138' title='bbox 1222 2774 1405 2832; x_wconf 85' lang='lat' dir='ltr'>eorumdem</span> <span class='ocrx_word' id='word_1_139' title='bbox 1418 2772 1465 2850; x_wconf 57' lang='lat' dir='ltr'>ju*</span> 
     </span>
     <span class='ocr_line' id='line_1_19' title="bbox 195 2878 1463 2958; baseline 0.002 -22"><span class='ocrx_word' id='word_1_140' title='bbox 195 2879 273 2937; x_wconf 88' lang='lat' dir='ltr'>dicis</span> <span class='ocrx_word' id='word_1_141' title='bbox 289 2888 320 2938; x_wconf 86' lang='lat' dir='ltr'>et</span> <span class='ocrx_word' id='word_1_142' title='bbox 333 2878 508 2957; x_wconf 85' lang='lat' dir='ltr'>juratorum</span> <span class='ocrx_word' id='word_1_143' title='bbox 518 2884 688 2941; x_wconf 81' lang='lat' dir='ltr'>contentari</span> <span class='ocrx_word' id='word_1_144' title='bbox 704 2883 809 2954; x_wconf 83' lang='lat' dir='ltr'>nollet,</span> <span class='ocrx_word' id='word_1_145' title='bbox 822 2899 880 2958; x_wconf 88' lang='lat' dir='ltr'>per</span> <span class='ocrx_word' id='word_1_146' title='bbox 892 2884 976 2939; x_wconf 89' lang='lat' dir='ltr'>viam</span> <span class='ocrx_word' id='word_1_147' title='bbox 987 2882 1212 2955; x_wconf 79' lang='lat' dir='ltr'>appellacimris</span> <span class='ocrx_word' id='word_1_148' title='bbox 1224 2883 1256 2939; x_wconf 94' lang='lat' dir='ltr'>in</span> <span class='ocrx_word' id='word_1_149' title='bbox 1272 2882 1463 2954; x_wconf 69' lang='lat' dir='ltr'>presenciam</span> 
     </span>
     <span class='ocr_line' id='line_1_20' title="bbox 195 2987 1464 3062; baseline 0.001 -19"><span class='ocrx_word' id='word_1_150' title='bbox 195 2987 337 3058; x_wconf 79' lang='lat' dir='ltr'>magistri</span> <span class='ocrx_word' id='word_1_151' title='bbox 360 2988 611 3046; x_wconf 81' lang='lat' dir='ltr'>tharernicorum</span> <span class='ocrx_word' id='word_1_152' title='bbox 633 2997 811 3047; x_wconf 85' lang='lat' dir='ltr'>nostrorum</span> <span class='ocrx_word' id='word_1_153' title='bbox 835 2994 887 3048; x_wconf 86' lang='lat' dir='ltr'>aut</span> <span class='ocrx_word' id='word_1_154' title='bbox 904 2989 1099 3062; x_wconf 82' lang='lat' dir='ltr'>personalem</span> <span class='ocrx_word' id='word_1_155' title='bbox 1115 2992 1254 3045; x_wconf 87' lang='lat' dir='ltr'>nostram</span> <span class='ocrx_word' id='word_1_156' title='bbox 1270 2988 1464 3060; x_wconf 80' lang='lat' dir='ltr'>presenciam</span> 
     </span>
     <span class='ocr_line' id='line_1_21' title="bbox 194 3091 1459 3167; baseline 0 -18"><span class='ocrx_word' id='word_1_157' title='bbox 194 3091 350 3150; x_wconf 83' lang='lat' dir='ltr'>deducere</span> <span class='ocrx_word' id='word_1_158' title='bbox 380 3101 491 3166; x_wconf 87' lang='lat' dir='ltr'>posset.</span> <span class='ocrx_word' id='word_1_159' title='bbox 522 3094 640 3153; x_wconf 84' lang='lat' dir='ltr'>Tamen</span> <span class='ocrx_word' id='word_1_160' title='bbox 670 3111 751 3153; x_wconf 92' lang='lat' dir='ltr'>nunc</span> <span class='ocrx_word' id='word_1_161' title='bbox 781 3095 965 3153; x_wconf 82' lang='lat' dir='ltr'>honorabile</span> <span class='ocrx_word' id='word_1_162' title='bbox 996 3095 1171 3167; x_wconf 85' lang='lat' dir='ltr'>capitulum</span> <span class='ocrx_word' id='word_1_163' title='bbox 1201 3094 1330 3151; x_wconf 86' lang='lat' dir='ltr'>ecclesie</span> <span class='ocrx_word' id='word_1_164' title='bbox 1352 3107 1459 3164; x_wconf 88' lang='lat' dir='ltr'>zagra-</span> 
     </span>
     <span class='ocr_line' id='line_1_22' title="bbox 195 3197 1461 3274; baseline 0 -19"><span class='ocrx_word' id='word_1_165' title='bbox 195 3198 310 3256; x_wconf 87' lang='lat' dir='ltr'>biensis</span> <span class='ocrx_word' id='word_1_166' title='bbox 332 3213 393 3256; x_wconf 92' lang='lat' dir='ltr'>non</span> <span class='ocrx_word' id='word_1_167' title='bbox 417 3199 582 3258; x_wconf 83' lang='lat' dir='ltr'>advertens</span> <span class='ocrx_word' id='word_1_168' title='bbox 604 3201 783 3259; x_wconf 91' lang='lat' dir='ltr'>huiusmodi</span> <span class='ocrx_word' id='word_1_169' title='bbox 806 3202 946 3274; x_wconf 86' lang='lat' dir='ltr'>ipsorum</span> <span class='ocrx_word' id='word_1_170' title='bbox 963 3200 1148 3269; x_wconf 87' lang='lat' dir='ltr'>libertatem,</span> <span class='ocrx_word' id='word_1_171' title='bbox 1166 3198 1305 3273; x_wconf 81' lang='lat' dir='ltr'>prefatos</span> <span class='ocrx_word' id='word_1_172' title='bbox 1315 3197 1461 3274; x_wconf 74' lang='lat' dir='ltr'>iudicem,</span> 
     </span>
     <span class='ocr_line' id='line_1_23' title="bbox 193 3304 1460 3381; baseline 0.002 -21"><span class='ocrx_word' id='word_1_173' title='bbox 193 3309 224 3361; x_wconf 91' lang='lat' dir='ltr'>et</span> <span class='ocrx_word' id='word_1_174' title='bbox 247 3309 365 3362; x_wconf 89' lang='lat' dir='ltr'>ceteros</span> <span class='ocrx_word' id='word_1_175' title='bbox 388 3307 470 3363; x_wconf 90' lang='lat' dir='ltr'>cives</span> <span class='ocrx_word' id='word_1_176' title='bbox 493 3307 592 3381; x_wconf 90' lang='lat' dir='ltr'>ipsius</span> <span class='ocrx_word' id='word_1_177' title='bbox 615 3307 748 3364; x_wconf 86' lang='lat' dir='ltr'>civitatis</span> <span class='ocrx_word' id='word_1_178' title='bbox 770 3316 875 3365; x_wconf 90' lang='lat' dir='ltr'>nostre</span> <span class='ocrx_word' id='word_1_179' title='bbox 896 3307 1105 3379; x_wconf 86' lang='lat' dir='ltr'>zagrabiensis</span> <span class='ocrx_word' id='word_1_180' title='bbox 1127 3306 1257 3376; x_wconf 84' lang='lat' dir='ltr'>racione,</span> <span class='ocrx_word' id='word_1_181' title='bbox 1282 3311 1316 3362; x_wconf 85' lang='lat' dir='ltr'>ut</span> <span class='ocrx_word' id='word_1_182' title='bbox 1336 3304 1460 3376; x_wconf 88' lang='lat' dir='ltr'>dicitur,</span> 
     </span>
     <span class='ocr_line' id='line_1_24' title="bbox 192 3409 1462 3484; baseline 0 -15"><span class='ocrx_word' id='word_1_183' title='bbox 192 3409 443 3483; x_wconf 85' lang='lat' dir='ltr'>interempcionis</span> <span class='ocrx_word' id='word_1_184' title='bbox 466 3411 627 3470; x_wconf 88' lang='lat' dir='ltr'>cuiusdam</span> <span class='ocrx_word' id='word_1_185' title='bbox 657 3413 800 3484; x_wconf 89' lang='lat' dir='ltr'>hominis,</span> <span class='ocrx_word' id='word_1_186' title='bbox 831 3413 920 3470; x_wconf 88' lang='lat' dir='ltr'>brevi</span> <span class='ocrx_word' id='word_1_187' title='bbox 951 3412 1136 3469; x_wconf 87' lang='lat' dir='ltr'>evocacione</span> <span class='ocrx_word' id='word_1_188' title='bbox 1159 3410 1321 3483; x_wconf 85' lang='lat' dir='ltr'>mediante,</span> <span class='ocrx_word' id='word_1_189' title='bbox 1353 3412 1387 3469; x_wconf 89' lang='lat' dir='ltr'>in·</span> <span class='ocrx_word' id='word_1_190' title='bbox 1406 3427 1462 3469; x_wconf 69' lang='lat' dir='ltr'>no</span> 
     </span>
     <span class='ocr_line' id='line_1_25' title="bbox 192 3517 1460 3592; baseline 0.002 -20"><span class='ocrx_word' id='word_1_191' title='bbox 192 3524 290 3574; x_wconf 89' lang='lat' dir='ltr'>stram</span> <span class='ocrx_word' id='word_1_192' title='bbox 307 3517 504 3590; x_wconf 82' lang='lat' dir='ltr'>personalem</span> <span class='ocrx_word' id='word_1_193' title='bbox 519 3517 698 3577; x_wconf 87' lang='lat' dir='ltr'>immediate</span> <span class='ocrx_word' id='word_1_194' title='bbox 714 3520 836 3577; x_wconf 79' lang='lat' dir='ltr'>euocari</span> <span class='ocrx_word' id='word_1_195' title='bbox 853 3518 974 3577; x_wconf 84' lang='lat' dir='ltr'>fecisset</span> <span class='ocrx_word' id='word_1_196' title='bbox 991 3519 1182 3592; x_wconf 84' lang='lat' dir='ltr'>presenciam</span> <span class='ocrx_word' id='word_1_197' title='bbox 1199 3527 1227 3576; x_wconf 86' lang='lat' dir='ltr'>et</span> <span class='ocrx_word' id='word_1_198' title='bbox 1251 3519 1337 3591; x_wconf 90' lang='lat' dir='ltr'>ipsos</span> <span class='ocrx_word' id='word_1_199' title='bbox 1354 3525 1460 3575; x_wconf 89' lang='lat' dir='ltr'>contra</span> 
     </span>
     <span class='ocr_line' id='line_1_26' title="bbox 192 3623 1457 3698; baseline 0.002 -19"><span class='ocrx_word' id='word_1_200' title='bbox 192 3623 398 3696; x_wconf 88' lang='lat' dir='ltr'>prescriptam</span> <span class='ocrx_word' id='word_1_201' title='bbox 421 3638 530 3681; x_wconf 90' lang='lat' dir='ltr'>eorum</span> <span class='ocrx_word' id='word_1_202' title='bbox 553 3625 713 3697; x_wconf 88' lang='lat' dir='ltr'>antiquam</span> <span class='ocrx_word' id='word_1_203' title='bbox 737 3625 914 3683; x_wconf 89' lang='lat' dir='ltr'>libertatem</span> <span class='ocrx_word' id='word_1_204' title='bbox 938 3625 1164 3682; x_wconf 87' lang='lat' dir='ltr'>sentencialiter</span> <span class='ocrx_word' id='word_1_205' title='bbox 1196 3625 1362 3696; x_wconf 86' lang='lat' dir='ltr'>aggravari</span> <span class='ocrx_word' id='word_1_206' title='bbox 1388 3640 1457 3698; x_wconf 90' lang='lat' dir='ltr'>pre·</span> 
     </span>
     <span class='ocr_line' id='line_1_27' title="bbox 191 3728 1457 3805; baseline 0.001 -20"><span class='ocrx_word' id='word_1_207' title='bbox 191 3728 345 3800; x_wconf 85' lang='lat' dir='ltr'>tenderet,</span> <span class='ocrx_word' id='word_1_208' title='bbox 379 3730 460 3787; x_wconf 90' lang='lat' dir='ltr'>unde</span> <span class='ocrx_word' id='word_1_209' title='bbox 488 3731 700 3805; x_wconf 86' lang='lat' dir='ltr'>supplicatum</span> <span class='ocrx_word' id='word_1_210' title='bbox 742 3732 841 3789; x_wconf 87' lang='lat' dir='ltr'>extitit</span> <span class='ocrx_word' id='word_1_211' title='bbox 875 3731 1029 3788; x_wconf 87' lang='lat' dir='ltr'>maiestati</span> <span class='ocrx_word' id='word_1_212' title='bbox 1062 3740 1167 3789; x_wconf 89' lang='lat' dir='ltr'>nostre</span> <span class='ocrx_word' id='word_1_213' title='bbox 1206 3730 1323 3787; x_wconf 85' lang='lat' dir='ltr'>eisdem</span> <span class='ocrx_word' id='word_1_214' title='bbox 1365 3746 1457 3803; x_wconf 90' lang='lat' dir='ltr'>supe-</span> 
     </span>
     <span class='ocr_line' id='line_1_28' title="bbox 190 3835 1458 3910; baseline 0.001 -19"><span class='ocrx_word' id='word_1_215' title='bbox 190 3835 279 3892; x_wconf 89' lang='lat' dir='ltr'>rinde</span> <span class='ocrx_word' id='word_1_216' title='bbox 303 3836 475 3894; x_wconf 89' lang='lat' dir='ltr'>remedium</span> <span class='ocrx_word' id='word_1_217' title='bbox 500 3836 643 3895; x_wconf 91' lang='lat' dir='ltr'>adhiberi</span> <span class='ocrx_word' id='word_1_218' title='bbox 665 3843 893 3910; x_wconf 67' lang='lat' dir='ltr'>opportunum</span> <span class='ocrx_word' id='word_1_219' title='bbox 911 3847 941 3895; x_wconf 89' lang='lat' dir='ltr'>et</span> <span class='ocrx_word' id='word_1_220' title='bbox 964 3838 1035 3910; x_wconf 88' lang='lat' dir='ltr'>quia</span> <span class='ocrx_word' id='word_1_221' title='bbox 1060 3853 1126 3909; x_wconf 84' lang='lat' dir='ltr'>nos,</span> <span class='ocrx_word' id='word_1_222' title='bbox 1150 3837 1203 3907; x_wconf 87' lang='lat' dir='ltr'>qui</span> <span class='ocrx_word' id='word_1_223' title='bbox 1227 3837 1367 3893; x_wconf 89' lang='lat' dir='ltr'>omnium</span> <span class='ocrx_word' id='word_1_224' title='bbox 1384 3836 1458 3892; x_wconf 90' lang='lat' dir='ltr'>civi·</span> 
     </span>
     <span class='ocr_line' id='line_1_29' title="bbox 190 3944 1458 4016; baseline 0 -18"><span class='ocrx_word' id='word_1_225' title='bbox 190 3947 288 3998; x_wconf 89' lang='lat' dir='ltr'>tatum</span> <span class='ocrx_word' id='word_1_226' title='bbox 313 3948 489 4000; x_wconf 91' lang='lat' dir='ltr'>nostrarum</span> <span class='ocrx_word' id='word_1_227' title='bbox 514 3959 620 4000; x_wconf 91' lang='lat' dir='ltr'>curam</span> <span class='ocrx_word' id='word_1_228' title='bbox 643 3944 789 4016; x_wconf 86' lang='lat' dir='ltr'>gerimus,</span> <span class='ocrx_word' id='word_1_229' title='bbox 813 3945 973 4001; x_wconf 88' lang='lat' dir='ltr'>nollumus</span> <span class='ocrx_word' id='word_1_230' title='bbox 993 3946 1077 4016; x_wconf 90' lang='lat' dir='ltr'>ipsos</span> <span class='ocrx_word' id='word_1_231' title='bbox 1102 3944 1184 3999; x_wconf 88' lang='lat' dir='ltr'>cives</span> <span class='ocrx_word' id='word_1_232' title='bbox 1207 3947 1328 3998; x_wconf 84' lang='lat' dir='ltr'>nostros</span> <span class='ocrx_word' id='word_1_233' title='bbox 1351 3948 1458 3998; x_wconf 91' lang='lat' dir='ltr'>contra</span> 
     </span>
     <span class='ocr_line' id='line_1_30' title="bbox 189 4045 1456 4122; baseline -0.002 -17"><span class='ocrx_word' id='word_1_234' title='bbox 189 4047 332 4121; x_wconf 89' lang='lat' dir='ltr'>ipsorum</span> <span class='ocrx_word' id='word_1_235' title='bbox 355 4048 534 4106; x_wconf 88' lang='lat' dir='ltr'>libertatem</span> <span class='ocrx_word' id='word_1_236' title='bbox 555 4065 612 4122; x_wconf 91' lang='lat' dir='ltr'>per</span> <span class='ocrx_word' id='word_1_237' title='bbox 635 4051 818 4122; x_wconf 88' lang='lat' dir='ltr'>quempiam</span> <span class='ocrx_word' id='word_1_238' title='bbox 848 4050 1076 4122; x_wconf 83' lang='lat' dir='ltr'>regnicolarum</span> <span class='ocrx_word' id='word_1_239' title='bbox 1100 4057 1277 4104; x_wconf 90' lang='lat' dir='ltr'>nostrorum</span> <span class='ocrx_word' id='word_1_240' title='bbox 1301 4045 1456 4119; x_wconf 89' lang='lat' dir='ltr'>impediri,</span> 
     </span>
     <span class='ocr_line' id='line_1_31' title="bbox 188 4152 1456 4228; baseline -0.002 -18"><span class='ocrx_word' id='word_1_241' title='bbox 188 4152 332 4211; x_wconf 89' lang='lat' dir='ltr'>fidelitati</span> <span class='ocrx_word' id='word_1_242' title='bbox 354 4161 456 4212; x_wconf 88' lang='lat' dir='ltr'>vestre</span> <span class='ocrx_word' id='word_1_243' title='bbox 480 4155 589 4211; x_wconf 90' lang='lat' dir='ltr'>harum</span> <span class='ocrx_word' id='word_1_244' title='bbox 614 4156 693 4213; x_wconf 89' lang='lat' dir='ltr'>serie</span> <span class='ocrx_word' id='word_1_245' title='bbox 715 4155 849 4213; x_wconf 86' lang='lat' dir='ltr'>firmiter</span> <span class='ocrx_word' id='word_1_246' title='bbox 870 4154 1075 4228; x_wconf 90' lang='lat' dir='ltr'>precipientes</span> <span class='ocrx_word' id='word_1_247' title='bbox 1092 4152 1285 4223; x_wconf 87' lang='lat' dir='ltr'>mandamus,</span> <span class='ocrx_word' id='word_1_248' title='bbox 1304 4160 1456 4225; x_wconf 89' lang='lat' dir='ltr'>quatenus</span> 
     </span>
     <span class='ocr_line' id='line_1_32' title="bbox 187 4259 1450 4335; baseline -0.003 -16"><span class='ocrx_word' id='word_1_249' title='bbox 187 4261 374 4334; x_wconf 89' lang='lat' dir='ltr'>premissam</span> <span class='ocrx_word' id='word_1_250' title='bbox 397 4274 523 4317; x_wconf 89' lang='lat' dir='ltr'>causam</span> <span class='ocrx_word' id='word_1_251' title='bbox 553 4261 633 4318; x_wconf 86' lang='lat' dir='ltr'>in&#39;ter</span> <span class='ocrx_word' id='word_1_252' title='bbox 663 4261 818 4335; x_wconf 82' lang='lat' dir='ltr'>prefatum</span> <span class='ocrx_word' id='word_1_253' title='bbox 843 4261 1016 4333; x_wconf 90' lang='lat' dir='ltr'>capitulum</span> <span class='ocrx_word' id='word_1_254' title='bbox 1040 4260 1167 4317; x_wconf 89' lang='lat' dir='ltr'>ecclesie</span> <span class='ocrx_word' id='word_1_255' title='bbox 1190 4259 1397 4332; x_wconf 89' lang='lat' dir='ltr'>zagrabiensis</span> <span class='ocrx_word' id='word_1_256' title='bbox 1420 4265 1450 4315; x_wconf 89' lang='lat' dir='ltr'>et</span> 
     </span>
     <span class='ocr_line' id='line_1_33' title="bbox 187 4366 1455 4440; baseline 0.001 -18"><span class='ocrx_word' id='word_1_257' title='bbox 187 4366 273 4440; x_wconf 92' lang='lat' dir='ltr'>ipsos</span> <span class='ocrx_word' id='word_1_258' title='bbox 296 4367 380 4423; x_wconf 87' lang='lat' dir='ltr'>cives</span> <span class='ocrx_word' id='word_1_259' title='bbox 403 4371 575 4423; x_wconf 85' lang='lat' dir='ltr'>vertentem</span> <span class='ocrx_word' id='word_1_260' title='bbox 597 4366 774 4425; x_wconf 84' lang='lat' dir='ltr'>adiudicare</span> <span class='ocrx_word' id='word_1_261' title='bbox 798 4375 850 4425; x_wconf 91' lang='lat' dir='ltr'>aut</span> <span class='ocrx_word' id='word_1_262' title='bbox 873 4367 1013 4439; x_wconf 90' lang='lat' dir='ltr'>aliquam</span> <span class='ocrx_word' id='word_1_263' title='bbox 1036 4366 1223 4423; x_wconf 88' lang='lat' dir='ltr'>sentenciam</span> <span class='ocrx_word' id='word_1_264' title='bbox 1240 4374 1346 4423; x_wconf 89' lang='lat' dir='ltr'>contra</span> <span class='ocrx_word' id='word_1_265' title='bbox 1369 4366 1455 4438; x_wconf 83' lang='lat' dir='ltr'>ipsos</span> 
     </span>
     <span class='ocr_line' id='line_1_34' title="bbox 185 4470 1456 4548; baseline 0.002 -20"><span class='ocrx_word' id='word_1_266' title='bbox 185 4471 270 4529; x_wconf 87' lang='lat' dir='ltr'>cives</span> <span class='ocrx_word' id='word_1_267' title='bbox 292 4478 414 4530; x_wconf 90' lang='lat' dir='ltr'>nostros</span> <span class='ocrx_word' id='word_1_268' title='bbox 436 4471 699 4546; x_wconf 70' lang='lat' dir='ltr'>eidemcapitulo</span> <span class='ocrx_word' id='word_1_269' title='bbox 722 4473 886 4531; x_wconf 75' lang='lat' dir='ltr'>extradere</span> <span class='ocrx_word' id='word_1_270' title='bbox 903 4474 1005 4548; x_wconf 86' lang='lat' dir='ltr'>nullo</span> <span class='ocrx_word' id='word_1_271' title='bbox 1036 4473 1131 4530; x_wconf 89' lang='lat' dir='ltr'>modo</span> <span class='ocrx_word' id='word_1_272' title='bbox 1162 4473 1391 4544; x_wconf 87' lang='lat' dir='ltr'>presummatis.</span> <span class='ocrx_word' id='word_1_273' title='bbox 1421 4470 1456 4530; x_wconf 84' lang='lat' dir='ltr'>Si</span> 
     </span>
     <span class='ocr_line' id='line_1_35' title="bbox 185 4577 1453 4653; baseline 0 -18"><span class='ocrx_word' id='word_1_274' title='bbox 185 4577 261 4650; x_wconf 88' lang='lat' dir='ltr'>quid</span> <span class='ocrx_word' id='word_1_275' title='bbox 284 4583 387 4636; x_wconf 89' lang='lat' dir='ltr'>autem</span> <span class='ocrx_word' id='word_1_276' title='bbox 412 4579 515 4652; x_wconf 91' lang='lat' dir='ltr'>ipsum</span> <span class='ocrx_word' id='word_1_277' title='bbox 540 4579 714 4653; x_wconf 88' lang='lat' dir='ltr'>capitulum</span> <span class='ocrx_word' id='word_1_278' title='bbox 736 4581 767 4637; x_wconf 90' lang='lat' dir='ltr'>in</span> <span class='ocrx_word' id='word_1_279' title='bbox 792 4580 894 4638; x_wconf 89' lang='lat' dir='ltr'>medio</span> <span class='ocrx_word' id='word_1_280' title='bbox 918 4581 1059 4653; x_wconf 87' lang='lat' dir='ltr'>ipsorum</span> <span class='ocrx_word' id='word_1_281' title='bbox 1082 4579 1196 4636; x_wconf 85' lang='lat' dir='ltr'>civium</span> <span class='ocrx_word' id='word_1_282' title='bbox 1228 4593 1320 4651; x_wconf 87' lang='lat' dir='ltr'>agere</span> <span class='ocrx_word' id='word_1_283' title='bbox 1350 4579 1453 4650; x_wconf 91' lang='lat' dir='ltr'>habet,</span> 
     </span>
     <span class='ocr_line' id='line_1_36' title="bbox 184 4682 1453 4762; baseline 0.001 -21"><span class='ocrx_word' id='word_1_284' title='bbox 184 4682 219 4741; x_wconf 84' lang='lat' dir='ltr'>id</span> <span class='ocrx_word' id='word_1_285' title='bbox 241 4685 274 4741; x_wconf 88' lang='lat' dir='ltr'>in</span> <span class='ocrx_word' id='word_1_286' title='bbox 295 4685 453 4758; x_wconf 85' lang='lat' dir='ltr'>presencia</span> <span class='ocrx_word' id='word_1_287' title='bbox 476 4684 592 4760; x_wconf 86' lang='lat' dir='ltr'>judicis·</span> <span class='ocrx_word' id='word_1_288' title='bbox 611 4692 643 4744; x_wconf 80' lang='lat' dir='ltr'>et</span> <span class='ocrx_word' id='word_1_289' title='bbox 662 4683 836 4762; x_wconf 86' lang='lat' dir='ltr'>juratorum</span> <span class='ocrx_word' id='word_1_290' title='bbox 861 4686 958 4760; x_wconf 83' lang='lat' dir='ltr'>ipsius</span> <span class='ocrx_word' id='word_1_291' title='bbox 981 4685 1114 4743; x_wconf 74' lang='lat' dir='ltr'>civitatis</span> <span class='ocrx_word' id='word_1_292' title='bbox 1137 4691 1242 4742; x_wconf 81' lang='lat' dir='ltr'>nostre</span> <span class='ocrx_word' id='word_1_293' title='bbox 1257 4683 1366 4743; x_wconf 83' lang='lat' dir='ltr'>ordine</span> <span class='ocrx_word' id='word_1_294' title='bbox 1382 4700 1453 4760; x_wconf 90' lang='lat' dir='ltr'>pre·</span> 
     </span>
     <span class='ocr_line' id='line_1_37' title="bbox 183 4791 1452 4866; baseline 0.002 -20"><span class='ocrx_word' id='word_1_295' title='bbox 183 4795 308 4847; x_wconf 79' lang='lat' dir='ltr'>narrato</span> <span class='ocrx_word' id='word_1_296' title='bbox 324 4796 539 4865; x_wconf 80' lang='lat' dir='ltr'>prosequatur,</span> <span class='ocrx_word' id='word_1_297' title='bbox 555 4793 696 4866; x_wconf 77' lang='lat' dir='ltr'>exceptis</span> <span class='ocrx_word' id='word_1_298' title='bbox 710 4801 814 4850; x_wconf 90' lang='lat' dir='ltr'>tamen</span> <span class='ocrx_word' id='word_1_299' title='bbox 829 4792 931 4850; x_wconf 81' lang='lat' dir='ltr'>causis</span> <span class='ocrx_word' id='word_1_300' title='bbox 946 4791 1062 4849; x_wconf 79' lang='lat' dir='ltr'>factum</span> <span class='ocrx_word' id='word_1_301' title='bbox 1080 4791 1308 4864; x_wconf 83' lang='lat' dir='ltr'>possessionum</span> <span class='ocrx_word' id='word_1_302' title='bbox 1326 4796 1452 4864; x_wconf 81' lang='lat' dir='ltr'>tangen-</span> 
     </span>
     <span class='ocr_line' id='line_1_38' title="bbox 183 4896 1453 4974; baseline 0 -19"><span class='ocrx_word' id='word_1_303' title='bbox 183 4896 276 4969; x_wconf 87' lang='lat' dir='ltr'>tibus,</span> <span class='ocrx_word' id='word_1_304' title='bbox 297 4897 349 4956; x_wconf 80' lang='lat' dir='ltr'>cui</span> <span class='ocrx_word' id='word_1_305' title='bbox 369 4897 466 4956; x_wconf 85' lang='lat' dir='ltr'>iidem</span> <span class='ocrx_word' id='word_1_306' title='bbox 480 4896 575 4974; x_wconf 72' lang='lat' dir='ltr'>judex</span> <span class='ocrx_word' id='word_1_307' title='bbox 597 4905 628 4957; x_wconf 90' lang='lat' dir='ltr'>et</span> <span class='ocrx_word' id='word_1_308' title='bbox 649 4897 744 4974; x_wconf 87' lang='lat' dir='ltr'>jurati</span> <span class='ocrx_word' id='word_1_309' title='bbox 767 4897 917 4957; x_wconf 83' lang='lat' dir='ltr'>iudicium</span> <span class='ocrx_word' id='word_1_310' title='bbox 940 4904 972 4955; x_wconf 91' lang='lat' dir='ltr'>et</span> <span class='ocrx_word' id='word_1_311' title='bbox 992 4898 1149 4956; x_wconf 87' lang='lat' dir='ltr'>iusticiam</span> <span class='ocrx_word' id='word_1_312' title='bbox 1170 4898 1453 4969; x_wconf 81' lang='lat' dir='ltr'>amministrabunt,</span> 
     </span>
    </p>
   </div>
   <div class='ocr_carea' id='block_1_7' title="bbox 0 0 1644 5348">
    <p class='ocr_par' dir='ltr' id='par_1_7' title="bbox 0 0 1644 5348">
     <span class='ocr_line' id='line_1_39' title="bbox 0 0 1644 5348; baseline 0 8"><span class='ocrx_word' id='word_1_313' title='bbox 0 0 1644 5348; x_wconf 95' lang='lat' dir='ltr'> </span> 
     </span>
    </p>
   </div>
  </div>
 </body>
</html>
