3278 5348
611 425 1039 504 Qm—Mw·
1387 446 1448 505 m

187 646 272 699 stum
306 640 455 698 kathedre
478 641 562 700 beati
586 641 670 699 Petri
691 641 834 715 apostoli.
858 643 948 698 Anno
972 641 1090 701 domini
1113 643 1283 702 millesimo
1308 644 1455 716 quadrin-

187 748 359 822 gentesimo
395 748 594 820 nonagesimo
629 747 744 820 quinto.
780 746 958 820 Regnorum
992 756 1169 806 nostrorum
1205 750 1363 823 Hungarie
1397 758 1454 809 etc.

187 869 269 912 anno
287 855 404 928 quinto,
428 854 575 912 Bohemie
598 867 675 911 vero
698 844 846 910 iicesimo
870 859 989 927 quarto.

291 990 327 1038 Et
339 995 500 1052 transumpto
513 987 621 1053 capituli
639 987 701 1043 eccl.
714 987 816 1052 zagrub.
835 988 868 1036 de
886 1003 954 1037 auno
977 1001 1052 1056 1495.
1070 990 1104 1039 In
1122 991 1191 1043 arch.
1211 991 1257 1044 lib.
1272 1009 1325 1057 reg.
1338 993 1385 1044 civ.
1403 1010 1458 1058 aug.

764 1201 852 1269 379.

294 1345 374 1393 Anno
396 1354 471 1407 1495,
491 1353 532 1392 22,
552 1341 644 1392 martii.
665 1341 815 1405 Zagrabiae.

195 1453 363 1528 Capitulum
385 1451 571 1525 aagrabt'cnse
601 1452 720 1508 nuntias
741 1451 877 1508 sacellum
906 1469 927 1511 s.
950 1452 1069 1525 spiratus
1091 1454 1121 1509 in
1145 1453 1219 1510 bona
1242 1462 1381 1528 quattuor
1400 1475 1456 1516 ses·

362 1559 472 1616 sianum
487 1557 729 1633 jobagionalium,
752 1559 819 1614 olim
842 1564 1005 1632 raptarum,
1029 1577 1087 1616 csse
1108 1559 1261 1622 inductum.

298 1703 361 1761 Nos
396 1702 569 1776 capitulum
605 1702 732 1760 ecclesie
766 1703 981 1774 zagrabiensis
1017 1704 1165 1762 Memorie
1197 1706 1455 1766 commendamus

188 1817 293 1871 tenore
316 1810 510 1885 presencium
546 1808 760 1880 significantes,
794 1809 908 1881 quibus
938 1809 1065 1883 expedit
1100 1811 1261 1884 universis,
1285 1812 1367 1885 quod
1399 1829 1455 1873 nos
1524 1843 1530 1855 ·

188 1919 308 1977 litteras
338 1914 528 1974 serenissimi
551 1914 700 1988 principis
732 1913 850 1972 domini
874 1913 1041 1973 Wladislai
1064 1915 1114 1973 dei
1136 1917 1240 1988 gracia
1262 1919 1344 1991 regis
1367 1920 1452 1979 Hun-

191 2025 276 2098 garie
299 2029 329 2080 et
364 2021 510 2079 Bohemie
546 2025 602 2079 etc.
636 2019 754 2079 domini
790 2021 888 2078 nostri
911 2020 1139 2094 graciosissimi,
1160 2023 1398 2085 introductorias
1422 2032 1452 2084 et

186 2129 365 2188 statutorias
388 2127 478 2186 nobis
502 2128 695 2200 preceptorie
718 2128 881 2200 loquentes
904 2135 933 2184 et
958 2125 1098 2200 directas,
1122 2144 1245 2186 summa
1269 2146 1341 2189 cum
1364 2148 1451 2191 reve·

186 2237 289 2295 rencia
316 2235 490 2309 recepimus
524 2234 555 2292 in
577 2234 634 2291 hec
658 2234 769 2293 verba:
796 2226 880 2311 (vide
903 2233 977 2292 Doc.
1003 2232 1072 2308 376.
1103 2233 1142 2292 de
1165 2249 1246 2294 anno
1273 2250 1364 2312 1495·
1399 2254 1449 2314 19.

187 2334 346 2419 februari).
369 2341 433 2399 Nos
456 2340 559 2415 itaque
582 2339 735 2399 mandatis
759 2340 857 2414 ipsius
873 2339 991 2397 domini
1014 2341 1112 2398 nostri
1136 2343 1216 2414 regis
1232 2358 1356 2418 semper
1379 2346 1452 2405 obe·

187 2449 253 2508 dire
277 2449 443 2523 cupientes,
474 2453 507 2505 ut
531 2453 680 2518 tenemur,
703 2462 765 2504 una
788 2461 858 2504 curn
883 2445 1005 2519 prefato
1028 2447 1119 2505 Petro
1142 2447 1180 2506 de
1204 2448 1286 2508 dicta
1301 2451 1450 2524 Marencz,

187 2557 311 2615 homine
326 2555 410 2628 regie
427 2554 594 2612 maiestatis
609 2553 758 2627 predicto,
775 2558 916 2611 nostrum
937 2554 1104 2626 hominem,
1120 2553 1265 2613 videlicet
1281 2555 1449 2617 discretum

187 2663 349 2721 dominum
384 2660 570 2734 Gregorium
605 2659 644 2716 de
679 2656 846 2732 Magerlak,
871 2659 956 2716 chori
981 2658 1063 2716 dicte
1098 2659 1227 2719 ecclesie
1250 2669 1354 2720 nostre
1376 2679 1447 2737 pre-

185 2769 370 2829 bendarium
405 2766 443 2824 ad
480 2766 646 2840 premissas
680 2765 944 2823 introductionem
979 2770 1009 2823 et
1042 2765 1246 2824 statucionem
1280 2767 1444 2842 iaciendas,

186 2882 291 2934 nostro
323 2889 380 2949 pro
412 2873 588 2931 testimonio
612 2873 839 2931 transmisimus
863 2871 1067 2945 fidedignum.
1102 2871 1165 2946 Qui
1188 2873 1313 2935 tandem
1335 2876 1448 2936 exinde

185 2983 224 3040 ad
246 2998 302 3040 nos
332 2981 448 3039 reversi
482 2979 541 3036 sub
564 2976 717 3052 corporali
740 2980 880 3052 ipsorum
905 2976 1088 3052 juramento,
1112 2978 1152 3037 de
1173 2985 1203 3037 et
1225 2995 1319 3055 super
1340 2984 1446 3041 huius·

184 3088 270 3148 modi
283 3087 369 3146 fideli
390 3101 445 3143 sua
468 3085 650 3143 execucione
673 3101 729 3160 per
745 3100 797 3143 eos
812 3099 919 3142 coram
934 3084 1025 3142 nobis
1048 3085 1185 3157 prestito,
1201 3086 1292 3145 nobis
1314 3089 1448 3162 paritor·

186 3196 276 3253 miter
294 3194 466 3251 retulerunt
488 3207 525 3249 eo
550 3190 660 3249 modo:
685 3190 844 3265 quomodo
868 3188 1006 3263 prefatus
1019 3191 1228 3264 homoregius
1250 3194 1320 3267 ipso
1341 3203 1449 3258 nostro

185 3301 360 3360 testimonio
384 3303 533 3372 presente,
558 3297 607 3355 die
631 3297 795 3369 dominico,
819 3295 934 3355 scilicet
957 3304 1027 3354 ante
1050 3296 1165 3355 festum
1188 3299 1270 3358 beati
1302 3300 1446 3376 Gregorii

185 3424 274 3483 pape,
298 3406 440 3482 proxime
463 3405 655 3479 preteritum,
688 3403 728 3461 ad
766 3403 859 3461 factes
887 3405 1057 3477 prescripte
1088 3407 1288 3479 possessionis
1312 3407 1449 3469 Cheruo·

185 3531 295 3586 merca,
318 3517 600 3585 consequenterque
624 3510 834 3584 predictarum
857 3516 990 3583 quatuor
1011 3512 1181 3570 sessionum
1204 3511 1449 3587 jobagionalium

187 3620 389 3680 ...vicinis
425 3624 454 3675 et
491 3619 709 3676 commetaneis
744 3618 807 3675 suis
830 3618 981 3675 universis
1004 3618 1156 3690 legittime
1179 3622 1363 3696 convocatis,
1386 3624 1448 3698 sig·

186 3734 296 3785 nanter
319 3740 393 3783 vero
417 3725 576 3783 nobilibus
591 3694 780 3782 'Sebastiano
804 3739 916 3796 magno
941 3724 979 3782 de
1004 3724 1139 3797 Chakan,
1163 3727 1331 3786 castellano
1355 3731 1447 3789 castri

184 3833 313 3904 Medwe,
330 3846 447 3891 necnon
472 3831 611 3889 Dionisio
628 3829 761 3904 prediali
778 3836 883 3888 nostro
907 3830 945 3888 de
969 3831 1140 3904 Zawersya,
1164 3832 1297 3890 discreto
1319 3833 1447 3894 domino

184 3939 356 4010 Dominico,
381 3936 500 4012 prefate
532 3938 659 3995 ecclesie
689 3944 792 3994 nostre
827 3937 1040 4010 prebendari0,
1076 3940 1279 4011 possessionis
1302 3941 1448 4002 videlicet

184 4045 286 4104 Rodes
318 4044 477 4118 appellate
501 4058 685 4116 possessore,
709 4048 738 4100 et
759 4044 990 4116 circumspectis
1014 4044 1089 4101 viris
1106 4045 1257 4103 Michaele
1279 4046 1447 4120 aurifabro,

182 4152 299 4235 Jacobo
335 4149 509 4222 Bekethych
540 4156 570 4208 et
602 4148 758 4208 Gwrkone
781 4150 903 4207 civibus
928 4150 1047 4223 prefate
1071 4151 1205 4209 civitatis
1229 4155 1343 4211 montis
1367 4154 1443 4214 Gre-

183 4258 281 4315 censis
305 4256 508 4329 presentibus,
532 4255 719 4326 accedentes,
750 4255 969 4314 introduxisset
995 4255 1151 4330 prefatum
1175 4258 1359 4317 Michaelem
1381 4262 1447 4335 ple·

184 4365 301 4420 banum
325 4361 463 4420 eiusdem
496 4363 623 4421 ecclesie
654 4363 744 4421 beate
767 4364 961 4435 Margaretbe
986 4364 1123 4436 virginis,
1147 4365 1271 4422 nomine
1295 4365 1375 4424 dicte
1398 4381 1447 4423 ca-

184 4469 268 4544 pelle
291 4469 323 4527 in
346 4469 518 4528 dominium
544 4469 732 4542 earumdem,
756 4470 973 4544 statuissetque
994 4470 1119 4528 easdem
1135 4469 1236 4528 eidem
1260 4477 1289 4528 et
1305 4476 1447 4530 annotate

183 4576 313 4634 ecclesie
336 4591 392 4634 sue
412 4573 489 4651 juris
524 4575 616 4633 titulo
639 4576 700 4634 sibi
731 4576 929 4634 incumbente
960 4582 1111 4650 perpetuo
1136 4575 1346 4650 possidendas,
1370 4578 1446 4652 ipsis

182 4684 268 4756 regio
292 4689 321 4740 et
344 4689 450 4741 nostro
473 4683 653 4742 hominibus
676 4684 707 4742 in
731 4682 809 4741 facie
827 4685 999 4757 prescripte
1023 4683 1233 4757 possessionis,
1259 4684 1445 4743 sessionum·

184 4805 246 4863 que
276 4787 523 4865 jobagionalium
558 4791 702 4863 congruis
733 4795 763 4848 et
786 4789 947 4863 legittimis
970 4790 1079 4848 diebus
1103 4791 1189 4848 iuxta
1212 4790 1300 4864 regni
1323 4804 1450 4851 consve-

184 4895 323 4954 tudinem
358 4898 613 4970 permanentibus
648 4903 678 4956 et
713 4912 834 4957 moram
868 4897 1064 4973 iacientibus,
1098 4896 1188 4955 nullo
1224 4895 1451 4961 contradictore
