3278 5348
617 425 691 483 Dec.
714 435 785 502 245.
811 456 854 465 -
877 424 931 482 An.
957 418 1046 501 1465.
1390 435 1451 496 303

781 633 868 699 245.

293 801 375 849 Anno
400 796 475 863 1465,
495 808 518 862 5.
540 796 664 859 Augusti.
684 795 780 846 Budua.

187 928 272 987 C'ives
298 924 498 1000 cupedenses
526 924 683 980 saltantum
714 941 733 978 a
764 922 903 995 magistro
932 921 1149 978 tavamicomm
1178 922 1319 994 regalium
1348 921 1380 978 in
1399 923 1454 998 jus

292 1031 382 1090 ciiari
394 1037 480 1104 posse
500 1029 644 1099 Mathias,
667 1028 845 1101 Hungan'ae
867 1033 915 1084 etc.
938 1045 1001 1096 rex,
1025 1025 1174 1084 identidem
1190 1029 1348 1102 confimat.

899 1165 1053 1215 Commissio
1072 1167 1176 1231 propria
1194 1167 1292 1217 domini
1308 1168 1383 1233 regis.

295 1283 426 1341 Mathias
457 1281 508 1340 dei
537 1281 641 1355 gracia
672 1295 727 1337 rex
750 1279 917 1352 Hungarie,
941 1279 1112 1351 Dalmacie,
1138 1278 1265 1337 Croacie
1288 1284 1345 1338 etc.
1365 1279 1453 1338 Fide·

182 1387 272 1446 libus
294 1389 358 1445 suis
381 1388 470 1445 banis
494 1386 546 1445 rel
567 1387 725 1445 virebanis
749 1386 835 1458 regni
858 1385 955 1442 nostri
979 1384 1141 1442 Sciauonie
1165 1386 1297 1443 salutem
1331 1391 1362 1445 et
1383 1401 1453 1459 gra-

183 1493 276 1552 ciam.
301 1493 465 1565 Noveritis‚
489 1492 573 1567 quod
600 1500 705 1550 nostre
720 1492 888 1549 maiestatis
904 1492 1060 1548 venientes
1084 1492 1115 1548 in
1138 1492 1330 1565 presenciam
1346 1490 1455 1550 fideles

183 1600 294 1671 nostri,
316 1600 542 1675 circumspecti,
570 1596 731 1656 Conradus
755 1598 873 1655 Rauser
896 1598 997 1655 senior
1019 1594 1113 1672 judex
1137 1612 1172 1654 ac
1197 1597 1315 1655 Blasius
1327 1595 1454 1673 juratus,

186 1706 272 1764 eires
302 1705 437 1763 civitatis
467 1710 571 1762 nostre
594 1704 709 1762 montis
732 1701 894 1761 Grecensis
917 1704 949 1760 in
972 1703 1112 1776 ipsorum
1136 1718 1171 1760 ac
1196 1710 1369 1762 ceterorum
1389 1705 1455 1762 uni-

185 1825 351 1869 versorum
382 1784 498 1869 civium
528 1809 667 1868 eiusdem
698 1810 831 1867 civitatis
864 1815 968 1867 nostre
999 1809 1147 1882 personis,
1179 1811 1268 1868 nobis
1299 1826 1454 1887 exponere

186 1924 376 1975 curaverunt
409 1917 441 1975 in
477 1916 559 1974 hunc
592 1915 739 1974 modum:
763 1914 847 1989 quod
881 1916 953 1973 licet
988 1916 1047 1989 ipsi
1082 1916 1165 1974 cives
1199 1915 1280 1975 dicte
1322 1918 1455 1976 civitatis

185 2028 293 2081 nostre
324 2023 437 2080 montis
467 2021 638 2093 Grecensis,
671 2021 880 2080 mediantibus
910 2022 1021 2079 litteris
1050 2021 1195 2080 divorum
1227 2038 1338 2096 regum
1369 2024 1455 2082 Hun-

186 2129 283 2203 garie,
306 2135 484 2186 nostrorum
512 2128 630 2186 scilicet
654 2127 917 2202 predecessorum,
940 2134 970 2185 et
995 2144 1049 2202 per
1073 2143 1128 2186 nos
1150 2126 1269 2187 eisdem
1292 2129 1455 2189 confirma·

187 2240 302 2306 tarum,
334 2234 534 2292 solummodo
565 2232 682 2309 judicio
712 2235 852 2306 magistri
876 2234 1128 2291 thavarnicorum
1152 2242 1332 2293 nostrorum
1358 2249 1456 2295 rescr-

187 2341 255 2399 vati
277 2340 346 2413 sint,
378 2346 408 2398 et
430 2338 545 2416 judicio
569 2341 723 2398 banorum
747 2342 832 2413 regni
856 2341 954 2397 nostri
977 2339 1138 2398 Sciauonie
1163 2349 1262 2399 astare
1285 2357 1346 2406 non
1374 2349 1455 2401 tene·

185 2452 295 2517 antur;
326 2451 430 2504 tamen
460 2448 633 2520 capitulum
665 2447 793 2505 ecclesie
823 2447 1030 2518 zagrabieusis
1061 2447 1183 2504 racione
1205 2463 1266 2505 non
1289 2449 1456 2508 solucionis

188 2553 301 2611 tributi
330 2553 362 2610 in
394 2552 470 2610 locis
493 2553 683 2610 tributorum
706 2551 843 2610 eiusdem
861 2553 989 2626 capituli
1011 2553 1094 2625 exigi
1117 2553 1202 2611 soliti
1224 2555 1309 2627 ipsos
1332 2555 1364 2612 in
1387 2572 1456 2629 pre·

186 2659 292 2717 sencia
322 2660 477 2716 banorum
507 2657 582 2716 dicti
611 2659 699 2730 regni
729 2659 827 2715 nostri
850 2656 1013 2715 Sciauonie
1044 2659 1074 2715 in
1107 2674 1231 2716 causam
1255 2662 1456 2733 convenisset,

188 2772 221 2824 et
244 2768 351 2822 contra
375 2764 474 2822 dictos
497 2765 580 2821 cives
603 2770 725 2822 nostros
748 2764 937 2823 sentenciam
961 2763 1161 2822 diffinitivam
1186 2772 1383 2839 reportasset,
1413 2768 1456 2824 vi·

186 2885 266 2945 gore
295 2871 381 2928 culus
412 2870 537 2928 eosdem
561 2871 644 2927 cives
668 2876 789 2928 nostros
813 2871 844 2929 in
866 2871 960 2928 rebus
984 2877 1013 2928 et
1036 2871 1126 2928 bonis
1149 2872 1291 2944 ipsorum
1314 2871 1456 2945 dampni·

186 2976 284 3035 ficare
306 2976 411 3048 vellet,
435 2977 465 3033 in
490 2975 696 3049 preludicium
719 2976 901 3034 eorumdem
925 2977 1041 3034 civium
1065 2978 1198 3035 civitatis
1214 2984 1317 3035 nostre
1342 2981 1457 3036 montis

187 3083 354 3143 Grecensis
377 3090 406 3141 et
430 3083 603 3158 dampnum
628 3082 720 3140 valde
744 3098 901 3156 magnum.
926 3081 1190 3156 Supplicaverunt
1211 3084 1315 3157 itaque
1339 3084 1452 3159 prelati

188 3189 354 3248 Conradus
385 3190 511 3261 Rauser,
535 3189 637 3248 senior
659 3187 762 3265 judex,
787 3197 817 3248 et
838 3189 958 3246 blasius
980 3187 1099 3263 juratus
1122 3189 1152 3246 in
1176 3189 1317 3261 ipsorum
1340 3205 1376 3248 ac
1402 3191 1458 3248 ali·

187 3310 285 3355 orum
314 3296 430 3353 civium
461 3299 639 3353 nostrorum
674 3296 852 3354 nominibus
883 3303 912 3354 et
943 3297 973 3353 in
1004 3297 1153 3373 personis,
1177 3303 1211 3355 ut
1241 3313 1297 3355 nos
1320 3298 1396 3371 ipsis
1420 3298 1458 3356 de

187 3400 330 3461 remedio
360 3401 527 3474 providere
557 3401 757 3474 dignaremur
780 3409 966 3476 opportuno
998 3403 1088 3462 Unde
1117 3418 1173 3461 nos
1202 3405 1342 3463 nolentes
1373 3407 1458 3480 ipsos
1531 3384 1535 3391 ’

188 3508 277 3566 cives
307 3515 429 3566 nostros
460 3524 498 3565 ex
530 3523 575 3578 en,
610 3508 692 3581 quod
725 3508 820 3566 iidem
852 3509 1051 3566 solummodo
1082 3509 1196 3568 iudicio
1215 3495 1294 3568 'dien
1318 3513 1457 3584 magistri

188 3614 447 3672 thavarnicorum
477 3621 657 3672 nostrorum
689 3617 837 3673 reservati
861 3621 939 3684 sunt,
966 3631 1022 3688 per
1046 3631 1258 3690 quoscumque
1282 3619 1454 3690 regnicolas

189 3730 315 3781 nostros
339 3723 441 3779 minus
471 3720 552 3797 juste
583 3729 611 3779 et
635 3722 771 3780 indebite
795 3721 951 3795 impediri,
976 3721 1014 3778 de
1036 3729 1139 3780 nostre
1163 3723 1274 3795 legalis
1298 3726 1459 3796 potestatis

187 3827 385 3903 plenitudine
415 3833 446 3885 et
476 3829 579 3900 gracia
612 3829 748 3901 speciali,
781 3827 934 3902 prefatam
966 3830 1154 3885 sentenciam
1184 3844 1241 3901 pro
1272 3836 1360 3902 parte
1386 3829 1460 3888 dicti

188 3932 321 4005 capituli
346 3933 474 3990 ecclesie
489 3933 697 4005 zagrabiensis
717 3940 906 4003 revocantes,
925 3933 1068 3991 fidelitati
1093 3934 1186 4005 igitur
1209 3940 1311 3991 vestre
1327 3935 1459 3994 tirmiter

187 4039 400 4115 precipientes
423 4038 616 4110 mandamus,
641 4045 791 4113 quatenus
815 4040 931 4098 amodo
956 4040 1099 4114 deinceps
1123 4039 1260 4113 prelatos
1276 4041 1358 4098 cives
1375 4041 1456 4099 dicte

188 4145 327 4203 civitatis
350 4153 454 4203 nostre
484 4146 597 4203 montis
621 4145 783 4203 Grecensis
807 4146 847 4203 ad
871 4148 1052 4204 instanciam
1077 4146 1150 4203 dicti
1174 4146 1303 4219 capituli
1330 4148 1458 4205 ecclesie

189 4252 402 4323 zagrabiensis
434 4253 556 4309 racione
589 4253 695 4325 previa
726 4254 757 4309 in
789 4255 937 4326 personis,
969 4254 1123 4325 rebusque
1146 4258 1175 4308 et
1200 4253 1290 4309 bonis
1314 4253 1456 4327 ipsorum

188 4356 338 4428 iudicare,
362 4359 529 4416 molestare
552 4365 605 4415 aut
626 4360 737 4431 quovis
761 4358 855 4416 modo
879 4358 1103 4432 dampnificare
1125 4359 1213 4416 nullo
1240 4359 1334 4416 modo
1351 4375 1458 4435 presu-

190 4463 293 4522 matis.
317 4463 350 4521 Si
374 4465 456 4521 enim
481 4464 585 4537 alique
609 4464 771 4537 quitquam
802 4466 935 4523 accionis
959 4466 1008 4522 vel
1033 4466 1203 4539 questionis
1226 4473 1331 4523 contra
1366 4481 1460 4524 anno·

189 4575 274 4627 catos
297 4571 381 4628 cives
403 4570 484 4628 dicte
506 4571 639 4628 civitatis
663 4576 767 4629 nostre
791 4572 904 4629 habent
927 4573 978 4629 vel
1001 4574 1115 4630 habere
1148 4572 1333 4646 pretendunt
1356 4574 1408 4645 hii,
1425 4572 1457 4630 id

190 4689 300 4734 coram
323 4675 407 4735 dicto
429 4679 581 4749 magistro
604 4679 857 4735 thavarnicorum
881 4685 1067 4751 nostrorum,
1093 4677 1194 4753 judice
1214 4679 1329 4736 scilicet
1352 4693 1461 4737 eorum

191 4781 362 4856 ordinario,
385 4782 516 4859 juridice
539 4790 774 4858 prosequantur,
799 4801 837 4843 ex
861 4791 948 4859 parte
971 4800 1104 4857 quorum
1130 4784 1221 4854 idem,
1244 4786 1330 4842 omni
1356 4791 1462 4844 contra

191 4889 280 4964 ipsos
303 4890 481 4963 querulanti
504 4890 652 4948 iudicium
670 4898 701 4951 et
716 4891 869 4949 iusticiam
891 4890 991 4963 faciet,
1014 4898 1108 4966 prout
1132 4892 1262 4950 dictabit
1285 4891 1363 4951 ordo
1376 4889 1462 4970 juris.
