3256 5346
878 639 965 707 382.

398 753 479 802 Anno
500 751 575 814 1496,
596 762 637 800 20.
656 750 750 802 martii.
769 748 917 798 Modruiae.

291 863 442 937 lohannes
471 861 621 930 Conuiuas,
647 855 806 918 Slauombe
831 864 879 917 etc.
901 856 973 927 dux,
989 856 1128 914 nobilibus
1150 854 1321 930 quibusdam
1352 873 1454 913 severe
1472 864 1560 930 prae·

410 969 485 1041 cipit,
508 985 544 1024 ne
565 985 585 1022 a
607 965 809 1024 mercatoribus
830 964 946 1037 aagrab.
970 963 1107 1021 tributum
1123 971 1184 1036 pro
1205 979 1295 1019 merce
1316 962 1450 1034 exigant.

397 1093 552 1175 Johannes
583 1093 745 1163 Coruinus,
776 1092 926 1164 Oppauie,
957 1090 1203 1164 Lypthowieque
1234 1088 1299 1146 dux
1329 1103 1367 1146 ac
1388 1104 1560 1162 regnorum

293 1199 465 1268 Dalmacie,
488 1198 616 1256 Croacie
631 1207 661 1255 et
684 1197 849 1256 Sclauonie
871 1197 970 1254 banus
986 1202 1041 1254 etc.
1064 1195 1204 1268 Egregiis
1225 1194 1360 1276 Johanni
1383 1194 1425 1252 de
1446 1194 1560 1268 Gywla

299 1310 330 1363 et
353 1304 509 1378 Stephano
533 1303 680 1375 Bradach,
704 1304 860 1362 vicebanis
883 1303 996 1360 nostris
1017 1301 1155 1361 eiusdem
1177 1300 1265 1374 regni
1287 1299 1462 1370 Sclauonie,
1484 1317 1553 1359 nec·

296 1425 359 1468 non
382 1410 527 1467 Ladislao
551 1411 685 1478 Pethew‚
708 1410 841 1493 Johanni
863 1409 1024 1478 Horvvath,
1048 1414 1220 1466 castrorum
1231 1411 1413 1464 nostrorum
1438 1406 1558 1465 Medwe

294 1525 325 1574 et
359 1514 516 1585 Rakonok,
551 1531 587 1573 ac
617 1515 774 1573 Lodouico
805 1514 844 1573 de
875 1513 1014 1572 Kemend
1046 1513 1084 1571 de
1107 1510 1355 1594 Jazthrebarzka‚
1379 1512 1557 1570 castellanis

291 1623 412 1691 nostris,
433 1621 545 1679 futuris
568 1623 667 1679 eciam
689 1621 847 1681 vicebanis
869 1628 898 1679 et
922 1620 1096 1679 castellanis
1119 1619 1247 1688 nostris;
1263 1619 1338 1676 item
1350 1619 1504 1677 universis
1526 1624 1555 1676 et

291 1727 422 1799 singulis
446 1728 581 1785 cuiusvis
604 1733 700 1784 status
724 1734 753 1785 et
776 1726 962 1785 condicionis
985 1726 1218 1800 possessionatis
1247 1725 1437 1793 hominibus,
1453 1725 1555 1783 ubivis

292 1849 348 1905 per
385 1833 466 1891 dicta
500 1848 595 1905 regna
633 1833 817 1902 Sclauonie‚
851 1832 1012 1891 Dalmacie
1054 1837 1085 1890 et
1119 1830 1247 1889 Croacie
1281 1833 1398 1889 tributa
1441 1832 1554 1889 haben·

292 1939 384 2008 tibus,
420 1939 592 1996 tenentibus
625 1950 655 1996 et
687 1939 890 2011 exigentibus,
915 1946 1071 2012 presentes
1105 1937 1228 2010 visuris,
1264 1937 1408 1996 salutem.
1440 1937 1554 2012 Quam·

293 2044 340 2102 vis
381 2059 438 2102 nos
480 2045 639 2118 prioribus
671 2045 782 2103 litteris
824 2045 937 2102 nostris
978 2045 1068 2101 vobis
1102 2042 1171 2119 jura
1205 2060 1240 2101 ac
1283 2045 1449 2119 privilegia
1484 2061 1555 2117 pru·

292 2149 418 2208 dentum
443 2159 473 2209 et
503 2151 798 2226 circumspectorum
832 2150 951 2227 judicis,
976 2149 1157 2226 juratorum,
1180 2158 1417 2223 ceterorumque
1439 2144 1553 2208 civium

290 2265 321 2314 et
344 2258 586 2316 inhabitatorum
610 2259 743 2317 civitatis
766 2260 880 2316 montis
914 2257 1083 2328 Grecensis,
1110 2273 1203 2331 super
1226 2257 1425 2316 libertatibus
1447 2271 1552 2316 eorum

292 2369 322 2420 et
356 2366 561 2437 prerogativis
592 2367 623 2423 in
658 2365 739 2423 facto
774 2366 983 2438 exempcionis
1007 2366 1196 2423 tributorum
1219 2369 1370 2435 emanata,
1400 2365 1478 2438 ipsis
1499 2379 1554 2438 per

292 2468 382 2527 divos
425 2487 512 2543 reges
547 2487 698 2542 concessa,
741 2478 771 2531 et
812 2471 936 2530 tandem
971 2488 1028 2547 per
1063 2472 1182 2543 regiam
1216 2472 1410 2529 maiestatem
1445 2469 1552 2529 confir·

291 2582 383 2646 mata,
406 2591 442 2633 ac
465 2576 592 2635 demum
615 2578 753 2636 eiusdem
776 2579 859 2650 regie
882 2578 1048 2636 maiestatis
1065 2577 1175 2634 litteris
1199 2578 1401 2650 preceptoriis
1418 2577 1550 2635 median-

291 2683 375 2740 tibus
399 2682 532 2741 firmiter
560 2685 722 2742 observari
745 2685 919 2755 commissa,
940 2683 1130 2742 sufficienter
1152 2683 1427 2757 declaraverimus,
1452 2684 1552 2741 vobis·

292 2803 352 2861 que
376 2788 461 2846 iuxta
485 2789 567 2846 idem
592 2789 774 2848 mandatum
798 2791 882 2863 regie
898 2790 1066 2848 maiestatis
1090 2791 1349 2861 commiserimus,
1372 2796 1407 2848 ut
1430 2789 1551 2849 eosdem

291 2895 332 2951 ab
355 2895 534 2953 huiusmodi
554 2896 712 2954 solucione
742 2897 852 2955 tributi
881 2896 1066 2955 habuissetis
1090 2902 1252 2970 exemptos
1275 2903 1305 2954 et
1337 2902 1550 2971 supportatos;

291 3006 394 3060 tamen
432 3019 512 3061 nunc
543 3005 574 3061 in
608 3005 748 3078 personis
771 3004 925 3062 dictorum
955 3003 1075 3080 judicis,
1102 3002 1285 3078 juratorum,
1317 3011 1550 3076 ceterorumque

290 3109 407 3167 civium
443 3117 472 3167 et
504 3111 748 3168 inhabitatorum
780 3111 877 3185 ipsius
910 3111 1043 3169 civitatis
1067 3111 1180 3168 montis
1202 3109 1367 3169 Grecensis
1386 3110 1479 3168 nobis
1502 3126 1550 3166 ex·

291 3217 427 3288 positum
451 3217 552 3274 extitit
576 3217 665 3288 gravi
688 3233 760 3274 cum
784 3217 920 3291 querela,
951 3216 1109 3290 quomodo
1133 3232 1189 3273 vos
1213 3223 1243 3274 et
1266 3219 1433 3290 presertim
1456 3215 1550 3275 ostici-

287 3323 352 3379 ales
376 3325 472 3380 nostri
496 3324 668 3397 prescripti,
690 3324 775 3397 ipsos
798 3325 881 3381 cives
903 3323 943 3381 ad
965 3323 1154 3381 solucionem
1178 3324 1275 3396 ipsius
1299 3324 1408 3383 tributi
1445 3331 1547 3383 contra

287 3426 356 3503 jura
379 3436 408 3486 et
432 3429 590 3487 libertates
605 3431 755 3503 ipsorum,
778 3445 814 3487 ac
830 3431 860 3487 in
876 3437 1089 3503 contemptum
1106 3429 1324 3487 mandatorum
1345 3431 1429 3503 regie
1454 3430 1546 3488 maie-

288 3536 374 3592 statis
408 3541 438 3592 et
473 3542 649 3593 nostrorum
682 3537 921 3609 compelleretis,
944 3551 980 3592 ac
1002 3535 1127 3594 eosdem
1151 3536 1274 3593 racione
1298 3537 1408 3610 previa
1431 3536 1463 3594 in
1482 3550 1547 3609 per·

288 3643 370 3698 sonis
401 3647 431 3698 et
465 3642 558 3700 rebus
589 3657 696 3700 eorum
729 3643 900 3715 plurimum
934 3641 1148 3712 molestaretis‚
1172 3642 1204 3700 in
1226 3642 1436 3717 preludicinm
1458 3642 1549 3700 liber·

289 3752 388 3803 tatum
405 3747 546 3819 ipsorum
570 3749 685 3805 civium
717 3755 747 3805 et
769 3747 940 3822 dampnum
964 3748 1057 3805 valde
1080 3763 1238 3821 magnum.
1261 3746 1342 3806 Cum
1367 3755 1472 3806 autem
1493 3763 1546 3806 nos

287 3852 372 3926 ipsos
398 3854 481 3910 cives
505 3853 592 3910 iuxta
615 3854 760 3912 mandata
783 3855 866 3927 regie
898 3855 1066 3912 maiestatis
1090 3860 1121 3912 et
1144 3855 1303 3913 libertates
1327 3854 1509 3913 eorumdem
1531 3869 1548 3912 a

288 3959 502 4029 quorumlibet
535 3961 713 4033 illegittima
740 3962 937 4034 impeticione
972 3961 1154 4036 indempnes
1189 3961 1324 4018 velimus
1360 3977 1548 4035 preservare,

286 4063 354 4121 ideo
379 4067 468 4122 vobis
491 4073 520 4123 et
543 4074 682 4125 vestrum
698 4067 820 4125 cuilicet
844 4068 874 4124 in
899 4083 1029 4140 persona
1046 4068 1184 4125 eiusdem
1200 4067 1283 4140 regie
1300 4068 1470 4127 maiestatis
1495 4067 1546 4126 fir·

288 4169 379 4227 miter
410 4173 642 4244 committimus,
678 4176 858 4248 prescriptis
890 4189 966 4232 vero
991 4176 1149 4232 vicebanis
1172 4190 1208 4233 ac
1231 4175 1408 4233 castellanis
1432 4182 1463 4233 et
1483 4175 1547 4249 qui·

287 4276 394 4333 bosvis
433 4277 620 4337 officialibus
658 4282 771 4338 nostris
810 4282 868 4338 sub
892 4280 1114 4353 indignacionis
1153 4286 1255 4338 nostre
1294 4296 1376 4354 pena
1409 4282 1546 4340 striccius

286 4382 480 4452 mandamus,
504 4391 656 4457 quatenus
680 4386 793 4444 amodo
819 4386 963 4459 deinceps
988 4385 1124 4460 prefatos
1147 4385 1293 4461 judicem,
1316 4385 1447 4462 juratos,
1470 4395 1544 4445 cete·

285 4502 398 4561 rosque
433 4490 516 4547 cives
540 4497 569 4548 et
600 4493 822 4550 inhabitatores
845 4508 880 4550 ac
903 4500 1089 4550 mercatores
1113 4491 1257 4549 iamdicte
1279 4493 1415 4551 civitatis
1438 4493 1548 4552 montis

285 4592 446 4652 Grecensis
478 4596 516 4653 ad
549 4598 739 4656 solucionem
772 4599 961 4657 tributorum
991 4606 1165 4656 vestrorum
1189 4613 1225 4655 ac
1248 4599 1347 4655 eciam
1371 4608 1547 4658 nostrorum

285 4700 389 4757 ubivis
412 4702 599 4773 habitorum,
622 4712 727 4761 contra
752 4706 903 4778 premissa
928 4704 1072 4762 mandata
1088 4705 1172 4776 regie
1195 4704 1365 4762 maiestatis
1382 4707 1548 4781 etantiqua

283 4802 352 4878 jura
372 4805 511 4878 ipsorum
535 4810 725 4884 compellere
748 4825 783 4868 ac
806 4811 933 4868 eosdem
955 4813 1077 4868 racione
1092 4810 1332 4868 nonsolucionis
1346 4799 1547 4881 eorumdem,

282 4911 316 4968 in
338 4913 478 4985 personis
494 4929 530 4973 ac
544 4916 637 4973 rebus
660 4917 801 4991 ipsorum
823 4917 986 4992 impedire,
1008 4932 1044 4975 ac
1067 4915 1291 4991 quovismodo
1314 4916 1548 4993 dampnificare,
