3278 5348
185 419 224 477 86
617 413 692 471 Doc.
718 408 769 486 69.
793 444 835 454 -
860 411 915 468 An.
941 423 1028 487 1433.

181 634 350 691 woltarum
382 638 412 688 et
447 629 636 688 testudinum
667 629 748 685 intra
772 628 874 701 ipsam
898 626 1010 684 turrim
1034 627 1134 683 causis
1158 641 1197 683 ex
1221 626 1390 699 premissis
1413 624 1459 683 fa·

180 739 287 797 cienda
311 737 521 795 inhibuissetis
545 744 575 792 et
599 751 655 792 nec
678 732 717 790 ad
742 731 922 790 huiusmodi
946 731 1204 790 reformacionem
1233 736 1354 790 tecture
1371 744 1457 790 ante·

182 846 243 903 fate
267 844 368 912 turris,
395 843 661 900 construccionem
694 848 723 898 et
757 839 990 899 edificacionem
1013 837 1183 896 woltarum
1207 844 1238 897 et
1260 837 1456 896 testudinum

182 949 391 1024 predictarum
414 947 625 1017 admisissetis,
650 962 780 1020 gravem
803 946 949 1003 iniuriam
973 944 1032 1017 ipsi
1057 944 1195 1018 capitulo
1226 961 1285 1018 per
1318 945 1379 1003 hoc
1410 946 1456 1002 in·

162 1055 317 1114 'ferendo
366 1055 482 1111 Verum
519 1055 591 1126 quia
627 1054 717 1111 nobis
751 1067 852 1127 nuper
886 1052 916 1109 in
954 1051 1032 1107 urbe
1062 1050 1201 1108 Romana
1239 1051 1453 1121 existentibus,

184 1162 312 1236 quidam
335 1162 432 1219 vestri
456 1162 607 1229 concives,
631 1168 736 1217 nostre
759 1158 951 1217 celsitudinis
974 1156 1152 1215 accedentes
1176 1163 1390 1230 conspectum,
1414 1155 1453 1226 de

183 1268 304 1342 prefato
327 1269 465 1341 capitulo
489 1269 519 1324 in
544 1283 579 1324 eo
596 1268 873 1340 conquerebantur,
891 1264 974 1339 quod
992 1265 1076 1322 idem
1091 1265 1264 1339 capitulum
1283 1262 1452 1321 antefatam

184 1375 295 1431 turrim
332 1389 440 1430 eorum
476 1388 547 1429 cum
584 1388 639 1430 suo
674 1373 734 1429 situ
766 1377 796 1429 et
819 1386 891 1429 cum
914 1372 978 1429 acie
1003 1377 1033 1428 et
1055 1385 1127 1431 area
1151 1370 1189 1428 ad
1214 1371 1318 1444 ipsam
1340 1369 1453 1427 turrim

185 1480 415 1552 pcrtinentibus
446 1494 463 1535 a
494 1478 614 1552 prefata
647 1479 771 1537 civitate
801 1494 856 1552 per
888 1479 1045 1535 elevatum
1068 1484 1099 1535 et
1121 1493 1159 1534 ex
1183 1475 1343 1550 lapidibus
1368 1474 1454 1533 edifi-

184 1593 288 1642 catum
312 1600 438 1642 murum
455 1585 574 1642 vellent
590 1584 759 1655 recludere,
776 1584 940 1642 obstruere
956 1588 986 1641 et
1008 1598 1162 1658 separare,
1189 1597 1307 1655 nosque
1334 1581 1452 1640 eisdem

187 1691 368 1748 concivibus
392 1692 503 1748 vestris
527 1707 582 1765 per
607 1704 788 1763 expressum
812 1691 874 1748 tale
897 1689 1099 1748 recordamur
1121 1706 1159 1747 ex
1183 1704 1236 1747 ore
1251 1693 1360 1746 nostro
1383 1704 1454 1762 pro·

186 1797 256 1869 prio
291 1802 402 1854 eotunc
436 1795 557 1853 dedisse
592 1811 792 1869 responsum:
828 1796 912 1870 quod
943 1795 1123 1854 huiusmodi
1157 1794 1392 1853 edificacionem
1424 1801 1452 1852 et

184 1903 394 1960 elevacionem
426 1904 517 1965 muri.
550 1919 605 1976 per
634 1918 727 1976 quem
759 1903 859 1976 ipsam
893 1903 1004 1959 turrim
1028 1918 1099 1959 cum
1123 1917 1179 1959 suo
1202 1902 1262 1959 situ
1286 1909 1317 1958 et
1339 1915 1451 1959 areaa

186 2008 306 2081 prefata
330 2009 455 2066 civitate
479 2015 582 2066 nostra
605 2016 802 2081 separaretur
831 2015 860 2066 et
884 2009 1105 2079 obstrueretur,
1128 2006 1315 2065 nullomodo
1338 2007 1451 2066 admit-

187 2119 302 2183 temus;
326 2116 357 2171 in
382 2115 508 2172 lecturis
531 2122 634 2173 tamen
657 2122 687 2172 et
709 2116 854 2173 omnibus
877 2115 947 2172 aliis
968 2114 1247 2172 reformacionibus
1270 2118 1301 2171 et
1324 2128 1452 2188 repara·

183 2221 325 2278 cionibus
345 2220 530 2292 defectuum,
555 2226 756 2295 rupturamm
782 2228 810 2278 et
834 2223 995 2279 ruinarum
1018 2220 1158 2279 eiusdem
1180 2220 1273 2278 turris
1289 2220 1351 2295 ipsi
1368 2221 1451 2294 capi·

187 2326 254 2383 tulo
277 2327 403 2398 plenam
427 2326 571 2385 dedimus
595 2327 783 2397 facultatem,
807 2335 899 2402 prout
921 2328 1018 2386 iidem
1052 2328 1193 2385 concives
1216 2329 1321 2399 vestri,
1345 2341 1404 2385 vos
1426 2329 1452 2386 si

183 2432 358 2499 voluerunt,
383 2433 466 2489 clare
489 2449 584 2507 super
607 2435 666 2491 hoc
690 2434 859 2492 informare
882 2441 1057 2508 potuerunt.
1081 2432 1155 2492 ldeo
1178 2433 1323 2492 fidelitati
1344 2438 1449 2493 vestre

186 2537 365 2595 firmissime
388 2540 580 2612 precipimus
604 2545 634 2597 et
657 2541 783 2597 omnino
806 2542 947 2598 volentes
962 2540 1156 2612 mandamus,
1168 2546 1321 2614 quatenus
1343 2540 1451 2600 habita

182 2645 377 2717 presencium
402 2646 524 2715 noticia,
548 2653 737 2704 memoratas
762 2649 872 2704 woltas
903 2654 933 2703 et
963 2646 1133 2704 testudines
1165 2660 1201 2704 ac
1233 2647 1295 2704 alia
1327 2647 1450 2706 edificia

182 2767 238 2824 per
262 2756 470 2808 memoratum
493 2753 667 2825 capitulum
693 2768 750 2826 pro
775 2754 884 2811 tuciori
911 2753 1147 2826 preservacione
1164 2758 1194 2810 et
1210 2755 1450 2813 conservacione

181 2855 402 2925 clenodiorum,
428 2865 683 2915 ornamentorum
708 2874 743 2915 ac
766 2875 872 2915 rerum
896 2864 925 2916 et
961 2860 1116 2916 bonorum
1151 2858 1285 2917 antefate
1321 2863 1450 2922 ecclesie

180 2963 387 3033 zagrabiensis
411 2962 490 3019 infra
516 2965 618 3036 ipsam
642 2965 753 3021 turrim
779 2964 922 3022 edificare
946 2972 975 3022 et
1000 2953 1115 3036 faceres
1143 2965 1307 3038 ipsamque
1337 2971 1452 3028 turrim

182 3070 212 3126 in
236 3084 291 3125 sua
317 3074 436 3126 tectura
459 3071 518 3126 sub
542 3071 597 3127 tali
623 3069 723 3126 forma
748 3079 778 3127 et
802 3070 1007 3143 disposicione
1031 3072 1109 3129 sicut
1131 3087 1212 3128 nunc
1236 3072 1340 3131 existit
1363 3083 1395 3133 et
1419 3078 1450 3135 iu

181 3176 326 3232 omnibus
350 3176 419 3231 aliis
436 3177 499 3232 suis
516 3178 655 3248 rupturis
672 3192 707 3232 ac
723 3176 894 3234 defectibus
911 3176 1080 3235 reformare
1097 3178 1293 3251 permittatis,
1310 3179 1449 3255 demptis

184 3288 305 3338 tantum
329 3282 400 3339 altis
425 3290 454 3338 et
484 3283 679 3340 notabilibus
710 3284 843 3340 extensis
874 3282 985 3340 meniis
1016 3290 1046 3339 et
1077 3285 1322 3357 propugnaculis
1351 3288 1450 3361 vulgo

185 3389 271 3444 erkel
296 3388 385 3444 dictis
409 3390 438 3444 in
465 3389 531 3461 ipsa
555 3390 632 3446 turri
656 3389 694 3445 de
715 3402 796 3446 novo
821 3386 976 3458 faciendis,
1001 3404 1061 3460 que
1084 3389 1231 3446 nolumus
1247 3389 1316 3449 fieri
1332 3391 1364 3449 in
1382 3410 1452 3468 pre

187 3493 336 3549 iudicium
361 3504 463 3550 nostre
487 3495 620 3551 civitatis
644 3494 828 3568 supradicte.
853 3494 993 3551 Preterea
1023 3494 1137 3568 prefati
1167 3500 1298 3569 uterque
1329 3496 1451 3558 domiui

188 3599 350 3680 Joliannes,
389 3600 540 3665 doctores,
576 3603 753 3657 nominibus
788 3602 901 3673 quibus
925 3616 1027 3674 supra,
1050 3606 1155 3659 nostre
1179 3602 1344 3674 querulose
1368 3605 1451 3665 dete·

183 3714 293 3760 xerunt
325 3707 483 3775 maiestati,
516 3707 599 3778 quod
631 3715 698 3778 post
734 3710 942 3765 reversionem
967 3706 1004 3763 de
1027 3712 1166 3780 pretacta
1190 3709 1267 3766 urbe
1291 3709 1450 3787 Romana,

183 3809 337 3866 dictorum
363 3819 537 3868 vestrorum
563 3814 735 3869 concivium
760 3829 816 3870 vos
839 3812 1034 3884 multimode,
1051 3814 1136 3886 ipsos
1153 3813 1296 3872 dominos
1312 3815 1351 3874 de
1366 3817 1451 3878 dicto

182 3917 319 3988 capitulo
343 3917 372 3972 in
399 3919 533 3989 propriis
558 3919 696 3989 ipsorum
730 3922 890 3976 territoriis
926 3918 1175 3993 impedivissetis,
1208 3923 1451 3993 perturbassetis

182 4030 210 4078 et
236 4023 465 4085 molestassetis.
490 4024 713 4096 impedireque,
738 4027 921 4097 perturbare
945 4041 981 4082 ac
1013 4026 1180 4083 molestare
1203 4041 1264 4084 non
1288 4034 1451 4091 cessaretis

182 4128 220 4183 dc
245 4130 378 4199 presenti
404 4130 433 4184 in
457 4130 573 4197 grande
597 4131 804 4202 preiudicium
838 4134 977 4204 ipsorum
1009 4131 1208 4189 dominorum
1239 4131 1278 4189 de
1309 4138 1451 4208 capitulo

183 4243 350 4306 prenotato.
377 4236 411 4289 lit
436 4237 507 4305 quia
532 4238 574 4292 uti
600 4237 710 4293 exinde
735 4238 898 4293 manifeste
922 4237 1131 4308 recordamur,
1155 4244 1266 4296 eotunc
1282 4244 1451 4314 spectabili

181 4349 210 4396 et
234 4341 398 4410 magnifico
425 4342 601 4399 llermanno
626 4345 713 4409 Cilic,
739 4344 928 4415 Zagorieque
952 4344 1057 4400 comiti
1081 4359 1116 4400 ac
1139 4346 1226 4417 regni
1250 4349 1349 4405 nostri
1364 4347 1451 4409 Scla-

180 4448 271 4502 uonie
296 4446 384 4514 bano,
409 4462 515 4502 socero
539 4458 644 4504 nostro
668 4451 826 4506 carissimo
850 4467 885 4506 ac
909 4450 1005 4521 fideli,
1032 4450 1154 4521 dilecto,
1178 4453 1209 4509 in
1240 4467 1277 4508 eo
1309 4453 1451 4515 districte

181 4550 450 4621 mandaveramus,
475 4559 508 4607 ut
532 4569 639 4610 omnes
660 4555 862 4626 ditl'erencias,
880 4557 1092 4614 contenciones
1108 4562 1201 4628 atque
1217 4563 1450 4621 controversias

182 4659 260 4714 inter
283 4664 455 4730 pretactum
481 4659 652 4731 capitulum
676 4662 715 4715 ab
740 4677 808 4731 una,
834 4668 862 4719 et
885 4678 941 4719 vos
964 4663 1004 4718 ab
1029 4663 1126 4719 altera
1151 4664 1291 4736 partibus
1323 4673 1451 4727 exortas

182 4774 210 4820 et
235 4764 395 4820 suscitatas
429 4765 541 4836 sopire,
577 4765 777 4837 complanare
812 4783 847 4823 ac
881 4768 942 4824 fine
977 4766 1083 4825 debito
1118 4769 1285 4827 terminare
1307 4770 1448 4832 deberet.

180 4870 241 4946 Qui
266 4877 377 4941 tamen,
401 4873 443 4927 uti
469 4888 505 4929 ex
532 4877 743 4946 prefaciorum
774 4874 1034 4947 conquerencium
1065 4875 1294 4949 significacione
1312 4878 1449 4939 intelle·
