3278 5348
600 473 673 533 Doc.
691 473 768 551 560.
791 508 833 516 -
857 473 912 531 An.
936 486 1025 551 1491.
1394 471 1453 550 481

184 693 283 763 gratia
318 698 347 748 et
383 689 490 748 favore
521 705 644 763 semper
669 698 868 763 prosecutum
892 688 995 758 fuisse,
1020 689 1086 762 ipse
1109 689 1203 745 etiam
1227 688 1353 761 cupiens
1376 703 1452 745 eum

184 798 309 867 imitari,
340 796 502 854 ecclesiam
535 812 606 854 cum
639 796 790 854 universis
822 796 951 869 capituli
982 794 1237 869 possessionibus,
1265 793 1395 851 decimis
1419 808 1454 850 ac

184 904 277 960 rebus
302 909 331 960 et
354 903 493 976 personis
517 903 658 976 ipsorum
681 903 713 960 in
743 917 830 960 suam
862 902 973 975 recipit
1004 900 1228 974 protectionem
1261 905 1291 957 et
1322 900 1452 957 tutelam

184 1009 363 1082 specialem,
395 1009 525 1081 viceque
556 1014 586 1065 et
616 1008 645 1065 in
679 1022 810 1081 persona
841 1022 951 1064 eorum
982 1007 1115 1064 comittit
1137 1006 1320 1080 protectioni
1347 1010 1454 1063 contra

186 1129 301 1172 omnes.

291 1268 397 1329 Georgii
418 1266 588 1315 hlarcelovid:
611 1267 736 1329 Regem,
757 1273 785 1313 ut
807 1280 893 1329 supra.

774 1495 865 1562 360.

290 1658 371 1706 Auno
394 1669 468 1719 1491,
491 1669 530 1718 19.
550 1657 701 1708 decembris.
718 1656 866 1720 Zegrabiae.

191 1785 294 1841 Coram
328 1786 453 1843 ciuitatis
483 1785 624 1859 deputatis
655 1785 809 1843 Dorotken
837 1785 907 1842 cinis
943 1783 1069 1857 Georgia
1102 1780 1236 1842 Vitkovil
1253 1785 1312 1841 civi
1331 1785 1453 1853 ahicam,

600 1911 759 1984 silvamque
780 1922 827 1967 12.
841 1909 912 1983 flor.
936 1909 1039 1968 deradit.

295 2071 358 2128 Nos
380 2071 524 2151 Jacobus‚
541 2071 624 2129 filius
649 2072 756 2141 vlrici,
779 2070 881 2146 judex,
907 2071 1097 2141 Valentinus,
1122 2070 1282 2139 Fabianus,
1307 2067 1449 2138 Michael,

187 2171 371 2248 Anthonius,
411 2178 602 2248 Valentinus,
634 2177 812 2250 Bolfangus‚
852 2178 935 2234 Elias
969 2183 998 2233 et
1023 2175 1204 2234 Benedictus
1226 2173 1327 2250 jurati,
1352 2174 1450 2231 consi·

185 2284 267 2341 liarii
291 2289 320 2341 et
354 2284 490 2341 universi
514 2285 597 2342 cives
629 2285 762 2342 civitatis
794 2284 907 2340 montis
931 2282 1100 2340 Grecensis.
1126 2282 1273 2339 Memorie
1297 2295 1453 2338 commen-

185 2388 304 2459 damus,
328 2396 433 2447 tenore
455 2391 648 2464 presencium
676 2390 889 2463 significantes
914 2390 1027 2463 quibus
1044 2388 1169 2461 expedit
1185 2387 1352 2445 universis:
1369 2389 1453 2459 quod

186 2496 285 2569 proba
309 2501 339 2553 et
361 2495 488 2553 honesta
506 2495 627 2566 mulier,
644 2496 801 2554 Dorothea
817 2501 936 2565 vocata,
960 2494 1025 2552 filia
1049 2493 1181 2550 condam
1205 2493 1365 2550 Elizaheth
1384 2507 1451 2549 mu·

185 2602 277 2671 lieriS,
302 2601 410 2658 relicta
434 2616 509 2658 vero
533 2600 664 2658 condam
688 2601 776 2659 Pauli
800 2601 936 2671 sartoris,
953 2600 1030 2657 olim
1046 2600 1181 2657 concivis
1204 2599 1311 2670 nostri,
1335 2596 1372 2654 ad
1397 2612 1451 2655 no-

184 2713 280 2764 stram
313 2708 516 2780 personaliter
539 2708 664 2764 veniens
688 2709 878 2780 presenciam
902 2707 1040 2765 confessa
1064 2714 1110 2764 est
1143 2708 1173 2765 in
1197 2708 1278 2764 hunc
1303 2704 1450 2763 modum:

184 2821 218 2869 ut
241 2814 307 2885 ipsa
331 2812 488 2885 quandam
511 2814 634 2870 vineam
656 2828 754 2884 suam,
779 2813 1019 2885 Myndawschalr
1034 2819 1186 2885 vocatam,
1199 2811 1262 2888 jam
1286 2813 1316 2869 in
1332 2812 1447 2869 silvam

185 2918 320 2976 totaliter
343 2917 508 2988 redactam,
525 2935 596 2976 cum
620 2919 757 2993 virgulto
780 2924 810 2976 et
832 2919 921 2977 silvis
944 2920 1003 2977 sub
1019 2925 1049 2976 et
1066 2934 1159 2992 penes
1175 2918 1305 2976 eandem
1328 2918 1450 2975 vineam

183 3022 246 3100 jam
270 3025 300 3082 in
324 3024 436 3082 silvam
460 3024 615 3082 redactam
640 3025 762 3097 habitis,
786 3027 817 3083 in
841 3027 996 3083 territorio
1019 3032 1124 3083 nostro
1148 3041 1201 3082 seu
1225 3025 1357 3082 civitatis
1383 3038 1451 3097 pre·

185 3129 246 3188 fate
270 3131 349 3188 inter
371 3131 485 3188 silvam
511 3147 564 3189 seu
597 3132 771 3204 virgultum
804 3130 929 3205 providi
953 3138 982 3189 et
1006 3132 1125 3189 honesti
1149 3131 1208 3188 viri
1233 3130 1326 3188 Blasii
1353 3128 1445 3188 sreni-

185 3238 299 3310 parisa
316 3236 513 3295 meridionali
531 3245 619 3310 parte
635 3246 664 3295 et
681 3239 759 3296 inter
783 3237 898 3296 silvam
921 3238 1064 3295 similiter
1088 3251 1301 3295 successorum
1317 3235 1449 3293 condam

185 3343 283 3415 probe
314 3344 454 3401 mulieris
487 3342 751 3416 Pthyczlrowycha
782 3344 864 3402 dicte
900 3344 1188 3418 aseptemtrionali
1213 3348 1300 3415 parte
1324 3351 1353 3398 et
1370 3340 1449 3399 infra

184 3465 281 3522 usque
303 3451 441 3507 rivulum
474 3466 527 3507 seu
552 3461 689 3508 meatum
712 3466 791 3523 aque
816 3451 965 3524 pluvialis
989 3466 1006 3507 a
1032 3457 1119 3524 parte
1143 3448 1336 3517 orientalia
1361 3453 1448 3521 parte

183 3570 258 3612 vero
281 3555 461 3615 occidentali
487 3558 537 3614 via
561 3559 743 3628 communis,
776 3557 915 3614 habitam
939 3564 968 3613 et
991 3556 1181 3625 existentem,
1206 3555 1307 3627 ipsam
1331 3553 1449 3611 scilicet

185 3661 374 3719 Dorotheam
399 3662 563 3722 mulierem
587 3680 604 3720 a
629 3663 749 3737 prefata
773 3662 906 3720 condam
929 3663 1089 3720 Elizabeth
1114 3661 1253 3730 muliere,
1278 3667 1377 3718 matre
1400 3660 1447 3732 ip·

184 3767 246 3825 sius
265 3768 425 3841 legittima,
450 3771 678 3828 testamentaria
702 3770 859 3842 legacione
883 3770 1066 3827 litteratorie
1091 3771 1333 3833 concernentem,
1358 3770 1451 3839 prout

185 3874 296 3931 hocin
321 3875 455 3947 quadam
490 3877 592 3933 littera
624 3883 728 3933 nostra
758 3892 810 3933 seu
844 3877 978 3934 civitatis
1010 3874 1129 3949 prefate
1153 3872 1345 3947 privilegiali
1369 3878 1449 3929 tem·

184 3995 260 4053 pore
283 3982 432 4054 presentis
455 3980 607 4057 judicatus
629 3982 740 4055 prefati
763 3979 874 4056 judicis
897 3983 993 4038 nostri
1018 3980 1159 4038 moderni
1184 3978 1222 4036 de
1233 3993 1313 4036 anno
1331 3976 1451 4035 domini

184 4102 264 4144 nunc
278 4089 411 4159 presenti
424 4087 629 4161 infrascripto,
643 4088 718 4146 feria
735 4088 879 4146 videlicet
891 4087 1026 4144 secunda
1040 4089 1069 4144 in
1095 4085 1231 4161 profesto
1250 4086 1338 4143 beate
1354 4084 1447 4141 Lucie

185 4193 322 4263 virginis,
352 4209 431 4250 nunc
456 4194 598 4267 proxime
630 4195 786 4268 preterito,
821 4209 877 4268 pro
903 4200 989 4267 parte
1013 4193 1113 4266 ipsius
1137 4192 1292 4249 Dorothec
1309 4189 1450 4248 mulieris

185 4298 351 4372 superinde
374 4298 513 4357 confecta
535 4306 564 4357 et
588 4307 730 4358 emanata
762 4315 798 4357 ac
821 4315 926 4356 coram
950 4300 1039 4357 nobis
1063 4299 1094 4356 in
1116 4297 1218 4371 specie
1243 4295 1394 4370 producta
1421 4300 1450 4353 et

185 4382 402 4462 demonstrata
418 4420 562 4479 expresse
586 4404 721 4464 vidimus
745 4407 893 4464 contineri
917 4406 1066 4475 occulata,
1091 4404 1183 4462 simul
1208 4418 1279 4460 cum
1303 4402 1450 4459 omnibus

185 4510 325 4568 eiusdem
350 4512 439 4568 vinee
462 4508 525 4585 jam
556 4512 587 4569 in
619 4512 732 4569 silvam
763 4512 886 4570 redacte
910 4520 939 4569 et
962 4512 1116 4569 silvarum
1138 4510 1177 4568 ad
1203 4506 1331 4567 eandem
1357 4507 1450 4581 perti-1

185 4618 327 4675 nencium
351 4617 545 4686 utilitatibus,
568 4616 699 4693 juribus,
722 4618 836 4689 usibus,
854 4618 1084 4690 integritatibus
1107 4624 1137 4674 et
1162 4617 1251 4674 metis
1285 4613 1365 4672 infra
1398 4612 1450 4671 de·

185 4722 339 4781 clarandis
373 4739 409 4780 ac
439 4724 635 4796 pertinenciis
665 4725 817 4783 universis
841 4723 985 4798 prudenti
1008 4730 1038 4781 ct
1071 4724 1200 4781 honesto
1224 4721 1292 4778 viro
1316 4719 1451 4793 Georgio

186 4828 411 4901 wyrhlowyth
434 4829 526 4899 dicto,
550 4831 662 4889 seniori
693 4829 789 4906 judici
821 4839 851 4889 et
874 4832 995 4889 concivi
1018 4837 1124 4888 nostro
1147 4843 1182 4887 ac
1206 4843 1263 4902 per
1285 4842 1357 4884 eum
1388 4827 1451 4885 suis

187 4934 354 4994 heredibus
377 4950 436 5009 pro
467 4935 633 4995 duodecim
664 4936 788 4996 florenis
819 4939 886 4996 auri
911 4952 966 5012 per
990 4936 1121 4996 cundem
1146 4934 1315 5008 Georgium
1342 4933 1452 5006 Wyth·
1483 4918 1492 4935 ’

1319 5054 1354 5113 31
