3278 5348
615 443 689 502 Dec.
714 437 787 500 188.
812 472 853 484 -
877 442 933 498 An.
959 451 1047 518 [457.

792 651 875 718 188.

297 795 378 844 Anno
399 806 474 860 1457,
497 795 732 860 1.Junii.Budae.

185 918 349 980 Lodislaus
378 921 556 995 Hungarme
589 931 636 981 etc.
667 941 730 992 rex,
759 922 984 979 communitatem
1015 922 1149 990 civitatis,
1178 937 1214 976 nc
1244 918 1345 990 Popov
1375 923 1457 973 turen

545 1029 670 1103 capitulo
692 1025 844 1097 reddamr,
868 1027 1002 1101 impedire
1024 1034 1111 1088 vetut.

895 1168 1049 1218 commissio
1068 1166 1172 1231 propria
1191 1164 1288 1213 domini
1307 1163 1383 1227 regis.

296 1279 459 1339 Ladislaus
484 1281 534 1340 dei
556 1282 661 1355 gracia
684 1282 851 1354 ilungarie,
874 1280 1029 1350 Bohemie,
1058 1278 1227 1348 Dalmacie,
1251 1275 1378 1334 Croacie
1401 1281 1456 1331 etc.

187 1401 254 1457 rex,
271 1387 457 1460 Austrieque
473 1394 503 1446 et
526 1386 618 1446 Stirie
641 1387 721 1458 dux,
747 1402 865 1445 necnon
888 1387 1028 1444 marchio
1052 1384 1191 1443 Morauie
1214 1389 1271 1441 etc.
1296 1380 1456 1438 Fidelibus

188 1493 304 1551 nostris
325 1491 431 1569 judici,
454 1492 572 1568 juratis,
596 1495 767 1567 ceterisque
790 1494 911 1551 civibus
934 1493 1068 1551 civitatis
1100 1496 1203 1549 nostre
1235 1488 1349 1546 montis
1380 1485 1457 1544 Gre-

189 1599 289 1656 censis
311 1599 444 1657 salutem
469 1607 499 1658 et
522 1602 671 1672 graciam.
694 1600 775 1674 Quia
798 1615 854 1658 nos
878 1616 938 1658 una
961 1615 1032 1656 cum
1056 1598 1202 1672 plurimis
1226 1594 1362 1669 prelatis,
1385 1592 1456 1649 bar-

189 1705 320 1763 ronibus
354 1711 384 1763 et
419 1707 603 1765 consiliariis
637 1708 758 1778 nostris,
793 1706 903 1765 fideles
933 1711 1055 1764 nostros
1078 1703 1260 1763 honorabile
1284 1699 1456 1773 capitulum

189 1809 319 1869 ecclesie
344 1813 552 1884 zagrabiensis
587 1828 681 1886 super
704 1812 841 1885 quadam
864 1812 943 1869 turri
966 1811 1095 1884 capituli
1118 1807 1256 1866 eiusdem
1279 1807 1310 1864 in
1333 1805 1457 1863 civitate

189 1922 296 1974 nostra
331 1919 445 1976 montis
482 1917 644 1977 Grecensis
679 1918 818 1991 predicta
852 1934 888 1975 ac
922 1919 1018 1975 vestri
1053 1918 1084 1975 in
1118 1914 1222 1972 medio
1254 1913 1370 1983 habita,
1401 1927 1456 1984 per

189 2021 323 2080 condam
352 2025 479 2104 comites
502 2025 582 2083 Cilic
604 2026 645 2082 ab
669 2025 745 2099 ipsis
768 2025 906 2098 capitulo
930 2025 1031 2082 minus
1055 2025 1133 2081 iuste
1156 2027 1186 2079 et
1208 2019 1344 2079 indebite
1367 2031 1456 2074 occu·

190 2134 272 2200 pata,
295 2129 425 2202 plenum
459 2128 508 2206 jus
541 2131 657 2188 habere
691 2136 722 2188 et
755 2130 793 2188 ad
829 2130 964 2199 eosdem,
999 2129 1170 2201 capitulum
1205 2124 1403 2198 zagrabiense
1426 2127 1455 2179 et

188 2235 346 2293 neminem
369 2236 466 2293 alium
491 2238 645 2310 pertinere
668 2236 828 2294 evidenter
851 2242 881 2294 et
904 2236 1066 2293 manifeste
1089 2233 1308 2307 comperimus,
1332 2231 1373 2286 ob
1397 2230 1456 2286 hoc

188 2354 253 2411 nos,
277 2355 399 2398 morem
434 2341 688 2415 predecessorum
724 2349 900 2401 nostrorum
937 2357 1046 2414 regum
1079 2339 1209 2414 predicti
1240 2337 1327 2408 regni
1357 2335 1456 2392 nostri

189 2447 357 2519 Hungarie,
382 2449 433 2521 qui
458 2448 539 2506 bona
564 2457 594 2505 et
616 2457 784 2522 proventus
808 2449 1011 2507 ecclesiarum
1034 2454 1063 2504 et
1095 2447 1307 2504 ministrorum
1339 2441 1455 2498 Christi

188 2552 273 2611 soliti
309 2559 395 2611 erant
431 2558 632 2626 augmentare
667 2556 774 2628 pocius
809 2570 904 2628 quam
936 2555 1122 2623 diminuere.
1155 2550 1269 2609 imitari
1305 2549 1454 2619 volentes,

191 2661 400 2734 prescriptam
436 2661 546 2718 turrim
582 2660 708 2718 antefati
743 2659 882 2734 capituli,
906 2662 946 2718 ab
970 2659 1079 2717 eodem
1102 2657 1249 2731 capitu10,
1274 2654 1368 2711 modo
1391 2667 1452 2725 quo

187 2781 293 2840 supra,
316 2769 528 2841 potencialiter
551 2770 740 2827 abstractam
763 2776 793 2827 et
816 2775 1009 2842 occupatam,
1033 2783 1071 2825 ex
1096 2770 1179 2824 certa
1202 2771 1307 2822 nostra
1324 2760 1454 2818 sciencia

188 2876 218 2930 et
241 2873 345 2930 animo
366 2874 540 2932 deliberato
563 2874 680 2932 eisdem
704 2876 857 2933 canonicis
879 2881 908 2931 et
932 2873 1069 2947 capitulo
1092 2873 1173 2930 dicte
1197 2871 1324 2928 ecclesie
1347 2881 1452 2939 zagra-

187 2978 311 3049 biensis,
336 2981 433 3037 veluti
457 2982 620 3054 proprium
644 2979 692 3056 jus
712 2983 852 3055 ipsorum
877 2997 933 3054 per
957 2981 1033 3038 alias
1058 2981 1176 3037 litteras
1200 2984 1320 3035 nostras
1343 2973 1453 3031 exinde

186 3083 341 3142 confectas
374 3087 405 3142 in
438 3094 624 3160 perpetuum
656 3088 840 3160 reliquimus
873 3095 903 3144 et
936 3087 1113 3144 remisimus
1147 3082 1374 3159 possidendam,
1410 3086 1453 3137 te·

186 3190 330 3261 nendam,
354 3193 472 3265 pariter
494 3202 523 3249 et
547 3192 732 3250 habendam.
756 3193 858 3265 Quam
883 3194 924 3249 ob
948 3208 1015 3249 rem
1039 3191 1183 3249 fidelitati
1207 3198 1308 3247 vestre
1342 3189 1452 3244 harum

185 3297 264 3355 serie
287 3297 420 3356 tirmiter
443 3299 677 3369 committimus,
701 3300 744 3356 sic
767 3300 892 3356 omnino
917 3300 1032 3355 habere
1056 3299 1204 3367 volentes,
1229 3302 1380 3370 quatenus
1404 3293 1450 3349 ul·

185 3405 291 3461 teriori
325 3403 472 3462 mandato
507 3413 612 3463 nostro
648 3404 814 3478 superinde
850 3420 909 3462 non
941 3411 1112 3478 expectato,
1145 3410 1316 3477 pretactam
1341 3401 1451 3457 turrim

186 3511 328 3583 ipsorum
353 3511 385 3567 in
408 3511 512 3568 medio
536 3519 637 3569 vestre
660 3513 863 3570 habitacionis
886 3527 958 3569 cum
983 3512 1179 3585 pertinenciis
1215 3507 1355 3567 eiusdem
1387 3507 1453 3563 uni·

186 3616 283 3674 versis
317 3615 357 3672 ad
392 3616 521 3674 eandem
553 3619 593 3674 ab
625 3619 754 3690 antiquo
788 3619 999 3691 spectantibus
1036 3625 1065 3675 et
1089 3618 1243 3690 pertinere
1267 3614 1452 3672 debentibus

185 3722 250 3780 sine
274 3724 360 3779 omni
384 3737 472 3780 mora
496 3730 526 3780 et
549 3723 733 3781 difficultate
757 3724 872 3781 eisdem
898 3725 1036 3797 capitulo
1060 3725 1217 3781 remittere
1241 3735 1271 3780 et
1303 3721 1452 3787 relaxare,

185 3844 357 3901 manusque
380 3835 500 3886 vestras
523 3829 561 3887 de
593 3829 702 3887 eadem
734 3831 855 3903 penitus
886 3831 1027 3901 excipere
1058 3829 1204 3887 debeatis.
1235 3828 1328 3885 Secus
1360 3825 1453 3896 igitur

185 3950 247 3992 non
283 3933 403 4005 facturi,
438 3935 577 4008 alioquin
611 3936 825 3993 commisimus
855 3944 885 3993 et
908 3937 986 3993 serie
1012 3937 1203 4009 presencium
1227 3933 1452 3991 committimus

185 4039 272 4098 fideli
307 4046 413 4098 nostro
448 4041 613 4111 magnifico
649 4042 770 4113 Hening
805 4041 843 4098 de
876 4041 1083 4112 Zomaedtrar,
1109 4043 1257 4111 magistro
1280 4053 1451 4110 agazonum

185 4154 372 4216 nostrorum,
408 4150 558 4219 quatenus
592 4147 658 4220 ipse
692 4163 749 4205 vos
784 4147 822 4205 ad
855 4149 1005 4221 premissa
1040 4147 1236 4205 observanda
1270 4145 1452 4202 auctoritate

184 4259 291 4310 nostra
314 4253 509 4324 presentibus
532 4253 594 4310 sibi
617 4254 647 4310 in
670 4255 728 4310 hae
759 4262 846 4327 parte
882 4255 1058 4329 specialiter
1092 4268 1234 4311 concessa
1269 4259 1298 4309 et
1334 4252 1452 4309 iusticia

184 4365 371 4433 exposcente
393 4375 450 4432 per
466 4359 603 4417 remedia
618 4366 795 4434 opportuna
816 4362 987 4434 compellat
1007 4368 1036 4418 et
1053 4361 1211 4432 astringat.
1233 4360 1349 4417 Datum
1368 4359 1452 4416 llude

184 4462 261 4523 feria
295 4469 405 4537 quarta
429 4466 572 4538 proxima
593 4474 664 4539 post
688 4466 800 4523 festum
824 4468 1010 4524 ascensionis
1034 4467 1169 4524 Domini.
1200 4468 1289 4522 Anno
1313 4465 1450 4523 eiusdem

185 4570 357 4630 millesimo
380 4571 685 4644 quadringentesimo
709 4575 966 4647 quinquagesimo
987 4574 1128 4647 septimo.
1154 4574 1332 4645 Regnorum
1347 4578 1450 4629 autem

185 4683 374 4748 nostrorum,
398 4691 477 4735 anno
501 4679 660 4751 ilungarie
683 4686 737 4737 etc.
762 4680 883 4738 decimo
908 4682 1050 4754 septim0,
1075 4680 1221 4738 Bohemie
1241 4694 1316 4737 vero
1332 4683 1450 4753 quarto.

292 4831 426 4897 originale
444 4833 471 4881 in
491 4832 586 4884 charta.
625 4835 656 4882 In
674 4834 789 4897 margine
808 4833 924 4883 inferiori
942 4835 1095 4898 impressum
1114 4841 1153 4881 est
1172 4832 1294 4898 sigillum.
1331 4834 1363 4880 Iu
1381 4832 1449 4881 arch.

186 4934 243 4973 ven.
263 4920 327 4987 Cap.
347 4921 449 4987 ugrab.
469 4923 531 4974 Act.
551 4939 605 4989 cap.
625 4930 677 4975 ant.
696 4923 758 4974 fasc.
781 4934 820 4976 ιο,
840 4938 878 4974 nr.
899 4922 921 4971 6.
