3278 5348
187 436 247 497 312
611 417 683 475 Doc.
708 429 778 495 254.
802 450 845 459 -
868 419 925 474 An.
949 413 1041 494 1467.

186 524 497 534 ——--———=.-——-....
506 524 548 530 ..-
1186 521 1443 529 -.-———-.——-

184 636 338 707 davimus,
361 641 395 692 ut
418 635 457 692 ad
475 646 657 693 cunctorum
673 633 820 691 noticiam
843 637 986 690 contenta
1008 632 1040 690 in
1063 629 1182 690 eisdem
1206 631 1330 705 possint
1344 631 1441 705 patub

184 743 357 817 pervenire.
380 741 523 799 Preterea
546 738 739 810 mandamus,
762 747 797 796 ut
821 740 877 798 hcc
900 738 1004 797 omnia
1027 743 1058 796 et
1087 725 1213 810 singula
1242 735 1443 801 archidiacni

184 848 265 908 dicte
280 848 408 906 ecclesie
422 852 528 905 nostre
544 862 601 920 per
623 861 655 903 se
679 844 728 903 vel
748 861 805 919 per
820 845 900 903 alios
916 843 1222 903 vicearchidiaoonos
1244 848 1344 917 prout
1365 856 1443 916 eme·

183 953 270 1012 diens
285 953 378 1011 suerit
394 954 600 1026 plebanorum
616 965 744 1010 suorum
760 952 948 1021 muliorum,
965 966 1100 1025 quornm
1115 965 1222 1024 snpra,
1238 949 1357 1009 faciant
1380 948 1443 1009 rori·

184 1061 264 1118 ciam
287 1060 458 1133 pervenire.
482 1059 599 1116 Datum
623 1057 709 1116 Bude
732 1057 852 1117 decima
876 1062 986 1115 octava
1009 1056 1059 1114 die
1083 1055 1198 1115 mensis
1221 1057 1344 1115 marcii.
1370 1058 1442 1113 inno

184 1166 302 1227 domini
333 1164 592 1223 MCCCCLXVH.
618 1165 766 1223 Albertus
790 1164 828 1222 de
850 1163 1033 1235 Nagyvvath,
1056 1162 1195 1220 notarius
1225 1162 1260 1219 in
1282 1159 1440 1235 premssis

184 1367 214 1413 H
244 1363 265 1415 C
291 1293 443 1414 Memgorisle
462 1293 489 1342 in
507 1292 634 1356 glossario
653 1309 748 1344 coaevo
775 1295 807 1343 In
826 1292 922 1343 erchiv.
941 1290 1001 1343 incl.
1020 1289 1105 1339 Acnd.
1125 1289 1222 1341 Scient.
1242 1287 1346 1342 Slrivor.
1367 1286 1441 1341 mid

216 1405 222 1417 .
267 1377 334 1429 ,79.
372 1378 396 1415 o.

779 1539 863 1605 254.

290 1673 371 1721 Anno
393 1672 467 1736 1467,
491 1684 530 1735 13.
549 1670 648 1736 aprilis.
669 1670 766 1720 Budae.

138 1789 142 1795 '
186 1790 232 1848 Ao
269 1789 408 1867 Osooldo,
440 1792 566 1865 episcopo
595 1789 730 1863 zagrob,
761 1790 856 1846 altero
885 1788 987 1863 synodi
1014 1787 1162 1846 habendae
1193 1786 1362 1863 Zagrabice
1389 1786 1444 1844 dies

724 1878 912 1935 constituitur.

288 2021 453 2080 Oswaldus
475 2030 530 2080 etc.
546 2022 707 2082 Universis
722 2028 753 2080 et
767 2023 897 2092 singulis
913 2021 1047 2080 dominis
1061 2021 1239 2091 abbatibus,
1274 2020 1444 2097 prepositis,

182 2129 359 2198 lectoribus,
383 2128 616 2194 archidiaconis.
641 2129 796 2187 canonicis
818 2128 1051 2187 kathedralium
1076 2135 1105 2185 et
1138 2127 1378 2200 collegiatarum
1400 2142 1443 2185 ec·¹

182 2235 358 2304 elesiarum,
390 2235 522 2308 aliisque
544 2235 687 2308 plebanis
717 2241 747 2292 et
780 2235 981 2293 ecclesiarum
1012 2234 1241 2308 parochialium
1274 2233 1443 2294 rectoribus

182 2342 213 2398 in
236 2347 265 2398 et
289 2341 348 2398 sub
372 2347 436 2399 tota
459 2340 585 2413 dyocesi
599 2347 704 2399 nostra
720 2341 913 2414 zagrabiensi
936 2339 1041 2397 ubivis
1063 2339 1240 2398 constitutis
1262 2344 1296 2398 et
1317 2340 1447 2403 eristen

182 2447 267 2503 tibus
290 2446 422 2504 salutern
447 2452 476 2505 et
499 2453 660 2520 paternam
684 2448 717 2505 in
740 2447 868 2504 domino
891 2445 1148 2503 benediccionem.
1172 2444 1327 2520 Quamvis
1351 2459 1447 2519 nuper

183 2551 288 2609 debita
311 2553 520 2612 sollicitudine
543 2553 637 2611 officii
663 2530 829 2627 pastoralis
845 2552 922 2609 mon
944 2550 984 2608 ao
1008 2550 1134 2609 taudem
1157 2559 1188 2607 er
1202 2549 1305 2610 eninr
1318 2550 1448 2611 numinis

185 2659 336 2716 honorem
367 2674 403 2717 ac
432 2664 530 2717 status
553 2660 680 2718 ecclesie
703 2666 807 2717 nostre
830 2657 1046 2730 zagrabiensis,
1070 2657 1250 2731 pariterque
1275 2658 1373 2717 tocius
1396 2655 1447 2714 do

183 2765 288 2823 minici
303 2767 406 2837 gregis
422 2782 460 2823 ex
475 2767 541 2823 alto
556 2767 646 2824 nobis
674 2766 783 2824 crediti
803 2764 1069 2834 reformacionem,
1087 2764 1335 2824 celebracionem
1346 2769 1448 2825 sancte

183 2870 283 2928 sinodi
305 2871 336 2929 in
360 2871 441 2929 dicta
458 2881 563 2929 nostra
579 2872 706 2930 ecclesia
729 2871 921 2944 zagrabiensi
943 2869 1044 2928 fiende
1067 2869 1307 2940 decreverimus,
1333 2875 1448 2928 certum

182 2977 221 3034 ad
253 2978 311 3035 hoc
334 2984 364 3035 et
396 2977 636 3036 determinatum
668 2984 800 3051 tempus,
824 2978 941 3034 scilicet
964 2975 1152 3036 dominicam
1176 2977 1358 3049 proximam
1381 2978 1449 3050 post

182 3082 295 3140 testum
326 3084 408 3141 beati
440 3083 566 3156 Georgii
599 3085 736 3142 martiris
767 3083 1031 3157 deputaverimus,
1065 3082 1219 3156 vobisque
1247 3090 1278 3140 et
1309 3086 1449 3141 vestrum

182 3191 310 3247 cuilibet
341 3191 502 3247 devocioni
535 3192 564 3247 in
589 3191 702 3248 virtute
734 3190 878 3246 salutaris
902 3189 1080 3247 obediencie
1103 3193 1134 3246 et
1155 3189 1215 3246 sub
1238 3187 1449 3247 excommuni-

182 3297 314 3352 cacionis
345 3313 432 3368 pena,
466 3298 616 3369 premissa
647 3297 791 3353 canonica
822 3296 1004 3365 municione,
1033 3293 1213 3352 mandantes
1236 3294 1308 3354 aliis
1340 3294 1449 3353 litteris

182 3402 295 3458 nostris
332 3403 508 3473 patentibus
540 3404 570 3460 in
603 3403 698 3460 valsis
729 3410 865 3476 pretacte
897 3402 1026 3460 ecclesie
1056 3406 1160 3458 nostre
1191 3399 1321 3473 publice
1348 3399 1450 3459 affixis

182 3505 443 3575 mandaverimus
474 3514 503 3562 et
534 3508 583 3564 die
606 3514 636 3565 et
661 3509 730 3566 loco
750 3509 928 3583 supradicte
956 3514 1059 3566 sancte
1090 3505 1191 3564 sinodi
1221 3512 1252 3564 et
1282 3507 1351 3565 eius
1373 3506 1449 3564 cele·

185 3613 321 3669 bracioni
345 3613 489 3669 interesse
507 3612 659 3671 deberetis
675 3621 705 3672 et
721 3615 927 3689 personaliter
949 3614 1152 3683 teneremini;
1175 3617 1281 3675 tamen
1305 3612 1447 3686 pluribus

183 3724 212 3775 et
236 3717 341 3774 arduis
366 3718 498 3788 negociis
532 3734 613 3773 nunc
636 3723 868 3779 occurrentibus
902 3718 1121 3794 dispendendis
1147 3718 1231 3794 apud
1258 3720 1451 3778 maiestatem

183 3824 301 3894 regiam
332 3822 369 3879 de
401 3836 456 3878 suo
487 3823 632 3880 mandato
657 3827 789 3898 longiori
814 3843 909 3901 quam
932 3826 1137 3901 sperabamus
1158 3839 1304 3899 tempore
1327 3839 1447 3885 necesse

183 3931 349 3987 habuimus
380 3929 534 4000 occupari,
567 3936 599 3986 ut
631 3946 687 4002 per
710 3932 768 3988 hoc
793 3941 857 3990 tam
881 3934 975 3990 rebus
998 3933 1085 4004 regni
1109 3931 1255 4004 publicis,
1278 3948 1376 4005 quam
1397 3946 1448 3989 sue

182 4027 351 4092 maiestatis
383 4034 492 4091 honori
516 4034 555 4090 ad
588 4036 783 4109 beneplacita
807 4041 1060 4112 obsequeremur,
1092 4053 1128 4095 ac
1161 4043 1323 4110 postremo
1354 4038 1447 4099 eccle·

183 4141 225 4198 sie
253 4148 354 4197 nostre
379 4143 495 4214 pariter
518 4150 548 4198 et
583 4151 760 4201 nostrorum
796 4146 994 4204 subditorum
1029 4140 1195 4204 commodo
1223 4145 1387 4211 consulere
1420 4148 1449 4205 et

182 4253 297 4304 statum
313 4247 479 4319 pacificum
510 4264 620 4320 parare
653 4265 822 4321 possemus.
847 4252 914 4309 Hiis
938 4259 967 4308 et
991 4252 1060 4309 aliis
1083 4251 1171 4308 iustis
1194 4256 1224 4308 et
1239 4250 1448 4313 racionalibus

183 4353 291 4424 causis,
326 4369 381 4410 nos
417 4355 467 4411 hic
502 4355 718 4427 detinentibus,
754 4372 825 4414 cum
862 4358 893 4415 in
929 4359 1061 4415 termino
1084 4357 1299 4431 superioribus
1341 4357 1451 4421 litteris

181 4460 294 4517 nostris
316 4468 495 4533 expressam
519 4462 657 4534 predicte
680 4461 789 4520 sinodo
812 4469 843 4521 et
866 4465 931 4522 eius
955 4464 1162 4522 celebracioni
1184 4464 1394 4536 personaliter
1406 4464 1450 4523 in·

182 4570 295 4623 teresse
319 4567 526 4638 nequerimns‚
551 4568 590 4624 ad
615 4570 745 4626 tercium
762 4569 845 4628 diem
863 4572 1049 4628 ascensionis
1065 4569 1193 4628 Domini
1216 4570 1364 4644 proxime
1380 4587 1450 4631 ven·

180 4678 295 4741 turum,
313 4674 366 4744 qui
383 4673 441 4729 erit
456 4688 554 4730 nonus
578 4674 643 4731 dies
660 4677 773 4733 mensis
798 4677 879 4746 maii,
896 4676 1178 4735 deliberaverimus
1194 4675 1453 4737 differendumet

182 4777 363 4836 defferimus
395 4795 450 4851 per
467 4791 641 4853 presentes,
665 4796 726 4853 quo
750 4781 799 4839 die
815 4788 845 4839 et
864 4784 997 4841 termino
1021 4783 1144 4841 favente
1166 4782 1302 4854 domino,
1335 4783 1453 4847 dictam

182 4885 425 4942 celebracionem
439 4892 543 4943 sancte
555 4887 656 4945 sinodi
672 4888 882 4962 disposuimus
896 4889 1086 4964 perficiendi.
1100 4889 1199 4950 Vobis
1210 4889 1306 4965 igitur
1318 4889 1455 4975 dominis
