3278 5348
668 423 741 482 Doc.
766 425 813 500 ⁶5·
839 458 879 468 -
904 425 960 483 An.
986 438 1077 502 1433.

837 635 895 702 65.

341 775 421 824 Anno
443 787 518 839 1433,
538 789 579 840 24·
597 778 679 842 Junii.
698 778 846 841 Zagrabiae.

235 901 415 973 Hermnnus,
445 904 540 963 Cilem
559 924 648 963 comes
669 914 698 963 et
716 906 817 975 banus,
847 905 1016 980 quibusdam
1040 907 1175 980 personis
1204 905 1334 977 mandat,
1364 915 1401 964 ut
1424 907 1503 981 fines

234 1011 442 1067 communitatis
464 1012 538 1068 civit.
562 1011 715 1071 Grecensis
736 1021 767 1070 et
786 1013 908 1087 cupimii
927 1014 959 1071 im
982 1014 1051 1070 victi·
1074 1013 1179 1084 audes,
1204 1013 1309 1071 Vruble
1331 1020 1361 1070 ct
1388 1011 1504 1086 Grmlje

524 1119 595 1188 sitis,
617 1117 651 1175 de
674 1119 776 1193 quibus
791 1120 846 1193 jus
868 1120 1033 1193 ambigitur,
1055 1117 1210 1194 explorent.

341 1261 537 1319 Hermannus
561 1261 649 1333 Cilic,
670 1261 859 1337 Sagorieque
882 1280 985 1322 comes
1015 1271 1070 1323 etc.
1093 1267 1181 1338 regni
1208 1264 1371 1324 Sclauonie
1397 1264 1504 1322 banus.

235 1365 418 1424 Reverendo
441 1368 472 1424 in
495 1367 619 1426 Christo
635 1370 726 1442 patri,
749 1371 850 1428 amico
866 1371 1027 1428 carissimo
1050 1376 1080 1429 et
1103 1371 1198 1443 fideli,
1222 1371 1349 1428 domiuo
1368 1370 1505 1453 Johanni

237 1476 383 1549 episcopo
407 1474 572 1546 Tynniensi
595 1492 650 1532 nec
673 1491 734 1533 non
762 1477 954 1546 honorabili,
989 1479 1122 1550 egregiis
1156 1484 1186 1536 et
1221 1478 1399 1544 nobilibus,
1422 1475 1505 1533 fide·

236 1582 320 1639 libus
343 1580 472 1653 dilectis,
497 1581 623 1640 domino
647 1582 775 1640 Nicolao
799 1582 838 1641 de
861 1584 994 1654 Orbaua,
1019 1584 1128 1641 lectori
1150 1585 1278 1642 ecclesie
1301 1582 1504 1651 chasmensis,

237 1687 327 1745 Petro
351 1687 427 1758 Ade,
452 1688 569 1746 vicario
592 1689 624 1745 in
647 1690 875 1762 temporalibus
898 1690 1095 1763 episcopatus
1118 1690 1336 1763 zagrabiensis,
1365 1688 1504 1761 Georgio

237 1794 275 1852 de
299 1792 420 1866 Bigzad,
443 1794 577 1877 Johanni
600 1794 848 1868 Weriunburger
871 1797 1032 1868 capitaneo
1056 1804 1161 1853 nostro
1185 1794 1360 1868 Sagoriensi
1384 1803 1416 1852 et
1437 1810 1505 1852 ma·

236 1902 334 1974 gistro
357 1901 501 1958 Michaeli
526 1900 563 1957 de
586 1901 693 1958 Rauen
717 1902 849 1958 salutem
875 1918 946 1958 cum
970 1901 1148 1960 dileccione.
1179 1902 1260 1975 Quia
1291 1900 1409 1959 factum
1441 1900 1504 1959 dis·

237 2009 386 2066 sensionis
410 2009 490 2065 inter
512 2008 707 2066 venerabiles
730 2010 821 2066 nobis
845 2009 975 2067 dilectos
1005 2009 1148 2067 dominos
1179 2009 1343 2066 canonicos
1374 2007 1505 2065 ecclesie

236 2114 444 2187 zagrabiensis
467 2130 505 2171 ex
529 2130 589 2171 una
612 2121 641 2171 et
666 2114 814 2189 providos
838 2116 922 2172 viros
946 2116 1035 2172 nobis
1056 2116 1194 2181 dilectos,
1209 2112 1352 2189 judicem,
1375 2111 1504 2189 juratos,

237 2226 416 2293 ceterosque
438 2221 521 2278 cives
545 2226 574 2277 et
590 2221 727 2294 hospites
749 2222 883 2278 civitatis
899 2221 1013 2279 montis
1030 2220 1192 2280 Grecensis
1208 2223 1294 2279 iuxta
1317 2220 1505 2293 Zagrabiam

237 2329 379 2404 partibus
402 2344 441 2384 ex
463 2328 569 2397 altera,
587 2328 625 2385 de
649 2336 679 2386 et
702 2344 795 2401 super
819 2327 1008 2400 quibusdam
1032 2331 1122 2386 terris
1138 2327 1329 2385 arrabilibus
1352 2333 1383 2384 et
1406 2327 1505 2400 pratis

237 2436 318 2493 circa
341 2440 439 2492 metas
462 2435 692 2508 possessionum
720 2434 822 2491 Rodes
845 2450 881 2491 ac
912 2434 1033 2491 Rabocz
1065 2440 1095 2491 et
1126 2434 1291 2505 Gvrimlye
1321 2440 1504 2491 vocatarum

236 2541 352 2599 habitis
374 2548 405 2598 et
436 2540 656 2610 adiacentibus,
695 2541 771 2599 alias
801 2540 919 2598 dudum
950 2547 1056 2599 exorte
1088 2549 1118 2599 et
1148 2556 1205 2614 per
1233 2555 1299 2611 vos,
1331 2539 1419 2598 cuius
1441 2540 1505 2598 iam

237 2647 332 2704 tercia
355 2648 406 2705 vel
430 2655 539 2720 quarta
564 2647 635 2704 anni
666 2648 793 2705 instaret
815 2648 983 2718 revoluciO,
1007 2662 1066 2705 una
1090 2663 1162 2705 cum
1193 2645 1352 2720 quondam
1375 2645 1505 2704 domino

235 2753 376 2837 Johanne
400 2755 546 2827 episcopo
570 2755 762 2826 zagrabiensi
785 2755 1017 2812 reambulatum
1034 2760 1064 2811 et
1078 2755 1218 2811 revisum
1234 2760 1264 2810 et
1279 2753 1343 2812 iam
1366 2750 1407 2810 de
1421 2766 1506 2811 novo

238 2869 343 2934 partes
367 2862 447 2918 inter
471 2860 625 2932 predictas
656 2861 872 2918 resuscitatum
904 2877 960 2934 per
983 2869 1120 2918 vestram
1144 2858 1328 2918 fidelitatem
1352 2858 1505 2932 quemad-

238 2966 368 3024 modum
393 2969 469 3024 alias
493 2968 631 3024 revisum
656 2968 766 3038 extitit,
790 2968 903 3025 iterum
919 2968 1112 3025 reambulari
1136 2967 1283 3024 volumus
1306 2973 1337 3023 et
1360 2965 1505 3024 revideri.

237 3073 394 3131 Fidelitati
419 3075 513 3146 igitur
537 3084 638 3131 vestre
662 3075 887 3131 committimus
910 3073 1043 3131 firmiter
1066 3081 1096 3131 et
1127 3072 1321 3143 mandamus,
1352 3085 1507 3146 quatenus

237 3195 312 3237 mox
336 3181 410 3237 visis
434 3181 629 3252 presentibus
653 3181 722 3253 ipso
745 3179 795 3237 die
812 3180 967 3238 dominico
989 3174 1136 3253 proximo
1153 3179 1266 3237 festum
1283 3179 1380 3235 sancti
1395 3177 1508 3261 Jacobi

239 3286 443 3360 precedente,
479 3287 518 3344 ad
551 3287 643 3344 facies
674 3288 826 3344 dictarum
858 3293 1010 3344 terrarum
1042 3295 1072 3344 et
1101 3294 1264 3361 pratorum
1294 3285 1506 3358 procedentes,

169 3367 173 3375 ⁵
238 3394 377 3465 inibique
400 3394 595 3467 presentibus
618 3393 760 3466 partibus
783 3394 932 3466 utrisque,
955 3407 1033 3465 quas
1056 3395 1167 3450 harum
1184 3392 1262 3449 serie
1285 3390 1374 3448 adid
1398 3391 1507 3448 venire

238 3497 392 3573 jubemus,
417 3508 514 3555 metas
539 3506 568 3556 et
591 3500 706 3556 limites
739 3500 965 3571 prelibatorum
996 3507 1149 3556 terrarum
1173 3498 1342 3556 arabilium
1373 3504 1405 3554 et
1435 3511 1507 3571 pra·

237 3615 341 3661 torum
365 3605 442 3661 alias
466 3622 521 3677 per
545 3621 601 3662 vos
624 3607 741 3662 revisas
765 3621 872 3663 rursus
888 3620 944 3662 suo
961 3604 1055 3663 modo
1078 3605 1276 3662 reambulare
1300 3610 1330 3660 et
1352 3602 1505 3675 revidere,

238 3712 511 3783 reambulatasque
534 3718 563 3767 et
587 3713 703 3768 revisas
734 3727 806 3768 cum
836 3711 915 3768 serie
945 3712 1047 3784 prime
1076 3710 1346 3780 reambulacionts‚
1379 3709 1411 3766 in
1444 3724 1507 3783 quo

239 3823 320 3875 statu
344 3817 402 3873 hoc
428 3817 542 3873 lactum
567 3827 676 3875 eotunc
701 3817 880 3874 dimiseritis
911 3824 1023 3890 etque
1053 3817 1208 3874 dictarum
1231 3817 1375 3890 parcium
1399 3822 1506 3873 contra

239 3922 418 3981 huiusmodi
441 3929 578 3979 vestram
604 3922 815 3981 dimissionem
841 3925 959 3981 venerit
982 3932 1035 3981 aut
1058 3923 1176 3993 fecerit,
1199 3923 1289 3980 nobis
1314 3923 1427 3980 vestris
1451 3938 1506 3997 pa-

240 4030 375 4087 tentibus
400 4029 511 4086 litteris
542 4030 657 4086 clarius
689 4030 868 4088 denotatum
901 4032 1059 4089 remittere
1091 4029 1238 4098 debeatis,
1269 4035 1303 4086 ut
1334 4029 1505 4086 secundum

240 4137 299 4194 hoc
322 4143 496 4209 pretactum
521 4135 637 4193 sactum
653 4139 806 4209 proximis
822 4138 852 4193 in
871 4137 996 4206 octavis
1015 4137 1132 4194 scilicet
1147 4136 1244 4193 sancti
1259 4136 1369 4218 Jacobi
1387 4137 1505 4194 ibidem

240 4243 398 4316 Zagrabie‚
422 4245 579 4316 utrimque
604 4244 772 4315 audiendis,
796 4259 832 4300 eo
857 4244 969 4300 melius
994 4243 1135 4301 decidere
1158 4248 1188 4300 et
1212 4241 1400 4299 concludere
1422 4243 1506 4300 vale·

240 4367 337 4408 amus
362 4351 399 4409 Et
421 4367 508 4408 secus
532 4366 592 4407 non
625 4350 742 4408 facturi.
773 4351 972 4407 Presentibus
1003 4365 1128 4422 quoque
1159 4348 1315 4422 perlectis,
1345 4348 1437 4407 reddi
1459 4347 1506 4424 ju·

241 4459 351 4515 bemus
375 4458 572 4530 presentanti.
597 4458 711 4513 Datum
730 4458 798 4530 ipso
815 4458 864 4513 die
881 4458 978 4514 sancti
993 4456 1142 4538 Johannis
1159 4456 1295 4529 baptiste
1319 4457 1379 4513 sub
1402 4465 1504 4514 castro

240 4573 346 4620 nostro
370 4563 482 4620 llontis
506 4564 628 4635 regalis.
655 4565 743 4619 Anno
767 4562 886 4620 domini
909 4563 1078 4619 millesimo
1114 4560 1422 4633 quadringentesimo
1453 4564 1506 4621 tri·

241 4670 355 4727 cesimo
379 4672 483 4728 tercio,
950 4681 1103 4730 Commissio
1122 4681 1228 4745 propria
1246 4681 1345 4730 domini
1363 4680 1436 4731 bani.

346 4807 478 4868 Originale
498 4808 524 4854 iu
544 4807 639 4858 charta.
660 4808 690 4854 In
710 4806 824 4869 margine
842 4807 955 4854 inferiori
979 4808 1130 4870 impressum
1158 4814 1196 4853 est
1223 4804 1344 4868 sigillum.
1374 4806 1405 4853 Iu
1436 4805 1497 4855 arch

239 4913 297 4950 ven.
317 4897 401 4961 Capit.
420 4896 481 4946 eccl.
501 4897 601 4961 zagrab.
623 4900 682 4948 Act.
703 4899 765 4963 Cap.
784 4904 835 4946 unt.
856 4896 916 4946 fasc.
939 4909 977 4948 10.
998 4913 1034 4947 nr.
1056 4908 1096 4946 22.
