3278 5348
185 422 243 479 162
592 415 665 473 Dec.
688 428 759 476 120.
784 445 824 456 -
850 412 906 470 An.
929 406 1023 490 1438.

182 634 212 692 in
229 647 352 690 causam
368 637 515 690 attractos
530 632 561 689 in
577 631 737 706 premissis
753 629 986 706 perhemptorie
1002 640 1215 699 responsuros,
1232 625 1447 698 racionemque

181 740 387 798 efficaciorem
411 738 599 809 reddituros,
632 744 738 797 contra
769 743 950 795 annotatum
984 732 1159 808 capitulum
1192 732 1324 791 ecclesie
1347 745 1448 803 zagra·

181 846 296 905 biensis
327 846 366 903 ad
396 852 522 904 octavas
546 844 614 902 festi
638 845 884 920 Epiphaniarum
907 841 1035 913 domini,
1059 846 1131 898 ωηο
1151 845 1310 909 venturas,
1333 838 1449 911 regiam

182 958 323 1009 evocaret
361 953 391 1009 in
427 951 637 1024 presenciam;
660 957 691 1008 et
721 956 792 1024 post
828 950 884 1007 hec
908 948 1005 1022 ipsius
1029 947 1222 1004 evocacionis
1244 945 1359 1003 seriem
1382 959 1451 1003 cum

181 1058 359 1116 nominibus
393 1064 593 1115 evocatorum
629 1055 668 1113 ad
705 1055 831 1114 easdem
853 1061 978 1112 octavas
1001 1053 1083 1111 dicto
1106 1051 1234 1111 domino
1255 1055 1365 1109 nostro
1387 1051 1452 1123 regi

181 1164 317 1222 fideliter
339 1164 522 1222 rescribetis.
547 1165 575 1220 A
598 1160 841 1236 quibusquidem
866 1161 983 1218 octavis
1007 1158 1084 1216 dum
1107 1173 1200 1216 causa
1222 1158 1368 1232 parcium
1384 1172 1452 1231 pre·

181 1272 296 1344 scripta
319 1278 423 1344 partes
457 1271 535 1328 inter
558 1268 683 1327 easdem
706 1269 845 1327 seriebus
869 1266 1044 1324 litterarum
1067 1261 1207 1323 eiusdem
1242 1264 1367 1321 comitis
1390 1264 1453 1320 lla·

181 1378 270 1434 theus
303 1375 482 1433 ventilanda
519 1375 558 1432 ad
590 1383 715 1433 octavas
746 1374 816 1431 festi
838 1374 922 1432 beati
945 1373 1054 1454 Jacobi
1077 1371 1212 1446 apostoli
1235 1371 1268 1428 in
1291 1384 1375 1428 anno
1398 1369 1453 1427 do·

183 1484 259 1540 mini
281 1482 559 1539 trccccxxxtv.
584 1483 747 1556 preteritas
770 1480 970 1555 prorogative
994 1477 1174 1536 devenisset.
1209 1475 1351 1534 Tandem
1379 1476 1454 1550 ipsis

182 1591 298 1646 octavis
322 1589 391 1646 iesti
415 1589 498 1645 beati
520 1589 629 1671 Jacobi
653 1587 787 1662 apostoli
811 1586 1006 1658 instantibus,
1031 1584 1185 1642 Ladomer
1201 1583 1239 1640 de
1254 1583 1452 1641 Adonowecz

182 1710 240 1769 pro
275 1695 357 1752 dicto
394 1696 532 1769 capitulo
568 1695 696 1752 ecclesie
729 1693 938 1766 zagrabiensis
972 1708 1044 1750 cum
1081 1691 1305 1765 procuratoriis
1341 1689 1453 1748 litteris

182 1801 321 1858 eiusdem
356 1803 386 1859 in
421 1802 558 1859 eiusdem
594 1803 716 1859 comitis
760 1801 900 1858 blatheus
936 1801 1061 1857 veniens
1096 1799 1298 1873 presenciam,
1334 1797 1453 1856 litteras

183 1916 302 1965 vestras
325 1924 420 1981 super
442 1909 595 1982 premissa
619 1910 800 1965 evocacionc
824 1907 906 1965 dicto
930 1907 1057 1964 domino
1075 1912 1181 1963 nostro
1196 1906 1262 1978 regi
1278 1905 1453 1980 rescriptas,

183 2014 283 2070 eidem
308 2022 521 2087 presentasset‚
539 2016 569 2072 in
591 2016 704 2087 quibus
728 2017 794 2090 ipse
819 2031 874 2088 per
889 2014 1081 2083 Michaelem,
1098 2011 1136 2069 de
1155 2012 1306 2085 Kysgora.
1322 2013 1452 2085 regium,

182 2134 217 2175 ae
240 2120 394 2201 Jacobum
418 2122 627 2193 presbiterum
651 2122 737 2179 chori
761 2121 887 2179 ecclesie
912 2126 1013 2177 vestre
1035 2118 1174 2192 predicte
1206 2118 1451 2192 prebendarium

183 2231 329 2296 restrum,
353 2227 502 2298 homines,
520 2226 596 2285 seria
613 2229 720 2300 quinta
744 2227 887 2301 proxima
910 2232 982 2299 post
1005 2224 1117 2283 festum
1141 2224 1367 2298 Concepcionis
1391 2224 1453 2282 vir·

182 2333 260 2399 ginis
283 2333 426 2401 gloriose,
449 2337 521 2389 ωηο
545 2334 687 2406 proxime
711 2334 903 2408 preteritum,
927 2332 1098 2405 prelibatos
1121 2329 1324 2404 Stephanum,
1349 2330 1451 2388 filium

183 2439 350 2508 Michaelis,
386 2448 457 2495 ωηο
491 2436 635 2513 judicem,
667 2440 859 2511 Michaelem,
883 2439 986 2496 filium
1009 2437 1190 2508 Sebastiani,
1215 2438 1344 2495 Petrum
1368 2437 1453 2495 Hun-

182 2560 301 2615 garum,
337 2546 528 2602 Anthonium
565 2546 716 2615 Italicum,
741 2546 902 2616 Briccium,
925 2545 1029 2603 filium
1053 2545 1207 2602 Benedicti
1231 2551 1262 2601 et
1286 2543 1452 2602 Nicolaum

182 2651 258 2707 alias
281 2650 408 2726 judices,
435 2652 605 2708 Fabianum
630 2653 812 2724 litteratum,
836 2654 947 2726 Frych,
970 2652 1151 2724 Georgium,
1167 2651 1272 2709 filium
1288 2651 1453 2721 Francisci,

184 2757 330 2827 blasium,
355 2758 457 2815 filium
484 2758 675 2830 ll'ythezych
701 2766 731 2817 et
755 2761 833 2817 alios
857 2760 1017 2817 universos
1042 2763 1071 2817 et
1084 2759 1223 2831 singulos
1238 2755 1368 2832 juratos,
1383 2772 1454 2816 con·

182 2865 323 2935 siliarios,
347 2866 430 2921 cives
454 2872 482 2922 et
514 2873 610 2922 totam
635 2869 890 2924 communitatem
913 2867 1048 2924 civitatis
1071 2866 1186 2923 montis
1218 2864 1384 2922 Grecensis
1416 2863 1453 2921 de

182 2969 267 3045 juxta
292 2971 475 3042 Zagrabiam
499 2972 530 3029 in
555 2971 664 3029 eadem
688 2973 814 3030 civitate
838 2974 952 3030 montis
969 2965 1131 3030 Grecensis
1148 2977 1255 3029 contra
1271 2976 1454 3031 annotatum

183 3077 354 3151 capitulum
379 3078 506 3134 ecclesie
529 3079 737 3149 zagrabiensis
761 3079 801 3136 ad
834 3079 931 3136 dictas
963 3085 1089 3136 octavas
1113 3078 1183 3136 festi
1206 3078 1453 3152 Epiphaniarum

182 3183 299 3239 domiui
323 3186 440 3256 regiam
464 3186 495 3241 in
519 3186 711 3257 presenciam
735 3186 887 3257 legittime
924 3191 1068 3243 evocatos
1103 3185 1330 3260 comperissent
1354 3186 1453 3244 mani·

183 3288 266 3357 feste,
291 3289 329 3345 ad
354 3306 430 3361 quas
455 3291 582 3362 quidem
606 3299 731 3348 octavas
756 3291 826 3349 festi
850 3291 933 3348 beati
968 3291 1078 3373 Jacobi
1106 3291 1242 3364 apostoli
1277 3289 1392 3365 prefati
1423 3292 1455 3348 in

183 3409 306 3450 causam
330 3398 451 3452 attracti
477 3414 533 3469 per
556 3404 738 3454 annotatum
763 3405 998 3471 procuratorem
1023 3397 1096 3455 dicti
1119 3398 1249 3472 capituli
1273 3398 1304 3455 in
1321 3411 1455 3472 persona

182 3500 319 3556 eiusdem
355 3503 497 3568 congruis
533 3503 641 3559 diebus
677 3504 817 3577 ipsarum
852 3510 1034 3561 octavarum
1069 3518 1175 3561 eoram
1205 3502 1317 3562 eodem
1341 3504 1456 3562 comite

184 3607 324 3662 llatheus
349 3610 509 3679 expectati,
535 3610 672 3666 eiusdem
697 3612 728 3667 in
753 3612 944 3682 presenciam
968 3625 1029 3667 non
1053 3612 1208 3668 venissent
1229 3626 1331 3685 neque
1354 3611 1457 3669 misis-

183 3719 257 3779 sent,
282 3728 313 3767 se
338 3713 545 3770 mediantibus
569 3718 638 3773 aliis
663 3717 773 3774 litteris
798 3718 936 3774 eiusdem
960 3717 1032 3773 inde
1048 3717 1159 3774 exinde
1183 3716 1330 3775 confectis
1353 3719 1387 3776 in
1409 3716 1457 3793 J'u·

183 3818 303 3873 dieihus
337 3822 501 3890 aggravari
536 3824 756 3894 permittentes,
792 3825 953 3896 postulans
990 3823 1127 3896 prefatus
1162 3829 1349 3897 procurator
1380 3823 1457 3883 dicti

183 3924 310 3996 capituli
334 3925 433 3981 eidem
459 3943 496 3983 ex
522 3939 608 4000 parte
633 3930 845 4001 predictorum
869 3930 898 3986 in
917 3946 1041 3987 causam
1058 3936 1261 3988 attractorum
1276 3945 1335 4004 per
1350 3931 1456 4004 ipsum

183 4031 328 4086 comitem
365 4033 504 4090 llatheus
540 4036 568 4090 in
606 4036 764 4106 premissis
799 4036 875 4111 juris
912 4038 1081 4109 equitatem
1116 4036 1282 4110 impertiri.
1319 4037 1359 4095 Et
1381 4039 1456 4111 quia

182 4136 329 4208 prelibati
354 4140 383 4194 in
408 4156 531 4195 eausam
556 4142 679 4197 attracti
703 4142 740 4198 ad
766 4146 917 4214 premissa
942 4144 1009 4201 rice
1033 4143 1174 4202 terciaria
1205 4143 1358 4203 evocandi
1388 4145 1457 4203 fore

182 4242 241 4297 visi
267 4241 403 4303 luissent.
428 4263 484 4317 pro
509 4263 545 4303 eo
570 4247 653 4304 idem
679 4264 781 4305 comes
806 4251 946 4306 blatheus
972 4259 1108 4308 vestram
1139 4249 1314 4307 amiciciam
1338 4250 1456 4311 littera·

182 4349 259 4403 torie
284 4350 424 4420 periisset
448 4352 620 4423 diligenter,
645 4364 795 4425 quatenus
819 4365 958 4412 restrum
983 4356 1112 4413 mittatis
1135 4356 1295 4413 hominem
1326 4371 1386 4430 pro
1411 4363 1456 4416 te·

182 4455 326 4511 stimonio
346 4456 547 4528 tidediguum,
575 4475 636 4530 quo
662 4471 810 4532 presente,
835 4464 929 4518 homo
953 4464 1057 4534 regius
1074 4461 1154 4519 infra
1170 4461 1387 4536 declarandus,
1411 4480 1457 4521 se·

182 4559 302 4632 pesatos
336 4561 365 4617 in
403 4578 527 4619 causam
562 4572 709 4623 attractos
744 4570 774 4624 in
799 4570 960 4642 premissis
985 4569 1218 4642 perhemptorie
1239 4584 1456 4643 responsuros,

180 4667 399 4740 rationemque
435 4669 595 4727 estleacem
632 4673 807 4731 reddituros
845 4691 880 4732 ac
919 4675 957 4732 de
990 4674 1106 4749 judicio
1140 4675 1252 4748 viginti
1276 4692 1456 4735 marcarum

181 4770 276 4847 judici
312 4781 339 4830 et
377 4776 457 4847 parti
494 4777 624 4834 adverse
660 4780 872 4838 satisfacturos
912 4787 1019 4838 contra
1057 4788 1241 4840 annotatum
1279 4784 1456 4858 capitulum

181 4881 378 4951 zagrabiense
402 4883 439 4939 ad
465 4891 591 4941 octavas
616 4886 685 4943 t'esti
709 4888 792 4944 beati
817 4888 978 4945 Michaelis
1001 4889 1182 4961 archangeli
1204 4896 1277 4947 tunc
1307 4896 1457 4950 venturas
