3278 5348
612 398 687 456 Doc.
709 408 759 474 70.
783 430 826 440 -
849 399 905 457 An.
928 412 1019 476 1434.

183 613 292 671 ximus
314 613 360 670 niI
381 613 411 670 in
435 613 496 670 hiis
518 628 617 687 nsque
639 613 671 670 in
694 613 924 688 presenciarum
948 612 1048 672 Iacere
1072 616 1257 688 curavisset;
1286 616 1357 674 ideo
1379 615 1457 674 fide-

183 717 270 776 litati
293 724 396 777 vestre
420 719 517 777 simili
536 725 643 777 nostro
666 720 725 777 sub
748 726 896 794 precepto
919 718 1052 777 firmiter
1083 720 1280 794 iniungimus,
1305 726 1455 794 quatenus

184 825 325 898 interim,
348 824 447 884 donec
470 826 619 885 videlicet
641 832 671 884 et
694 841 856 900 quousque
878 825 997 900 prefate
1029 826 1215 898 differencie,
1243 828 1456 886 contenciones

187 937 219 988 et
240 932 453 990 controversie
487 933 567 991 inter
603 931 702 990 dictos
737 931 880 990 dominos
908 936 938 989 et
969 946 1025 990 vos
1048 948 1106 1006 per
1128 932 1284 1006 prefatum
1308 935 1453 992 comItem

185 1036 275 1108 Cilie,
299 1043 353 1096 aut
376 1038 515 1111 aliquem
539 1038 638 1096 alium
662 1054 717 1112 per
739 1052 796 1095 nos
819 1037 858 1094 ad
890 1037 921 1095 id
957 1036 1171 1112 deputandum
1208 1055 1261 1096 seu
1292 1040 1455 1114 propriam

187 1150 326 1201 nostram
350 1145 544 1202 maiestatem
567 1144 859 1218 complanabuntur,
882 1160 936 1201 seu
971 1141 1074 1201 forma
1103 1141 1180 1218 juris
1210 1143 1403 1203 sedabuntur
1425 1154 1455 1203 et

187 1249 285 1308 ecIam
321 1257 432 1324 expost
467 1250 605 1326 prefatos
636 1250 780 1308 dominos
805 1251 835 1308 In
858 1263 967 1307 eorum
992 1250 1163 1321 territoriis,
1187 1250 1219 1308 in
1242 1266 1377 1324 quorum
1400 1250 1454 1309 do·

187 1355 283 1413 minio
307 1355 402 1414 iidem
426 1355 464 1414 de
488 1357 624 1431 presenti
647 1356 790 1426 existunt,
814 1360 844 1412 et
868 1370 926 1429 pro
950 1360 1021 1413 tunc
1046 1355 1120 1413 dum
1142 1355 1255 1429 prefati
1271 1358 1366 1415 vestri
1382 1371 1453 1415 con·

188 1461 270 1519 cives
282 1462 314 1518 in
330 1461 413 1519 dicta
428 1463 506 1519 urbe
519 1462 659 1520 Romana
674 1462 706 1519 in
722 1462 879 1536 presencia
895 1468 998 1519 nostre
1014 1464 1183 1521 maiestatis
1199 1464 1330 1535 suerunt,
1347 1465 1454 1522 extite-

188 1573 267 1640 runt,
282 1567 337 1625 sed
354 1575 384 1625 et
400 1568 472 1625 aliis
487 1568 627 1641 ipsorum
645 1568 891 1641 possessionibus
907 1583 942 1624 ac
957 1566 1079 1643 juribus
1097 1570 1345 1642 possessionariis
1362 1575 1455 1643 atque

189 1674 300 1732 tenutis
335 1674 512 1731 nullatenus
545 1673 708 1748 impedire,
736 1674 903 1731 molestare
926 1682 957 1731 et
979 1675 1163 1748 perturbare
1187 1677 1374 1749 presumatis
1397 1692 1453 1734 nec

188 1781 252 1838 sitis
275 1781 343 1838 ausi
366 1781 461 1838 modo
484 1781 622 1854 aliquali.
646 1779 708 1852 Qui
730 1781 756 1837 si
787 1781 975 1837 contrarium
1008 1780 1149 1850 feceritis,
1181 1786 1293 1838 extunc
1324 1783 1453 1840 commi-

187 1886 283 1944 simus
306 1893 337 1944 et
358 1888 437 1944 serie
460 1887 655 1960 presencium
678 1886 902 1943 committimus
925 1885 1012 1944 fideli
1035 1893 1140 1944 nostro
1164 1886 1331 1959 magnifico
1347 1888 1454 1945 comiti

188 1992 335 2063 Matkoni,
370 1993 449 2050 Inter
483 1998 584 2050 cetera
608 1993 805 2066 episcopatus
839 1994 1046 2065 zagrabiensis
1084 2000 1114 2051 et
1148 1993 1281 2051 antefate
1319 1995 1452 2052 civitatis

187 2104 290 2156 nostre
326 2099 528 2171 gubernatori
558 2106 587 2156 et
622 2114 692 2155 suas
726 2099 810 2156 vices
839 2099 958 2157 ibidem
981 2101 1168 2173 gerentibus,
1192 2109 1226 2158 ut
1249 2101 1308 2174 ipsi
1332 2115 1388 2158 vos
1412 2099 1451 2158 ad

187 2205 442 2263 observacionem
468 2204 660 2279 prefatorum
684 2210 863 2262 nostrorum
887 2205 1104 2263 mandatorum
1129 2208 1230 2264 arcius
1262 2206 1453 2280 compellant

188 2317 217 2368 et
238 2312 420 2384 astringant
442 2309 536 2369 Secus
559 2326 633 2383 ergo
657 2310 759 2367 Iacere
781 2326 842 2368 non
866 2313 971 2369 ausuri
995 2318 1097 2369 nostre
1120 2313 1224 2385 gracie
1240 2314 1299 2369 sub
1315 2313 1451 2369 obtentu

188 2418 348 2476 Presentes
382 2424 486 2475 autem
522 2424 593 2490 post
623 2432 730 2474 earum
766 2417 916 2474 lecturam
953 2417 1043 2475 reddi
1076 2416 1221 2493 jubemus
1256 2418 1452 2492 presentanti.

179 2523 303 2581 Datum
325 2522 444 2581 Basilee
467 2522 543 2581 feria
566 2524 660 2581 tercia
694 2524 839 2596 proxima
866 2530 936 2581 ante
966 2524 1079 2581 festum
1111 2525 1281 2582 nativitatis
1315 2524 1450 2583 Domini

189 2623 278 2689 Anno
301 2629 442 2688 eiusdem
466 2628 692 2687 nrccccxxx
716 2630 818 2688 tercie.
843 2630 1022 2703 Regnorum
1053 2637 1240 2702 nostrorum,
1264 2645 1344 2688 anno
1366 2630 1452 2688 Hun-

188 2736 271 2808 garie
292 2742 348 2794 etc.
371 2735 491 2794 XLVII,
522 2736 733 2793 Romanorum
763 2735 886 2795 XXIIII.
916 2737 1063 2795 Bohemie
1093 2737 1185 2795 XIIII.
1216 2737 1344 2811 Imperii
1377 2752 1451 2795 vero

188 2843 298 2917 primo.

290 2978 425 3043 Originale
443 2980 471 3029 in
489 2980 584 3030 charta.
623 2982 655 3028 In
673 2981 788 3044 margine
808 2981 924 3029 inferiori
943 2981 1095 3044 Impressum
1115 2989 1153 3029 est
1172 2979 1294 3044 sigillum.
1331 2981 1363 3027 In
1381 2979 1450 3029 arch.

189 3068 335 3133 archiepisc.
356 3069 457 3132 zagrab.
476 3068 589 3119 Politice
608 3069 669 3120 fasc.
692 3082 712 3120 1.
734 3085 771 3120 nr.
792 3081 815 3118 2.

789 3300 853 3366 70.

289 3424 370 3471 Anno
393 3435 466 3485 1434,
489 3422 527 3473 16.
548 3423 640 3473 martii.
661 3421 787 3472 Basileae.

189 3530 385 3607 Sigisnrundus
403 3533 584 3611 Hungatiac
600 3540 646 3590 etc.
664 3552 726 3601 rex,
750 3532 879 3605 Georgia
894 3532 1101 3606 archiepiscope>
1123 3534 1309 3605 strigoniensi
1322 3534 1450 3601 intendat,

188 3648 217 3696 nt
245 3642 276 3696 in
306 3642 353 3697 ius
383 3647 462 3696 incer
491 3639 675 3713 Rudnlplenm
708 3640 864 3707 Albenum,
894 3641 947 3713 (μα’
975 3641 1099 3712 legatum
1124 3641 1160 3696 ab
1178 3639 1319 3716 Jolrurmc
1343 3641 1451 3698 Albeno

248 3748 375 3820 qtiscopo
399 3747 531 3803 ccclesiae
553 3746 714 3803 cathedrali
735 3747 921 3818 zagrabr'enst'
941 3747 1069 3802 relictum
1093 3746 1190 3804 aeilruc
1213 3764 1269 3801 mm
1291 3747 1384 3803 solvit.

798 3884 952 3932 Commissio
973 3885 1075 3948 propriu
1095 3884 1191 3931 domini
1210 3885 1379 3948 imperatoris.

288 3995 508 4069 Sigismundus
532 3994 582 4053 dei
597 3996 701 4068 gracia
718 3996 930 4053 Romanorum
947 3997 1126 4069 imperator,
1151 4012 1276 4070 semper
1292 4005 1449 4071 augustus,

184 4119 217 4162 ac
240 4103 408 4175 Hungarie,
426 4101 581 4172 Bohemie,
604 4102 774 4172 Dalmacie,
799 4101 926 4159 Croacie
950 4108 1003 4159 etc.
1021 4119 1083 4159 rex.
1100 4102 1200 4160 Fideli
1216 4112 1321 4162 nostro
1337 4104 1450 4163 devoto

184 4216 212 4267 et
237 4211 357 4267 sIncere
388 4207 502 4266 dilecto
533 4208 792 4266 reverendissimo
824 4211 854 4267 in
887 4209 1011 4266 Christo
1043 4210 1133 4282 patri,
1165 4210 1292 4267 domino
1315 4209 1450 4283 Georgio

187 4315 424 4390 archiepiscopo
447 4317 652 4387 strIgoniensi,
671 4316 791 4389 locique
808 4316 945 4373 eiusdem
963 4317 1068 4373 comiti
1091 4325 1242 4390 perpetuo
1266 4332 1301 4373 ac
1324 4317 1450 4389 primati

182 4431 212 4482 et
235 4421 409 4497 apostolice
433 4421 515 4479 sedis
538 4421 641 4494 legato
665 4429 737 4478 nato
760 4421 893 4478 salutem
918 4429 947 4479 et
970 4422 1115 4493 graciam.
1151 4422 1257 4494 Nuper
1281 4437 1338 4495 pro
1362 4428 1450 4495 parte

181 4528 377 4587 honorabilis
402 4528 532 4601 capituli
556 4529 684 4586 ecclesie
707 4528 916 4600 zagrabiensis
940 4535 1047 4585 contra
1071 4535 1101 4585 et
1123 4527 1273 4584 adversus
1289 4527 1450 4599 egregium

183 4633 356 4693 liudolfum
381 4632 419 4690 de
443 4634 546 4690 Alben
572 4641 600 4691 et
625 4633 662 4690 de
687 4633 814 4698 Medue,
843 4633 970 4691 fratrem
999 4635 1115 4691 scilicet
1140 4634 1293 4691 carnalem
1319 4632 1449 4690 condam

183 4738 349 4800 reverendi
372 4740 470 4813 patris
492 4739 610 4798 domini
628 4741 777 4821 Johannis
797 4741 934 4813 episcopi
951 4741 1167 4813 zagrabiensis,
1185 4740 1344 4813 proposita
1360 4738 1450 4796 nobis

182 4847 273 4921 gravi
296 4848 423 4919 querela
446 4847 620 4904 continente
644 4849 674 4905 In
698 4848 817 4919 effectu,
852 4846 1011 4919 quomodo
1048 4848 1114 4920 lpse
1150 4845 1304 4904 Rodoltus
1341 4852 1448 4903 contra
