3256 5346
601 426 674 486 Doc.
698 420 766 482 118.
791 455 831 466 -
852 422 908 481 An.
932 415 1023 498 1438.
1384 430 1444 490 153

182 646 249 720 Qua
271 645 499 721 protestacione
523 642 612 714 facta,
647 640 844 716 pretitulatus
880 638 1027 711 magister
1062 633 1237 709 Stephanus
1277 631 1445 703 sublector‚

182 753 273 828 peciit
296 766 362 823 nos,
385 755 420 809 ut
443 749 544 808 eidem
567 749 705 822 capitulo
740 745 931 819 zagrabiensi
965 745 1085 802 litteras
1119 746 1240 800 nostras
1278 736 1446 813 superinde

181 857 348 917 concedere
370 857 579 930 dignaremur.
602 853 687 928 Quas
709 869 765 912 nos
789 853 849 926 ipsi
872 850 1011 926 capitulo
1047 847 1253 905 concessimus
1287 843 1446 903 communi

182 965 302 1023 iusticia
324 963 483 1022 svadente.
504 962 621 1020 Datum
654 959 730 1018 feria
761 966 872 1033 quarta
907 957 1052 1032 proxima
1085 959 1155 1028 post
1190 951 1303 1010 festum
1328 950 1444 1008 Pasche

180 1071 315 1130 Domini.
340 1072 431 1128 Anno
453 1067 593 1128 eiusdem
616 1066 786 1126 millesimo
810 1062 1114 1138 quadringentesimo
1138 1058 1299 1131 trigesimo
1323 1061 1445 1114 octavo.

284 1205 361 1257 Barth.
380 1203 498 1255 Kteelie.
518 1204 588 1255 Hist.
607 1202 669 1254 eccl.
689 1202 789 1267 zagreb.
803 1218 828 1267 p.
844 1213 885 1266 70.
905 1195 1230 1263 1v.Knkn1jevie.Arkiv
1243 1211 1272 1243 za
1284 1193 1446 1260 povjestuicu

177 1292 389 1359 jugostaveneku,
407 1293 461 1358 huj.
480 1294 533 1344 111.
553 1300 596 1341 etr.
616 1304 659 1354 91.

788 1481 855 1550 118.

285 1628 367 1677 Anno
389 1628 464 1690 1438,
484 1627 525 1676 26.
544 1626 642 1692 aprilis.
662 1611 778 1678 cremae

186 1756 350 1830 Capetulum
373 1756 522 1830 lamense,
552 1757 692 1826 Ulricum,
713 1756 837 1814 cometem
866 1754 970 1824 Ce'leae,
993 1772 1030 1811 ex
1052 1753 1190 1810 sententie
1212 1750 1328 1808 tabulae
1350 1748 1447 1821 regiae

173 1870 233 1935 pre
247 1862 367 1937 e'rrjeere'ts
389 1881 409 1918 a
434 1861 570 1920 Ve'lhelmo
592 1863 747 1920 castellano
763 1862 865 1937 factis,
887 1862 1023 1918 mulctam
1041 1860 1085 1916 die
1107 1859 1182 1916 dicta
1199 1875 1257 1915 nen
1272 1855 1447 1930 persolvisse

647 1968 765 2027 Alberto
787 1969 851 2042 regi
871 1968 969 2042 refert.

284 2110 489 2171 Serenissimo
513 2114 646 2187 principi
662 2121 692 2172 et
715 2112 852 2185 domino,
875 2111 1003 2169 domino
1027 2111 1159 2168 Alberto
1183 2108 1233 2167 dei
1256 2109 1359 2180 gracia
1380 2103 1447 2176 regi

183 2218 350 2291 Hungarie‚
374 2219 545 2291 Dalmacie,
576 2218 704 2278 Croacie
733 2224 788 2278 etc.
825 2219 1012 2292 Austrieque
1035 2223 1065 2275 et
1098 2215 1191 2274 Stirie
1214 2214 1293 2286 duci,
1328 2225 1446 2270 necnon

182 2325 354 2383 marchioni
377 2326 516 2383 Morauie
539 2331 594 2384 etc.
625 2325 752 2385 domino
787 2327 928 2400 ipsorum
958 2325 1094 2382 naturali
1128 2329 1158 2381 et
1182 2322 1331 2394 graciose,
1363 2319 1446 2392 capi·

183 2430 284 2488 tulum
307 2431 436 2489 ecclesie
459 2431 648 2490 chasmensis
668 2433 826 2490 oraciones
850 2432 880 2489 in
894 2430 1023 2489 domino
1039 2429 1160 2488 debitas
1176 2434 1207 2486 et
1229 2428 1357 2485 devotas
1374 2440 1446 2483 cum

184 2540 332 2610 perpetua
355 2535 513 2595 fidelitate.
545 2537 676 2595 Litteras
699 2538 787 2595 binas
810 2536 948 2595 eiusdem
971 2541 1074 2595 vestre
1104 2535 1276 2594 serenitatis
1307 2536 1447 2607 patentes

183 2656 240 2715 pro
264 2647 353 2716 parte
375 2639 493 2718 judicis,
514 2640 697 2719 juratorum,
713 2649 949 2717 ceterorumque
964 2645 1081 2702 civium
1098 2648 1128 2702 et
1151 2644 1249 2700 tocius
1273 2639 1446 2700 communi·

183 2749 254 2807 tatis
276 2731 411 2808 civitatis
434 2749 573 2808 eiusdem
596 2757 698 2808 vestre
713 2752 885 2809 serenitatis
908 2752 1022 2809 montis
1042 2750 1204 2809 Grecensis
1228 2748 1266 2808 de
1289 2749 1374 2806 iuxta
1391 2746 1445 2804 Za·

181 2857 321 2929 grabiam
345 2857 402 2916 site
425 2863 455 2915 et
478 2858 643 2931 existentis,
667 2868 824 2917 emanatas
847 2866 877 2918 et
899 2860 1061 2931 consectas,
1085 2859 1237 2933 nobisque
1254 2855 1446 2930 preceptorie

183 2964 345 3037 loquentes
368 2971 398 3022 et
421 2965 554 3024 directas
577 2981 724 3041 sumpma
746 2983 818 3025 cum
841 2967 1021 3025 obediencia
1056 2967 1178 3024 noverit
1209 2964 1318 3022 eadem
1341 2968 1446 3018 vestra

184 3072 331 3128 serenitas
354 3085 411 3128 nos
433 3073 586 3146 recepisse
609 3073 641 3131 in
663 3074 719 3132 hec
743 3075 847 3131 verba.
872 3074 1013 3147 Quarum
1037 3074 1127 3131 unius
1158 3080 1246 3129 tenor
1277 3070 1348 3128 talis
1382 3072 1444 3125 est:

183 3170 268 3255 (vide
290 3177 365 3235 Doc.
394 3192 462 3250 114.
486 3193 566 3236 anno
594 3179 685 3255 1438.
710 3180 760 3238 die
786 3194 833 3249 25·
858 3172 1029 3256 februarii).
1067 3180 1204 3236 Alterius
1238 3191 1313 3235 vero
1350 3174 1446 3233 conti·

183 3284 288 3342 nencia
312 3284 450 3343 verbalis
472 3285 529 3343 hec
552 3290 612 3344 est:
637 3280 721 3365 (vide
744 3286 819 3344 Doc.
846 3286 915 3344 116.
950 3302 1030 3344 anno
1058 3286 1149 3361 1348.
1182 3285 1232 3342 die
1256 3302 1284 3358 4.
1316 3274 1443 3357 martii).

183 3389 246 3449 Nos
269 3392 372 3465 itaque
396 3390 549 3450 mandatis
573 3391 711 3450 eiusdem
737 3401 837 3451 vestre
870 3395 1041 3452 serenitatis
1073 3395 1104 3451 in
1138 3393 1284 3450 omnibus
1318 3388 1445 3446 obedire

181 3497 348 3570 cupientes,
380 3504 415 3556 ut
449 3504 597 3570 tenemur,
628 3501 713 3558 iuxta
749 3501 931 3558 mandatum
965 3500 1104 3559 eiusdem
1138 3506 1240 3557 vestre
1274 3496 1446 3554 serenitatis

180 3608 321 3660 nostrum
345 3605 504 3686 hominem
526 3605 589 3663 fide
613 3605 751 3679 dignum,
773 3623 869 3664 unum
893 3624 930 3664 ex
946 3608 1045 3677 nobis,
1067 3606 1213 3664 videlicet
1228 3601 1445 3661 honorabilem

181 3709 286 3766 virum
311 3711 495 3782 magistrum
519 3711 658 3769 Blasium
681 3714 799 3771 socium
823 3720 853 3770 et
877 3714 1116 3771 concanonicum
1140 3717 1280 3769 nostrum
1312 3708 1352 3766 ad
1376 3724 1444 3781 pre·

184 3816 280 3873 missa
303 3814 438 3874 fideliter
472 3818 646 3892 peragenda
681 3824 711 3876 et
745 3819 932 3891 exequenda,
968 3827 1073 3876 nostro
1098 3833 1155 3891 pro
1180 3815 1354 3874 testimonio
1390 3814 1445 3872 du·

182 3920 286 3979 ximus
307 3919 534 3981 destinandum.
557 3923 619 3996 Qui
643 3924 768 3981 tandem
792 3924 902 3981 exinde
926 3923 964 3980 ad
981 3939 1037 3981 nos
1061 3938 1210 3988 reversus,
1227 3923 1316 3979 nobis
1339 3921 1446 3980 retulit

181 4026 374 4086 istomodo:
398 4029 482 4101 quod
506 4031 572 4103 ipse
596 4031 626 4087 in
650 4031 790 4103 predicto
814 4037 924 4087 octavo
948 4031 997 4087 die
1020 4030 1089 4087 sesti
1113 4030 1206 4086 Pasce
1221 4028 1349 4100 domini,
1373 4044 1445 4101 pro·

181 4132 264 4192 xime
295 4135 443 4207 preteriti,
466 4136 505 4193 ad
538 4136 651 4194 dictam
684 4137 868 4210 Zagrabiam
900 4137 1103 4210 personaliter
1124 4136 1308 4206 accessisset,
1338 4134 1445 4207 ibique

179 4240 292 4313 prefati
315 4221 490 4314 St'ephanus
514 4242 552 4299 de
569 4242 690 4301 Bochha
714 4244 811 4317 ipsius
832 4244 965 4301 Ladislai
990 4244 1063 4301 bani
1079 4249 1108 4300 et
1133 4243 1278 4300 Nicolaus
1302 4241 1340 4298 de
1364 4240 1444 4313 Gye-

181 4362 259 4420 pew,
282 4348 455 4406 vicecomes
479 4349 553 4407 dicti
577 4351 741 4408 comitatus
771 4352 988 4423 zagrabiensis,
1020 4349 1140 4425 jamfati
1175 4348 1328 4407 Mathonis
1361 4348 1442 4418 bani,

179 4468 298 4512 necnon
320 4454 477 4538 Johannes
500 4456 604 4514 Thoth
639 4462 669 4514 et
696 4456 871 4530 Stephanus
903 4457 1064 4529 Bychkele
1097 4457 1171 4515 item
1203 4454 1373 4526 Gregorius
1405 4453 1444 4511 de

179 4560 339 4619 Wmouch
362 4561 515 4626 etPetrus
539 4562 577 4620 de
590 4561 800 4635 Schytaryeuo
815 4563 954 4622 eiusdem
978 4569 1079 4621 vestre
1095 4561 1266 4621 serenitatis
1288 4560 1441 4630 homines,

179 4666 217 4725 ad
242 4667 394 4741 premissa
418 4667 597 4742 exequenda
621 4667 769 4743 deputati,
793 4685 910 4728 necnon
933 4669 1070 4727 Thomas
1093 4669 1131 4726 de
1158 4667 1385 4739 Domagouych
1413 4669 1444 4723 et

179 4772 333 4847 Georgius
355 4773 394 4831 de
417 4772 632 4847 Sythomerya‚
648 4775 764 4833 iudices
785 4776 941 4834 nobilium
965 4775 1040 4834 dicti
1061 4776 1234 4843 comitatus,
1251 4774 1338 4831 iuxta
1360 4785 1443 4830 com·

179 4880 359 4939 missionem
383 4880 522 4939 eiusdem
545 4887 647 4939 vestre
670 4882 841 4940 serenitatis
863 4883 1086 4953 convenientes,
1110 4880 1205 4938 modo
1236 4877 1317 4937 inira
1351 4877 1443 4938 deno·
