3278 5348
183 433 243 491 228
601 423 835 503 Doc.165.-
860 427 1027 505 Am1452.

181 644 298 704 eisdem
333 644 467 703 dominis
512 645 665 703 canonicis
700 644 847 703 duximus
880 641 1099 701 concedendas.
1138 641 1257 700 Datum
1293 640 1441 714 Crappine

182 749 259 809 feria
281 756 368 809 sexta
391 750 536 825 proxima
558 757 629 809 ante
651 750 765 809 festum
800 749 884 808 beati
917 749 1058 808 Osvaldi
1087 749 1178 822 regis.
1215 749 1310 806 Anno
1333 746 1442 805 domini

182 857 351 916 millesimo
375 856 682 930 quadringentesimo
704 856 964 930 quinquagesimo
987 855 1130 914 secundo.
1170 841 1175 852 ’

294 992 428 1057 Originale
446 994 473 1041 in
492 993 647 1044 membrana.
667 994 737 1042 Zona
755 992 852 1042 sericea
869 992 980 1042 violacei
991 991 1085 1042 coloris
1101 992 1231 1058 appendet
1244 992 1343 1056 absque
1355 990 1439 1056 sigillo.

97 1110 109 1125 ι
186 1084 218 1132 In
236 1082 332 1132 archiv.
351 1098 408 1133 ven.
428 1082 504 1147 capit.
523 1082 624 1147 uagrab.
644 1082 706 1131 Act.
726 1098 781 1147 cap.
801 1088 853 1133 ant.
872 1082 934 1134 fasc.
955 1094 978 1134 2.
998 1098 1035 1134 nr.
1056 1094 1097 1146 27.

775 1312 854 1379 165.

289 1464 362 1508 Anno
384 1468 458 1521 1452,
480 1468 520 1519 30.
541 1455 695 1506 novembris.
715 1457 746 1503 In
765 1461 848 1504 castro
867 1453 976 1504 Sanach.

183 1565 358 1637 Fridericus,
380 1584 468 1624 comos
495 1566 587 1624 Cilicu
609 1573 638 1624 et
657 1565 761 1636 banus,
784 1565 969 1623 universitati
989 1563 1125 1621 nobilium
1155 1561 1306 1619 comitatus
1335 1559 1444 1634 zagrob.

183 1673 311 1742 mandat,
342 1681 375 1730 ut
406 1691 532 1748 causam,
563 1691 637 1747 quae
669 1673 746 1730 mter
775 1672 1001 1729 communitatem
1032 1668 1158 1729 ciuitatis
1180 1674 1211 1725 et
1230 1667 1396 1742 Heningum
1416 1665 1445 1723 do

524 1778 618 1838 Sused
636 1778 670 1837 de
692 1778 798 1837 tributo
821 1779 930 1852 agitur,
954 1776 1113 1835 absolvant.
1177 1758 1179 1762 Α

290 1923 466 1983 Fridericus
490 1922 540 1983 dei
562 1925 665 1997 gracia
689 1923 777 1995 Cilie,
801 1923 1018 1995 Ortemburge,
1041 1920 1230 1995 Segorieque
1261 1933 1367 1978 comes
1397 1923 1446 1989 etc,

184 2044 303 2088 necnon
326 2029 414 2103 regni
437 2028 600 2087 Sclauonie
623 2030 730 2087 banus.
754 2029 887 2101 Egregii,
910 2027 1041 2099 nobiles,
1064 2026 1183 2099 fideles,
1215 2025 1330 2085 dilecti.
1361 2023 1447 2083 Intel-

85 2214 89 2223 Α
185 2135 320 2193 lenimus
354 2137 474 2194 litteras
509 2140 628 2195 vestras
662 2136 753 2193 nobis
787 2119 950 2208 loquentes
984 2134 1016 2192 in
1047 2147 1093 2205 eo,
1117 2132 1253 2206 qualiter
1275 2131 1401 2207 pridem
1420 2131 1448 2188 in

186 2243 339 2316 proximis
373 2243 492 2301 octavis
526 2241 596 2300 festi
630 2242 728 2300 sancti
762 2240 923 2298 Michaelis
958 2241 1049 2298 vobis
1073 2254 1131 2314 pro
1155 2239 1271 2298 iudicio
1294 2236 1448 2297 communi

186 2348 432 2422 consedentibus,
456 2351 598 2424 egregius
621 2348 796 2422 Hennynlry
827 2348 866 2406 de
896 2347 1097 2406 Zomzedwar
1126 2347 1286 2422 quandam
1316 2346 1449 2405 litteram

188 2454 367 2513 dilatoriam
390 2455 548 2528 magnifici
571 2454 676 2513 fratris
698 2455 797 2513 nostri
819 2454 969 2538 Johannis
992 2453 1031 2511 de
1046 2453 1220 2526 Hwnnyad,
1236 2452 1449 2527 gubernatoris

188 2668 311 2726 racione
327 2669 438 2727 tributi
453 2669 512 2726 sub
528 2667 639 2726 eodem
655 2665 855 2725 Zomzedwar
870 2667 971 2725 habiti
986 2670 1017 2724 et
1031 2665 1190 2741 providos,
1206 2653 1317 2724 fideles
1333 2673 1450 2724 nostros

187 2774 270 2832 cives
306 2775 419 2833 montis
454 2774 615 2833 Grecensis
649 2773 782 2831 civitatis
812 2778 916 2831 nostre
946 2773 1153 2846 zagrabiensis
1175 2778 1264 2846 parte
1295 2788 1335 2830 ex
1358 2773 1451 2831 altera

187 2885 307 2937 motam
330 2886 359 2938 et
384 2881 564 2939 ventilatam
588 2896 686 2953 usque
710 2879 750 2937 ad
773 2879 1009 2938 coronacionem
1032 2878 1131 2937 futuri
1152 2879 1236 2952 regis
1265 2879 1451 2953 suspendere

188 2991 218 3042 et
241 3001 418 3059 prorogare,
442 3002 630 3060 causamque
646 2987 749 3060 ipsam
765 2986 942 3044 nullatenus
959 2985 1165 3044 determinare
1181 2984 1347 3058 deberetis,
1363 2999 1452 3058 super

189 3106 251 3165 quo
274 3092 440 3151 fidelitates
465 3099 566 3151 vestre
590 3108 716 3151 causam
740 3094 841 3167 ipsam
865 3108 964 3167 usque
987 3092 1027 3150 ad
1050 3092 1164 3151 festum
1193 3092 1292 3151 sancti
1324 3091 1452 3161 Andree,

188 3213 270 3254 nunc
286 3200 477 3271 preteritum,
494 3199 715 3258 deliberacioni
731 3205 761 3257 et
778 3198 1031 3258 determinacioni
1047 3199 1169 3269 nostris,
1185 3198 1262 3272 quid
1279 3197 1452 3257 faciendum

188 3302 269 3360 toret
291 3305 521 3363 racionabiliter
544 3306 741 3364 submisistis.
766 3306 825 3364 Pro
849 3321 885 3364 eo
917 3307 1030 3364 vestris
1062 3305 1289 3365 committimus
1321 3304 1452 3364 fidelita-

190 3408 283 3479 tibus,
310 3411 514 3484 precipientes
538 3428 609 3470 cum
631 3413 735 3470 littera
759 3413 828 3486 ipsa
850 3413 1046 3487 preceptoria
1077 3411 1192 3487 prefati
1221 3410 1330 3470 fratris
1360 3409 1454 3470 nostri

190 3512 308 3571 domini
339 3516 563 3587 gubernatoris,
599 3519 672 3575 satis
706 3517 744 3576 de
779 3519 905 3592 antiqua
942 3517 1015 3576 data
1038 3517 1118 3576 foret
1154 3523 1184 3576 et
1207 3518 1335 3576 nullum
1359 3517 1454 3576 alium

147 3682 151 3691 ‚
190 3619 322 3677 sciamus
346 3628 376 3679 et
399 3623 603 3696 profiteamur
626 3640 732 3697 regem
756 3623 906 3696 futurum,
923 3640 1017 3698 quarn
1040 3625 1272 3683 serenissimum
1295 3624 1455 3683 dominum

190 3732 330 3783 nostrum
355 3728 533 3786 ladislaum
558 3746 663 3802 regem
688 3730 882 3800 modernum,
905 3733 959 3806 qui
981 3732 1045 3790 iarn
1068 3731 1188 3789 dudum
1203 3713 1357 3804 legittime
1372 3744 1456 3789 coro·

191 3838 280 3888 natus
304 3834 415 3905 existit,
440 3840 591 3908 quatenus
615 3853 740 3894 causam
764 3839 866 3911 ipsam
882 3839 961 3896 inter
979 3843 1084 3912 partes
1098 3836 1255 3912 predictas
1270 3837 1337 3895 sine
1353 3837 1457 3911 aliqua

192 3937 343 3996 dilacione
367 3946 397 3997 et
421 3944 708 4014 procrastinacione,
732 3958 793 4002 non
809 3946 1005 4004 obstantibus
1021 3944 1181 4019 premissis
1198 3943 1457 4018 quibuscumque,

192 4046 379 4117 examinare,
403 4049 540 4107 iudicare
570 4066 605 4108 ac
637 4050 808 4109 secundum
841 4053 929 4125 regni
964 4051 1220 4110 consvetudinem
1254 4049 1316 4108 fine
1351 4049 1457 4109 debito

191 4151 398 4211 determinare
422 4157 525 4213 velitis
549 4164 578 4214 et
602 4156 739 4215 debeatis
763 4160 946 4217 auctoritate
968 4160 1060 4217 vobis
1091 4158 1240 4217 attributa
1273 4164 1304 4215 et
1335 4156 1456 4216 iusticia

190 4258 352 4316 mediante.
377 4260 470 4318 Secus
493 4277 554 4320 non
578 4262 696 4321 facturi.
721 4265 837 4322 Datum
854 4266 885 4323 in
901 4271 1001 4323 castro
1018 4269 1124 4323 nostro
1140 4262 1263 4336 Sancky
1278 4262 1357 4322 feria
1372 4268 1457 4323 sexta

192 4370 263 4437 post
286 4363 400 4423 festum
424 4367 506 4424 beati
529 4369 653 4426 Andree
676 4371 821 4443 apostoli.
846 4374 936 4429 Anno
951 4370 1154 4430 llCCCCLll.

297 4472 336 4540 (A
361 4473 451 4542 tergo).
476 4473 624 4547 Egregiis,
647 4476 806 4534 nobilibus
829 4477 965 4551 Georgio
989 4475 1127 4536 Farkasii
1150 4475 1189 4535 de
1219 4477 1348 4549 Obrees,
1378 4477 1455 4534 vice·

192 4578 307 4649 comiti,
329 4576 546 4654 judicibusque
569 4582 724 4639 nobilium
748 4597 783 4640 ac
807 4585 863 4641 toti
896 4574 1091 4642 universitati
1114 4582 1271 4643 nobilium
1294 4584 1454 4642 comitatus

191 4686 289 4742 nostri
313 4687 530 4759 zagrabiensis,
553 4687 701 4746 fidelibus
724 4690 814 4747 nobis
838 4695 867 4747 et
890 4695 978 4764 grate
1006 4690 1136 4750 dilectis.

297 4820 430 4886 Originale
449 4824 476 4873 in
495 4824 591 4878 charta.
627 4826 712 4888 Tergo
731 4824 844 4889 sigillum
867 4826 1029 4892 impressum.
1057 4828 1088 4875 In
1109 4825 1224 4878 archivio
1241 4824 1289 4881 lib.
1316 4840 1370 4891 reg.
1388 4823 1453 4875 civit.

190 4910 371 4975 ragrabiensis.
