3278 5348
186 396 249 471 408
612 390 685 447 Doc.
701 398 775 466 325.
798 423 842 434 -
864 389 920 447 Aac
945 385 1036 468 1481.

187 608 393 679 declaramus,
418 608 516 668 immo
540 606 745 680 decemimus,
768 607 1012 683 pronunciamus
1033 621 1070 667 ac
1101 608 1134 673 in
1162 608 1392 685 sempiternum
1417 608 1448 667 li·

189 716 373 787 bertatibus,
393 715 600 791 prerogativis
623 729 732 773 eorum
756 713 936 788 prenotatis,
959 713 1013 785 uti,
1037 712 1099 772 frui
1125 719 1158 773 et
1179 715 1320 787 gaudere
1341 714 1450 775 adiudi-

191 827 295 895 cantes
310 822 516 898 relinquimus
528 827 559 880 et
571 821 795 880 committimus
807 820 989 880 auctoritate
1004 825 1111 879 nostra
1120 817 1289 896 judiciaria
1299 828 1331 881 et
1341 822 1451 887 iusticia

193 929 358 989 mediante.
382 929 416 987 In
440 929 526 987 cuius
548 928 595 986 rei
616 927 812 1000 memoriam,
829 926 1073 1000 firmitatemque
1096 933 1287 1002 perpetuam
1304 934 1452 1003 presentes

188 1036 308 1095 litteras
331 1042 452 1095 nostras
475 1034 689 1110 privilegiales
712 1033 914 1108 pendentium
936 1033 1164 1099 autenticorum
1194 1036 1377 1111 sigillorum
1404 1050 1451 1095 no

184 1147 325 1209 sitorum
347 1142 518 1201 munimine
541 1141 712 1212 roboratas,
729 1140 847 1201 eisdem
863 1141 993 1212 civibus,
1010 1140 1120 1199 incolis
1135 1147 1168 1201 et
1183 1141 1365 1217 hospitibus
1379 1141 1452 1201 dicte

188 1245 323 1307 civitatis
354 1248 469 1305 montis
500 1246 663 1306 Greceusis
698 1246 845 1307 duximus
879 1245 1107 1318 concedendas,
1142 1249 1308 1309 communi
1341 1248 1453 1309 iusticia

187 1352 343 1411 suadente.
367 1354 484 1413 Datum
507 1353 659 1427 vigesimo
683 1359 795 1428 quarto
817 1353 868 1412 die
891 1353 1144 1427 congregacionis
1175 1360 1283 1415 nostre
1314 1353 1452 1431 predicte

190 1459 281 1519 Anno
305 1458 425 1519 domini
447 1459 617 1519 millesimo
641 1458 946 1535 quadringentesimo
969 1461 1182 1533 octuagesimo
1204 1462 1319 1536 primu.

293 1644 428 1709 Originalc
453 1645 480 1695 ln
498 1646 653 1704 membrana,
673 1653 712 1707 snt
730 1646 851 1699 lacerum.
879 1648 954 1696 Duae
981 1662 1061 1696 zonae
1088 1647 1202 1697 sericene
1219 1648 1312 1698 viridis
1348 1654 1374 1697 et
1389 1645 1452 1707 rubri

186 1731 280 1784 coloris
299 1733 447 1798 appendent
466 1733 563 1797 absque
582 1734 684 1798 sigillis.
703 1737 736 1784 In
753 1735 868 1785 archivio
886 1751 944 1792 ven.
964 1735 1047 1801 Capit.
1065 1736 1168 1799 zagrab.

783 2035 867 2101 325.

295 2248 376 2297 Anno
398 2248 472 2311 1481,
493 2247 535 2298 26.
555 2247 686 2298 iebmarii.
706 2246 855 2311 Zagmbiea.

188 2427 218 2489 Α
247 2429 467 2506 congregatione
494 2428 630 2487 nobilium
664 2428 814 2487 comitatus
840 2426 1037 2500 sagrobimsis
1075 2425 1224 2487 Osooldus
1256 2428 1401 2502 episcopus
1427 2427 1456 2485 oi

247 2559 355 2625 ereptos
377 2570 465 2626 agros
483 2559 629 2626 prataque
647 2549 872 2626 praebendariae
894 2551 1012 2610 reddere
1034 2558 1164 2625 oportere
1185 2552 1400 2614 condmotur.

294 2746 358 2805 Nos
381 2746 515 2805 Michael
538 2747 638 2819 Orzag
662 2745 701 2804 de
723 2745 826 2816 Goth,
843 2747 930 2820 regni
945 2748 1104 2821 Hungarie
1127 2747 1287 2821 palatinus
1309 2755 1340 2807 et
1362 2747 1452 2826 judex

188 2853 401 2913 Comauorum
431 2868 467 2911 ac
489 2867 593 2911 comes
624 2851 798 2926 Stephanus
821 2851 860 2911 de
891 2853 1013 2926 Bethor,
1043 2852 1138 2929 judex
1160 2855 1252 2920 curie*
1268 2856 1453 2917 serenissimi

188 2960 338 3033 principis
358 2959 478 3019 domini
501 2960 624 3030 Mathis
657 2958 707 3018 dei
729 2959 834 3031 gracia
856 2959 938 3032 regis
962 2958 1037 3019 dicti
1060 2960 1220 3033 Hungarie
1242 2976 1280 3021 ac
1302 2962 1453 3033 Bohemie,

186 3066 358 3137 Dalmacie,
392 3065 520 3125 Croacie
554 3069 609 3124 etc.
646 3066 795 3125 Memorie
830 3065 1086 3125 commendamus
1121 3072 1228 3125 tenore
1263 3071 1455 3142 presencium

186 3171 395 3243 significantes
438 3171 552 3243 quibus
575 3171 701 3245 expedit
724 3172 893 3230 universis:
926 3172 1011 3245 quod
1034 3174 1065 3231 in
1089 3175 1333 3246 congregacione
1355 3182 1455 3241 nostra

187 3278 326 3350 generali
349 3277 543 3336 universitati
566 3278 721 3336 nobilium
745 3278 911 3336 comitatus
935 3279 1152 3351 zagrabiensis.
1176 3278 1254 3338 seria
1277 3283 1373 3341 tercia
1389 3295 1456 3356 pro

185 3383 273 3442 xima
295 3389 365 3441 ante
388 3383 501 3441 festum
519 3383 748 3456 purificaeionis
772 3384 860 3442 beate
883 3385 980 3443 llarie
1002 3385 1133 3458 virginis
1157 3385 1195 3444 de
1219 3388 1350 3460 speciali
1374 3403 1456 3447 man·

186 3489 259 3548 dato
283 3495 314 3547 et
344 3489 561 3548 commissione
592 3489 704 3562 prelati
728 3488 846 3549 domini
869 3492 967 3548 nostri
989 3492 1072 3563 regis
1096 3507 1196 3566 prope
1219 3493 1381 3553 civitatem
1404 3510 1451 3553 za·

185 3595 381 3669 grabiensem
412 3595 576 3668 celebrata,
608 3595 806 3655 honorabiles
829 3595 948 3655 domini
978 3597 1111 3656 Michael
1141 3597 1180 3656 de
1210 3596 1451 3673 Szeuthgyergb,

188 3699 321 3758 decanus
345 3708 375 3759 et
407 3701 559 3773 Georgius
583 3702 737 3775 plebanus
767 3701 895 3760 ecclesie
927 3703 1010 3761 beati
1030 3703 1162 3762 Emerici
1186 3704 1282 3777 ducis,
1307 3706 1454 3780 Zagrabie

189 3805 325 3877 fundate,
349 3806 548 3878 prebendarii
580 3808 707 3867 ecclesie
731 3808 938 3881 zagrabiensis
961 3809 994 3867 in
1017 3810 1157 3883 ipsorum
1180 3826 1217 3869 ac
1238 3813 1454 3873 universorum

187 3911 321 3971 aliorum
352 3912 631 3984 prebendariorum
664 3914 802 3972 eiusdem
833 3915 961 3973 ecclesie
993 3930 1029 3973 ac
1059 3924 1215 3975 rectorum
1247 3919 1396 3979 altarium
1425 3920 1455 3979 in

186 4015 294 4072 eadem
317 4017 446 4073 ecclesia
469 4019 648 4079 habitorum
671 4022 819 4094 personis
835 4037 907 4079 cum
931 4023 1153 4095 procuratoriis
1175 4024 1288 4084 litteris
1312 4025 1449 4085 eiusdem

185 4120 313 4178 ecclesie
334 4121 549 4192 zagrabiensis‚
573 4125 611 4182 de
635 4127 737 4185 medio
760 4127 896 4185 aliorum
919 4133 1058 4187 nostram
1069 4134 1254 4201 exurgentes
1270 4131 1302 4189 in
1327 4147 1448 4206 prosen-

186 4224 277 4297 ciam,
301 4229 409 4283 contra
432 4229 637 4288 reverendum
662 4233 824 4292 dominum
841 4234 1024 4306 Osualdum‚
1047 4236 1229 4311 episcopum
1256 4238 1387 4310 ecclesie
1408 4253 1454 4303 ιε·

185 4330 357 4402 grabiensis
381 4340 610 4404 proposuerunt
633 4352 669 4394 eo
693 4338 803 4397 modo:
828 4339 988 4413 quomodo
1010 4340 1095 4399 idem
1118 4340 1265 4401 dominus
1289 4344 1453 4405 Oswaldus

185 4437 351 4510 episcopus
382 4438 413 4495 in
437 4453 516 4496 anno
537 4442 623 4499 cuius
647 4444 708 4501 iam
734 4447 827 4504 tercia
851 4447 980 4505 instaret
1003 4449 1162 4507 revolucio
1186 4450 1342 4524 quasdam
1360 4459 1454 4511 terras

183 4543 317 4602 arabiles
341 4551 371 4603 et
394 4543 500 4603 senilia
523 4546 561 4603 ad
587 4547 683 4605 dictas
708 4551 884 4624 prebendas
908 4560 936 4610 et
960 4552 1071 4612 altaria
1095 4555 1238 4629 ipsorum
1259 4556 1301 4615 ab
1325 4559 1451 4633 antiquo

182 4655 355 4723 spectantes
387 4651 466 4710 infra
491 4653 606 4710 limites
629 4655 691 4712 vici
715 4657 896 4716 Latinorum
929 4660 960 4717 in
984 4659 1066 4718 dicta
1089 4660 1242 4735 Zagrabie
1264 4663 1367 4729 habiti
1393 4666 1455 4727 exi·

180 4762 303 4829 stentes,
328 4763 418 4831 puta:
443 4758 607 4817 duodecim
630 4760 728 4820 dietas
753 4769 832 4822 terre
864 4771 893 4823 et
917 4783 1014 4825 unum
1037 4766 1131 4835 fenile
1154 4767 1194 4827 ad
1217 4767 1283 4829 duo
1306 4769 1452 4835 falcastro

180 4878 213 4921 se
236 4863 403 4923 extendens
435 4864 553 4925 domini
586 4865 725 4926 Barnabe
757 4871 973 4944 prebendarii;
1004 4873 1081 4933 ilem
1104 4875 1233 4948 triginta
1253 4875 1335 4943 duas
1357 4878 1454 4943 dictes
