3278 5348
512 426 587 488 Dec.
611 419 686 482 268.
709 418 782 497 269.
806 456 848 466 -
872 424 928 480 An.
952 435 1041 504 1471.

735 740 819 808 268.

248 889 329 937 Anno
350 899 424 951 1471,
445 899 469 936 2.
486 885 606 951 januarii.
624 884 722 935 Budae.

248 1016 431 1089 Capitulum
453 1015 594 1089 queritur
617 1014 751 1071 Mathiae
770 1013 846 1084 regi,
871 1010 955 1084 quod
979 1011 1010 1068 in
1032 1011 1175 1083 ipsorum
1196 1012 1227 1068 et
1257 1012 1411 1085 praeben·

138 1123 305 1181 dariorum
337 1121 484 1179 domibus
513 1126 544 1179 et
574 1120 667 1177 curiis
697 1135 733 1177 ac
757 1118 846 1177 bonis
869 1117 1103 1190 capitularibus,
1127 1131 1184 1190 per
1208 1117 1409 1189 saepissimos

136 1230 307 1287 descensus
330 1228 530 1297 exercituum,
549 1241 679 1298 magnae
701 1225 907 1282 desolationes
931 1221 1029 1280 tactae
1045 1223 1121 1293 sint;
1144 1238 1200 1279 rex
1216 1223 1320 1295 itaque
1337 1238 1410 1297 pro·

138 1336 231 1393 hibet
261 1335 350 1392 banis
384 1340 411 1392 et
444 1333 612 1406 capitaneis
643 1331 739 1404 regni,
772 1335 806 1387 ut
838 1330 932 1387 etiam
964 1330 994 1386 in
1016 1329 1264 1402 possessionibus
1288 1330 1411 1388 canoni·

137 1457 251 1499 corum
275 1449 305 1498 et
329 1439 627 1514 praebendariorum
650 1445 757 1496 contra
781 1437 976 1494 voluntatem
999 1450 1108 1493 eorum
1140 1450 1212 1491 cum
1244 1437 1412 1494 comitibus

139 1547 331 1606 descendere
353 1546 494 1605 audeant.

251 1682 357 1745 Georgii
376 1681 547 1731 Marcelorict
567 1681 692 1745 Regesta,
711 1685 740 1730 ut
759 1695 843 1745 supra.

741 1909 829 1975 269.

253 2053 333 2100 Anno
354 2062 429 2114 1471,
450 2061 491 2115 25.
511 2050 603 2101 martii.
623 2035 786 2113 Cattornjae.

151 2180 259 2238 Coram
282 2180 397 2236 notario
414 2177 530 2252 publico
552 2177 652 2234 delecti
672 2177 793 2250 capituli
812 2176 1008 2249 zagrabiensr's
1023 2176 1185 2249 posulant,
1208 2182 1242 2232 ut
1254 2185 1321 2252 713.
1333 2176 1415 2252 flor„

145 2305 219 2360 quos
253 2285 419 2342 Fridericus
451 2283 630 2358 Lambergcr
661 2283 784 2357 legavit,
815 2283 944 2339 ccclesiae
977 2281 1140 2339 cathedrali
1170 2300 1257 2355 quam
1287 2284 1414 2356 primum

698 2390 864 2447 tradanmr.

253 2537 288 2594 In
310 2537 435 2595 nomine
458 2536 584 2594 domini.
608 2528 718 2594 Amen.
744 2537 833 2593 Anno
856 2534 994 2593 eiusdem
1013 2535 1183 2593 millesimo
1206 2534 1414 2610 quadringen-

145 2643 259 2703 tesimo
288 2644 518 2715 septuagesimo
549 2643 660 2717 primo,
689 2642 860 2700 indiccione
891 2647 1010 2715 quarta,
1034 2640 1084 2699 die
1115 2656 1190 2699 vero
1213 2642 1294 2713 lune,
1325 2642 1413 2714 vige·

146 2750 227 2808 sima
250 2749 357 2823 quinta
381 2749 496 2807 mensis
519 2749 636 2819 marcii,
660 2749 737 2806 hora
757 2747 942 2806 duodecima
960 2748 1008 2805 vel
1028 2748 1125 2820 quasi,
1142 2748 1172 2805 in
1189 2755 1290 2805 castro
1307 2748 1415 2807 Cstha-

147 2856 281 2915 kentum
312 2855 372 2912 sub
395 2859 496 2923 turre,
529 2854 678 2912 dioecesis
708 2855 932 2926 zagrabiensis,
964 2853 1162 2927 pontificatus
1196 2861 1300 2911 autern
1328 2870 1415 2914 sanc-

148 2961 260 3020 tissimi
284 2960 315 3018 in
338 2959 464 3018 Christo
488 2961 586 3033 patris
609 2975 644 3017 ac
668 2958 786 3017 domini
802 2959 908 3030 nostri,
932 2958 1053 3016 domini
1076 2957 1163 3027 sixti,
1188 2959 1293 3017 divina
1311 2962 1414 3033 provi·

149 3066 259 3125 dencia
282 3081 364 3140 pape
387 3067 499 3139 quarti,
515 3080 595 3123 anno
611 3065 677 3123 eius
694 3065 805 3138 primo,
824 3065 855 3122 in
871 3065 932 3122 mei
947 3065 1060 3123 notarii
1077 3064 1205 3137 publici,
1229 3067 1417 3140 testiumque

149 3172 420 3245 infrascriptorum
445 3172 603 3245 presencia
633 3172 790 3229 constituti
823 3171 1026 3244 personaliter
1049 3171 1244 3229 venerabiles
1267 3172 1336 3244 viri,
1363 3172 1417 3231 do·

149 3279 243 3337 mini:
275 3277 513 3335 Bartholomeus
536 3284 651 3347 cantor,
675 3275 893 3349 Sigismundus
923 3277 1063 3349 Topnaw
1087 3277 1116 3333 in
1141 3276 1260 3334 Varosd
1286 3283 1315 3335 et
1338 3279 1418 3337 Mar·

152 3385 235 3444 tinus
259 3383 297 3441 de
313 3382 430 3441 Waslra
453 3383 662 3442 archidiaconi
679 3387 709 3440 et
725 3383 863 3441 canonici
879 3381 1006 3439 ecclesie
1027 3382 1244 3453 zagrabiensis,
1268 3385 1415 3444 omnibus

150 3490 337 3548 melioribus
360 3488 464 3557 modo,
488 3489 548 3560 via,
573 3488 684 3558 forma,
704 3485 773 3563 jure
796 3496 826 3545 et
849 3503 948 3558 causa,
974 3488 1088 3560 quibus
1111 3487 1141 3545 id
1167 3489 1279 3546 melius
1300 3498 1330 3548 et
1345 3490 1412 3549 elti-

150 3597 253 3654 cacius
283 3595 458 3653 debuerunt
488 3600 517 3653 et
549 3600 723 3668 potuerunt,
746 3595 976 3667 requisiverunt
1010 3610 1066 3666 per
1098 3595 1202 3652 omnia
1225 3596 1257 3653 in
1281 3611 1413 3669 persona

151 3702 282 3775 capituli
295 3701 423 3758 ecclesie
436 3701 642 3773 zagrabiensis
655 3701 776 3758 nobiles
786 3701 871 3758 viros
884 3700 1034 3771 Vlricum,
1048 3700 1242 3759 Fledericum
1258 3709 1288 3760 et
1301 3702 1419 3776 Caspar

153 3808 360 3879 Lamberger,
392 3805 503 3864 fratres
526 3805 659 3863 condam
683 3805 838 3863 Frederici
863 3806 1067 3878 Lambcrger‚
1100 3811 1261 3880 tamquam
1297 3809 1420 3883 dispen-

151 3918 270 3972 satores
299 3913 364 3970 sive
395 3918 552 3970 curatores
583 3913 698 3982 uxoris,
721 3911 934 3984 heredumque
968 3926 1095 3969 suorum
1128 3927 1163 3969 ac
1186 3913 1340 3971 benorum
1364 3931 1421 3990 per

152 4020 258 4093 ipsum
282 4017 481 4076 Fredericum
503 4019 695 4088 relictorum,
719 4021 869 4091 quatenus
891 4019 1101 4092 septingentos
1123 4017 1271 4077 tredecim
1288 4019 1419 4079 florenos

152 4126 220 4182 auri
252 4125 332 4199 puri,
365 4121 438 4200 justi
470 4130 499 4182 et
530 4125 604 4182 boni
635 4123 790 4197 ponderis.
822 4123 861 4181 de
891 4125 984 4181 rebus
1007 4130 1037 4180 ct
1060 4123 1149 4180 bonis
1173 4139 1228 4196 per
1252 4125 1421 4183 ilenricum

153 4231 286 4289 condam
316 4230 499 4289 lintzesdort
528 4231 559 4288 in
589 4230 700 4288 ultima
724 4245 779 4287 sua
802 4231 962 4288 voluntate
985 4229 1024 4286 ad
1049 4228 1199 4287 fabricam
1222 4229 1351 4287 ecclesie
1373 4246 1419 4288 za·

153 4338 326 4410 grabiensis
356 4336 496 4412 predicte
528 4337 646 4409 legatos
674 4341 704 4393 et
736 4336 991 4394 testamentaliter
1021 4334 1197 4406 ordinatos,
1229 4350 1307 4408 quos
1338 4335 1423 4393 idem
1495 4360 1500 4369 ·

154 4443 286 4501 condam
303 4442 479 4501 Fridericus
495 4435 710 4521 (lamberger)
734 4458 766 4498 se
791 4443 953 4499 tenebatur
977 4441 1056 4500 dicte
1080 4441 1208 4500 ecclesie
1231 4441 1424 4514 zagrabiensi

155 4550 338 4607 exolverent
353 4564 389 4607 ac
405 4548 443 4606 de
459 4548 576 4607 eisdem
593 4547 841 4606 satisfaccionem
857 4548 1072 4621 impenderent
1086 4563 1143 4621 pro
1156 4549 1254 4622 ipsius
1267 4549 1422 4606 testatoris

155 4656 258 4713 anime
274 4656 416 4714 salutem.
436 4654 626 4728 Quiquidem
648 4654 780 4725 vlricus,
796 4653 976 4713 Fledericus
991 4670 1026 4712 ac
1042 4654 1161 4728 Caspar
1176 4654 1368 4726 lamberger
1383 4653 1422 4713 ad

157 4761 397 4835 requisitionem
421 4759 601 4818 huiusmodi
624 4759 737 4819 factam
760 4760 1003 4834 responderunt,
1032 4759 1114 4833 quod
1136 4761 1299 4834 pecuniam
1321 4761 1425 4819 inexe-

154 4871 262 4925 cutam
287 4909 418 4925 .....
442 4865 599 4941 predictos
622 4866 833 4940 septingentos
856 4865 1003 4924 tredecim
1027 4865 1159 4924 llorenos
1184 4867 1251 4925 auri
1268 4867 1424 4941 assignare
