3278 5348
183 414 250 518 ι46Ι
590 439 664 500 Dec.
687 434 755 498 116.
780 471 822 483 -
846 440 904 499 An.
929 436 1021 518 1438.

182 655 352 714 maiestatis
375 655 406 714 in
437 653 597 730 presencia
627 654 833 730 personaliter
863 656 1029 731 constituti,
1053 656 1143 714 nobis
1165 657 1236 731 pari
1267 671 1344 715 voce
1367 664 1445 715 retu·

180 762 299 820 lerunt:
323 760 408 835 quod
430 762 505 836 ipsis
527 763 558 821 in
581 762 660 822 festo
691 763 776 821 beati
799 763 913 821 Mathie
943 763 1086 837 apostoli,
1111 763 1255 838 proxime
1287 763 1442 838 preterito,

181 875 212 927 et
232 869 303 929 aliis
325 868 437 927 diebus
459 871 659 944 sequentibus
681 870 722 928 ad
745 869 779 928 id
802 870 882 944 aptis
910 874 941 927 et
963 868 1201 942 sufficientibus,
1225 884 1363 928 unacum
1387 884 1450 927 ma·

182 975 286 1048 gistris
320 976 562 1050 prothonotariis
596 977 680 1035 curie
710 982 816 1036 nostre
846 992 883 1034 ac
918 977 1028 1035 ceteris
1060 977 1219 1051 plerisque
1241 976 1331 1050 regni
1353 976 1450 1035 nostri

181 1082 341 1141 nobilibus
365 1096 424 1157 pro
447 1083 609 1141 audiendis
640 1084 781 1159 ipsarum
805 1084 947 1159 parcium
972 1083 1107 1156 querelis
1130 1080 1315 1158 justiciaque
1338 1081 1449 1141 exinde

183 1189 227 1246 eis
250 1189 465 1255 ministranda¹
486 1190 731 1262 consedentibus,
766 1189 879 1265 prefati
910 1188 1019 1247 Petrus
1048 1189 1127 1247 alias
1159 1185 1254 1264 judex
1276 1195 1307 1246 et
1328 1187 1450 1246 Blasius

181 1293 309 1371 juratus,
333 1298 416 1354 cives
438 1296 520 1354 dicte
544 1298 679 1355 ciuitatis
699 1299 815 1356 rnontis
838 1296 1010 1367 Grecensis,
1042 1295 1105 1353 suis
1128 1309 1165 1352 ac
1187 1295 1288 1352 tocius
1311 1309 1451 1379 commu·

183 1401 287 1460 nitatis
311 1403 427 1461 civium
450 1403 584 1462 civitatis
608 1403 746 1477 predicte
769 1405 800 1462 in
824 1402 975 1477 personis,
1007 1401 1202 1476 presentibus
1237 1399 1361 1475 prelato
1385 1401 1451 1459 Vil-

182 1509 289 1567 helmo
319 1509 490 1567 castellano
513 1510 589 1568 dicti
612 1511 704 1569 castri
728 1510 848 1568 Medwe
871 1525 909 1567 ac
928 1508 1085 1566 anthonio
1109 1508 1246 1565 litterato
1264 1513 1296 1565 et
1309 1507 1452 1590 Johann'e

182 1614 264 1672 dicto
280 1615 378 1688 Wrag
399 1615 437 1673 de
453 1618 666 1689 Maryasouch,
689 1617 851 1690 legittimis
874 1614 1130 1689 procuratoribus
1152 1612 1334 1671 eorumdem
1351 1613 1451 1672 Vlrici

182 1723 304 1780 comitis
327 1729 358 1780 et
373 1723 534 1796 Vylhelmi
550 1724 712 1782 castellani
727 1723 819 1781 castri
838 1722 886 1780 sui
903 1721 1023 1779 Medwe
1040 1719 1176 1791 antefati,
1199 1725 1308 1778 contra
1323 1719 1448 1778 eosdem

182 1843 285 1886 coram
311 1829 386 1903 ipsis
410 1830 498 1888 banis
529 1831 688 1903 conquesti
719 1829 848 1887 fuissent
878 1829 909 1887 in
937 1828 1020 1886 hunc
1054 1826 1199 1885 modum:
1233 1825 1395 1900 quomodo
1419 1828 1449 1913 in

182 1934 260 1991 festo
292 1936 374 1992 beati
405 1935 528 1994 Andree
559 1937 703 2010 apostoli,
739 1937 882 2010 proxime
905 1934 1062 2009 preterito,
1094 1933 1233 2008 prefatus
1256 1932 1448 2006 Vylhelmus

182 2055 255 2096 cum
279 2041 342 2097 suis
365 2043 571 2115 complicibus
593 2042 633 2100 ad
668 2042 780 2100 villam
815 2042 957 2116 ipsorum
992 2040 1149 2112 Pobresya
1183 2044 1326 2097 vocatam
1359 2054 1450 2097 mane

184 2145 323 2204 diluculo
347 2147 507 2220 irruentes,
530 2163 638 2207 omnes
661 2150 759 2207 boves
790 2154 820 2206 et
853 2163 962 2205 vaccas
984 2154 1015 2205 et
1036 2147 1161 2217 vitulos,
1195 2160 1314 2204 necnon
1336 2160 1449 2220 porcos

180 2252 296 2315 lardos.
320 2255 414 2327 palia,
439 2257 556 2313 tunicas
579 2257 687 2314 viriles
710 2273 746 2314 ac
761 2262 862 2314 vestes
881 2254 1061 2326 muliebres,
1084 2253 1168 2312 ferra
1189 2253 1295 2324 aratri,
1318 2253 1448 2326 ligones,

181 2358 326 2418 falcastra
349 2375 385 2418 ac
408 2375 516 2419 omnes
539 2378 587 2420 res
611 2369 641 2421 et
664 2363 746 2420 bona
779 2363 943 2420 hominum
976 2366 1006 2419 et
1036 2361 1211 2419 concivium
1243 2361 1387 2433 ipsorum
1417 2361 1448 2417 in

182 2465 293 2524 eadem
316 2467 395 2524 villa
419 2470 683 2527 commorancium
700 2469 897 2541 recepissent,
921 2472 952 2526 et
974 2466 1014 2524 ad
1038 2466 1157 2525 dictum
1174 2472 1311 2523 castrum
1327 2465 1450 2523 Medwe

182 2571 388 2632 deduxissent.
410 2574 444 2631 In
469 2590 531 2648 qua
552 2575 631 2633 villa
654 2575 714 2648 ipsi
730 2574 872 2632 homines
895 2579 926 2631 et
948 2575 1031 2631 cives
1055 2573 1128 2646 plus
1151 2587 1247 2645 quam
1269 2577 1396 2630 centum
1420 2578 1450 2629 et

183 2679 406 2753 quinquaginta
427 2680 560 2739 florenos
584 2682 652 2739 auri
676 2680 813 2754 dampna
836 2680 1055 2753 percepissent
1079 2678 1147 2736 Hiis
1170 2677 1285 2735 auditis
1307 2676 1449 2752 prefatus

183 2784 371 2857 Vylhelmus
395 2788 582 2845 castellanus
616 2787 821 2862 personaliter
845 2802 880 2843 ac
904 2784 1019 2860 prelati
1040 2785 1214 2842 Anthonius
1236 2784 1450 2858 litteratuset

182 2891 338 2973 Johannes
361 2892 460 2967 Wrag
490 2895 529 2951 de
563 2895 776 2966 Maryasovch,
800 2898 1017 2967 procuratores
1051 2891 1198 2964 legittimi
1232 2891 1449 2965 predictorum

183 2998 281 3056 Vlrici
305 3001 427 3057 comitis
451 3006 481 3058 et
503 3001 665 3073 Vylhelmi
687 2999 848 3059 castellani
870 3000 926 3074 sui,
950 3013 1056 3056 coram
1079 2997 1196 3055 eisdem
1220 2997 1311 3055 banis
1334 2999 1448 3057 nostris

182 3109 324 3177 astantes,
348 3106 594 3179 respondissent:
630 3107 714 3179 quod
745 3109 851 3180 aliqua
884 3106 1020 3180 dampna
1044 3103 1128 3162 idem
1150 3103 1340 3175 Vylhelmus
1376 3119 1449 3161 cum

181 3211 244 3267 suis
268 3212 474 3285 complicibus
498 3214 576 3270 villa
607 3214 638 3270 in
662 3213 771 3271 eadem
801 3214 870 3287 ipso
894 3212 944 3269 die
976 3210 1116 3269 diluculo
1141 3209 1362 3280 commisisset,
1395 3208 1450 3267 sed

181 3332 241 3373 non
266 3317 297 3372 in
321 3323 405 3374 tanto
428 3334 559 3376 numero
583 3324 613 3377 et
636 3320 751 3390 valore,
783 3324 877 3392 prout
900 3318 961 3391 ipsi
992 3318 1075 3375 cives
1105 3323 1212 3374 contra
1242 3317 1349 3391 ipsum
1373 3316 1449 3388 Vyl-

182 3422 322 3479 helmum
347 3425 588 3496 proposuissent.
612 3426 679 3482 Hoc
706 3431 853 3499 percepto
877 3424 937 3497 ipsi
960 3423 1033 3479 bani
1052 3422 1151 3480 nostri
1173 3437 1246 3480 cum
1269 3422 1360 3481 dictis
1383 3437 1449 3480 ma·

182 3529 286 3599 gistris
310 3530 422 3585 nostris
444 3531 687 3601 prothonotariis
703 3537 732 3588 et
756 3532 825 3588 aliis
843 3529 1049 3587 assessoribus
1066 3527 1149 3585 facto
1163 3528 1195 3585 in
1211 3526 1321 3592 eodem
1345 3529 1450 3587 taliter

182 3634 323 3690 arbitrati
347 3632 490 3692 luissent:
523 3637 607 3708 quod
638 3637 779 3694 homines
803 3638 833 3693 in
865 3641 1004 3709 pretacta
1028 3634 1105 3692 villa
1129 3634 1286 3706 Pobresya
1309 3641 1450 3719 commo·-

181 3746 283 3796 rantes
307 3741 483 3797 incivitate
514 3748 653 3815 pretacta
684 3744 798 3800 montis
829 3741 991 3800 Grecensis
1014 3744 1045 3798 in
1076 3740 1206 3798 ecclesia
1229 3741 1327 3798 sancti
1348 3742 1447 3800 Marci

181 3847 212 3903 in
236 3845 345 3903 eadem
369 3852 551 3918 constructa,
576 3864 679 3906 coram
705 3864 766 3906 uno
789 3864 827 3905 ex
850 3846 1005 3922 judicibus
1028 3846 1184 3904 nobilium
1208 3847 1374 3904 comitatus
1397 3822 1447 3905 zass

181 3955 362 4026 grabiensis,
385 3957 434 4012 cui
458 3957 531 4013 illac
555 3957 750 4029 presentibus
771 3957 815 4014 ire
839 3953 992 4030 jubemus,
1026 3968 1121 4027 super
1154 3953 1301 4026 pretactis
1323 3960 1449 4010 centum

181 4065 210 4117 et
233 4062 456 4135 quinquaginta
479 4063 601 4121 ssorenis
632 4065 699 4121 auri
734 4064 868 4137 quilibet
899 4077 1007 4120 eorum
1037 4077 1131 4135 super
1153 4074 1215 4118 uno
1238 4059 1356 4119 floreno
1380 4059 1447 4119 auri

181 4168 309 4241 propria
332 4169 363 4224 in
387 4182 517 4241 persona
542 4174 652 4226 octavo
676 4170 725 4227 die
750 4170 807 4227 fest
834 4171 948 4227 Pasche
982 4168 1108 4239 domini,
1140 4168 1284 4241 proxime
1316 4168 1448 4236 venturi,

180 4269 282 4346 jurare
308 4280 455 4345 teneatur,
480 4275 601 4347 ipsique
617 4276 742 4334 Vlricus
766 4291 869 4332 comcs
893 4284 922 4332 et
946 4274 1134 4346 Vylhelmus
1158 4274 1345 4332 castellanus
1369 4275 1448 4354 eius·

181 4377 254 4435 dem
277 4381 361 4451 ipsos
393 4387 517 4437 centum
547 4388 577 4439 et
601 4383 823 4455 quinquaginta
857 4381 989 4438 ilorenos
1019 4380 1087 4437 auri
1118 4379 1235 4437 eisdem
1266 4381 1395 4454 populis
1419 4382 1448 4455 et

181 4484 361 4542 hominibus
384 4486 507 4543 solvere
531 4488 724 4547 tenebuntur.
756 4489 843 4558 Item,
875 4486 958 4560 quod
989 4486 1097 4544 eodem
1123 4487 1182 4560 die,
1213 4492 1290 4561 puta
1312 4488 1344 4545 in
1368 4487 1447 4573 festo

181 4591 277 4647 sancti
301 4591 425 4649 Andree
448 4594 593 4666 apostoli,
610 4595 751 4667 proxime
768 4595 926 4668 preterito,
950 4593 1032 4649 idern
1049 4592 1239 4665 Vylhelmus
1262 4609 1335 4652 curn
1357 4594 1448 4653 dictis

180 4696 244 4754 suis
267 4697 474 4770 complicibus
509 4699 548 4756 ad
581 4700 692 4758 villam
727 4700 868 4758 Gradsan
903 4697 1042 4756 eiusdem
1072 4699 1207 4758 civitatis
1236 4701 1386 4763 irruendo
1406 4701 1448 4761 ab

181 4802 360 4861 hominibus
391 4818 443 4860 seu
477 4807 657 4865 concivibus
686 4807 717 4865 in
748 4806 857 4864 eadem
892 4806 1158 4881 commorantibus
1194 4806 1303 4867 decem
1337 4808 1448 4884 boves,

180 4917 250 4967 octo
274 4924 392 4982 vaccas,
416 4911 621 4986 quadraginta
645 4928 766 4986 porcos,
780 4917 913 4986 quatuor
929 4909 1045 4982 lardos,
1069 4913 1207 4986 quinque
1229 4915 1324 4989 palia,
1347 4914 1449 4991 quod·
