3278 5348
306 763 386 810 Anno
408 773 482 824 1433,
503 762 543 812 28.
563 759 683 809 octobris.
705 757 830 806 Basileae.

202 888 411 958 Stirisrrrurrdirr,
435 889 613 966 Hurrgrrriiie
636 905 698 954 rex,
720 883 904 956 Rudoftltum
920 883 1071 951 Albanum,
1087 884 1140 958 qui
1153 902 1190 939 ex
1198 882 1352 958 johannis
1368 883 1466 940 artent

200 996 322 1067 episcopi
342 1003 505 1052 testatricnto
528 992 679 1052 rtiiriidirrm
706 992 797 1065 pretii
823 991 914 1047 castri
942 989 1054 1047 Kriuur
1081 997 1110 1046 et
1136 989 1262 1046 ciuitatis
1295 988 1464 1061 Kuproncae

199 1103 359 1158 testurrrcriti
376 1101 571 1158 executoribus
595 1118 651 1155 nun
674 1098 847 1170 assignavit,
869 1095 1059 1171 reprehendit,
1074 1097 1153 1170 eique
1160 1104 1288 1169 poenam
1304 1095 1460 1152 minitatur.

813 1235 967 1284 Commissio
986 1234 1090 1299 propria
1109 1234 1205 1283 domini
1224 1233 1396 1297 imperatoris.

302 1349 518 1422 sigismundus
542 1349 591 1406 dei
615 1349 719 1420 gracia
734 1348 946 1405 Romanorum
967 1347 1146 1420 imperator,
1163 1360 1288 1418 semper
1307 1348 1462 1417 augustus,

197 1472 232 1513 ac
249 1457 415 1529 Hungarie‚
434 1455 587 1523 bohemie,
604 1455 773 1524 Dalmacie,
790 1453 918 1511 Croacie
935 1458 991 1510 etc.
1009 1469 1072 1511 rex.
1096 1451 1195 1510 Fideli
1211 1457 1317 1509 nostro
1341 1450 1463 1524 egregio

197 1562 336 1619 Rudolfo
360 1561 398 1618 de
421 1561 540 1618 lifedwe
564 1561 641 1617 alias
666 1559 704 1617 de
729 1561 830 1617 Alben
855 1559 986 1616 salutem
1012 1563 1042 1615 et
1057 1558 1202 1631 graciam.
1227 1555 1274 1614 Ad
1293 1563 1398 1615 nostre
1414 1556 1463 1613 de·

196 1668 324 1725 ductum
355 1672 400 1725 est
430 1667 575 1724 noticiam
605 1666 783 1737 maiestatis,
814 1664 899 1738 quod
933 1665 1005 1721 licet
1036 1663 1167 1721 condam
1198 1662 1390 1720 reverendus
1411 1662 1462 1719 do·

197 1775 299 1831 minus
320 1774 476 1856 Johannes
506 1773 671 1846 episcopus
704 1772 919 1844 zagrabiensis‚
953 1770 1048 1828 frater
1072 1776 1151 1841 tuus,
1175 1771 1206 1827 in
1229 1769 1293 1825 suis
1316 1770 1462 1826 extremis

196 1879 347 1937 directam
377 1879 576 1936 medietatem
612 1885 676 1936 tam
710 1884 813 1936 nostre
848 1879 981 1936 civitatis
1017 1877 1198 1949 Kaproncza
1233 1889 1329 1946 quam
1366 1876 1461 1932 eciam

195 1987 287 2043 castri
310 1987 407 2043 nostri
431 1986 545 2042 Kewar
568 1991 597 2042 et
621 2001 747 2043 suarum
771 1985 1032 2058 pertinenciarum
1055 1989 1300 2052 cunctorumque
1329 1995 1460 2053 proven·

195 2099 284 2149 tuum
308 2091 489 2148 eorumdem
513 2093 616 2165 ipsum
641 2091 771 2148 condam
804 2091 967 2149 dominum
997 2090 1181 2162 episcopum
1204 2086 1298 2144 titulo
1321 2087 1460 2160 pignoris

194 2199 395 2254 amaiestate
426 2203 532 2254 nostra
560 2198 815 2254 concernencium
840 2197 880 2254 ad
907 2196 1059 2254 fabricam
1091 2194 1218 2252 ecclesie
1248 2195 1346 2251 sancti
1380 2194 1461 2266 regis

196 2301 343 2375 Stephani
367 2304 574 2376 zagrabiensis
597 2304 853 2360 testamentaiiter
887 2302 1039 2374 legaverit
1063 2317 1120 2374 per
1143 2306 1322 2357 executores
1347 2301 1394 2357 sui
1419 2307 1460 2357 te-

194 2410 337 2465 stamenti
361 2425 459 2482 usque
483 2417 606 2482 tempus
629 2409 856 2482 redempcionis
879 2408 1060 2466 earumdem
1084 2408 1218 2465 civitatis
1236 2412 1266 2463 et
1282 2408 1375 2465 castri
1391 2422 1460 2465 con·

197 2515 382 2572 servandam
406 2523 435 2573 et
460 2531 517 2590 pro
541 2516 719 2573 huiusmodi
743 2515 862 2574 fabrica
884 2523 977 2588 atque
999 2516 1108 2573 labore
1125 2515 1221 2588 ipsius
1239 2513 1369 2570 ecclesie
1385 2513 1460 2571 fide·

195 2620 266 2677 liter
289 2621 521 2694 percipiendam
548 2628 578 2678 et
599 2621 838 2695 dispensandam
863 2622 1051 2695 disposuerit
1071 2630 1101 2678 et
1117 2620 1317 2677 commiserit.
1342 2619 1460 2678 Tamen

193 2731 234 2796 tu,
258 2727 389 2783 nescitur
414 2742 475 2799 qua
499 2727 611 2784 ductus
634 2729 879 2801 presumpcione,
904 2729 1005 2801 ipsam
1030 2726 1229 2784 medietatem
1247 2725 1459 2798 predictarum

192 2832 324 2889 civitatis
348 2839 377 2889 et
401 2835 493 2890 castri
516 2849 706 2906 suarumque
728 2835 989 2906 pertinenciarum
1021 2834 1205 2890 memoratis
1240 2833 1460 2890 executoribus

193 2936 267 2994 dare
297 2944 327 2994 et
357 2940 515 2996 remittere
538 2939 730 3012 denegasses,
761 2955 868 3011 ymmo
893 2939 977 3013 quod
1009 2938 1145 2996 deterius
1175 2946 1229 3010 est,
1260 2939 1358 2995 eciam
1390 2955 1459 3012 pre-

191 3042 290 3100 dictos
315 3051 484 3132 proventus
521 3062 558 3101 ex
594 3047 661 3118 ipsa
695 3046 860 3104 medietate
896 3047 1030 3103 civitatis
1069 3051 1099 3102 et
1137 3045 1238 3115 castri,
1268 3059 1459 3118 suarumque

189 3150 448 3222 pretinenciarum
487 3152 698 3226 predictarum
735 3155 970 3227 provenientes,
1012 3154 1096 3227 ipsos
1134 3158 1312 3210 executores
1356 3154 1455 3226 perci·

189 3271 264 3328 pere
299 3262 329 3312 et
362 3258 469 3314 levare
499 3275 560 3316 non
583 3259 762 3317 admisisses
785 3261 816 3317 in
841 3262 884 3317 tui
908 3260 1034 3318 honoris
1069 3259 1250 3317 soeadalum
1287 3263 1317 3316 et
1347 3260 1457 3318 salutis

190 3368 241 3418 tue
276 3363 377 3419 anime
413 3364 550 3421 notabile
595 3365 823 3425 detrimentum.
870 3367 907 3422 Et
950 3367 1022 3438 quia
1056 3381 1112 3423 nos
1155 3364 1331 3439 predictum
1366 3372 1458 3424 testa·

189 3472 328 3523 mentum
363 3467 488 3525 antefati
524 3469 654 3527 condam
692 3471 808 3530 domini
852 3472 1011 3546 episcopi,
1054 3471 1159 3529 fratris
1190 3473 1256 3545 tui,
1295 3471 1379 3546 quod
1416 3471 1456 3530 ad

188 3572 240 3645 pia
264 3577 294 3628 et
317 3572 455 3630 salubria
478 3590 573 3647 opera
604 3576 762 3634 conditum
795 3583 849 3649 est,
874 3579 905 3636 in
936 3594 992 3636 suo
1028 3579 1136 3651 vigore
1172 3579 1319 3635 volumus
1354 3594 1455 3637 rema·

188 3693 269 3748 nere,
306 3677 376 3735 ideo
411 3679 554 3738 fidelitati
585 3687 636 3738 tue
668 3682 847 3742 firmissime
878 3686 1068 3758 precipimus
1096 3691 1125 3742 et
1148 3684 1343 3756 mandamus,
1380 3702 1454 3760 qua·

187 3787 274 3840 tenus
298 3785 403 3842 habita
427 3788 624 3858 presencium
649 3791 760 3847 noticia
785 3807 878 3865 super
901 3792 1046 3849 omnibus
1077 3785 1281 3865 proventibus
1305 3792 1454 3865 predictis

187 3906 224 3946 ex
246 3891 391 3949 iamdicta
423 3893 588 3951 medietate
620 3896 753 3953 civitatis
786 3903 815 3954 et
847 3900 939 3957 castri
971 3915 1161 3972 suarumque
1191 3900 1453 3973 pertinenciarum

186 3995 397 4068 predictarum
428 4015 485 4071 per
516 4007 545 4056 te
577 4016 656 4058 anno
687 4003 717 4059 in
754 4006 889 4076 presenti
915 4007 1073 4079 perceptis
1097 4006 1286 4079 pretitulatis
1309 4013 1453 4065 executo-

184 4102 272 4159 ribus
307 4107 481 4162 testamenti
512 4109 664 4179 prenotati
690 4110 828 4182 plenarie
853 4111 1029 4168 satisfacere
1053 4111 1176 4184 debeas,
1199 4112 1365 4185 ipsamque
1389 4129 1452 4172 me·

185 4206 330 4265 dietatem
355 4211 488 4268 civitatis
513 4218 542 4269 et
566 4216 657 4271 castri
688 4231 724 4272 ac
760 4232 885 4273 suarum
922 4220 1182 4290 pertinenciarum
1217 4224 1452 4291 prenotatarum

185 4313 331 4385 sepefatis
373 4320 590 4374 executoribus
632 4321 802 4378 secundum
844 4321 978 4379 formam
1015 4324 1146 4397 predicti
1182 4326 1358 4383 testamenti
1394 4343 1452 4400 per

183 4419 286 4492 ipsum
311 4420 442 4478 condam
466 4422 628 4479 dominum
652 4427 844 4499 episcopum,
870 4428 998 4485 fratrem
1023 4440 1121 4501 tuum,
1144 4430 1269 4501 conditi,
1289 4433 1449 4491 remittere

183 4530 213 4581 et
236 4525 391 4597 resignare
415 4527 529 4584 debeas
553 4529 698 4586 omnibus
720 4533 821 4590 modis
845 4540 874 4590 et
898 4552 952 4591 nec
976 4542 1005 4591 te
1028 4538 1222 4610 peramplius
1246 4537 1284 4595 de
1308 4539 1449 4612 predicta

182 4629 348 4688 medietate
372 4633 505 4690 civitatis
529 4639 557 4691 et
575 4637 666 4693 castri
687 4652 722 4694 ac
746 4654 873 4696 suarum
891 4642 1159 4714 pertinenciarum,
1175 4650 1449 4720 proventuumque

182 4740 212 4792 et
235 4751 503 4811 quarumcumque
527 4742 755 4801 obvencionum
780 4761 887 4804 earum
912 4749 1118 4806 intromittere
1149 4766 1312 4822 presumas
1334 4752 1448 4827 quovis

182 4841 288 4914 mode,
313 4845 495 4917 quinymmo
534 4848 634 4920 ipsam
669 4851 826 4909 civitatem
851 4859 880 4910 et
904 4860 1038 4912 castrum
1069 4871 1139 4912 cum
1163 4857 1227 4914 suis
1250 4861 1448 4931 pertinenciis
