3278 5348
607 413 680 471 Dec.
705 426 771 487 155.
796 445 838 454 -
861 412 917 468 An.
940 425 1029 488 1441.

781 618 859 689 133.

292 764 373 812 Anno
396 775 471 826 1441,
490 776 516 824 9.
533 764 615 827 Junii.
636 764 784 827 Zagrabine.

195 889 298 946 Coram
315 890 466 966 Johannc,
497 889 610 948 Cistcrc.
633 890 749 964 eugrub.
773 890 881 959 abbate,
911 888 1061 947 Conradus
1076 890 1201 948 Ravsar
1216 887 1340 946 Seboldo
1355 888 1452 963 Majcr

283 997 394 1053 ‹lonrrem
416 1015 507 1066 suam,
532 1015 606 1070 quae
629 998 722 1054 estin
752 995 926 1069 Opatovina,
950 997 1032 1053 certis
1054 995 1260 1053 conditionibus
1282 994 1364 1056 cedit.

294 1160 356 1218 Nos
389 1159 484 1217 trater
506 1160 661 1242 Johannes
684 1160 783 1217 abbas
805 1159 985 1217 monasterii
1016 1159 1105 1216 beate
1135 1157 1233 1215 Marie
1263 1156 1395 1229 virginis
1417 1155 1452 1212 de

186 1265 344 1337 Zagrabia,
362 1271 504 1339 totusque
524 1271 692 1324 conventus
705 1264 837 1323 fratrum
854 1266 915 1323 loci
931 1263 1078 1336 eiusdem,
1094 1262 1307 1322 Cistercieusis
1324 1260 1453 1320 ordinis.

187 1372 335 1429 Memorio
359 1371 613 1429 commendamus
630 1377 733 1430 tenore
758 1372 954 1446 presencium
970 1370 1186 1443 significantes,
1202 1369 1319 1442 quibus
1331 1367 1454 1442 expedit

186 1478 347 1549 universis,
378 1477 462 1550 quod
486 1477 636 1552 providus
657 1478 706 1535 vir
726 1477 895 1545 Conradus,
920 1478 1048 1533 Rawsar
1069 1475 1178 1548 dictus,
1203 1474 1241 1532 de
1275 1471 1453 1531 Landeshut

187 1583 217 1640 in
242 1598 296 1640 sua
320 1598 355 1640 ac
378 1583 509 1657 provide
534 1583 658 1641 domine
673 1584 812 1641 Elizabet
828 1589 944 1653 vocate,
958 1582 1108 1640 consortis
1124 1596 1187 1650 sue,
1212 1580 1353 1654 personis
1377 1594 1453 1637 onus

186 1690 285 1764 ipsius
309 1698 338 1748 et
361 1706 531 1763 gravamen
555 1707 611 1764 per
634 1691 738 1749 omnia
762 1691 792 1747 in
823 1707 856 1747 so
890 1691 995 1763 ipsum
1029 1686 1280 1763 assumpmendo‚
1315 1693 1454 1744 nostram

188 1797 314 1853 veniens
338 1797 369 1854 in
392 1798 586 1871 presenciam
624 1796 782 1854 confessus
817 1804 862 1853 est
899 1796 930 1852 in
965 1796 1048 1852 hunc
1085 1793 1231 1853 modum:
1266 1792 1353 1866 quod
1388 1793 1452 1867 ipse

186 1917 319 1959 unacum
342 1901 424 1960 dicta
446 1902 571 1961 domina
594 1908 736 1960 consorte
759 1917 814 1958 sua
837 1902 955 1959 curiam
979 1917 1033 1958 seu
1064 1901 1194 1957 domum
1224 1900 1370 1973 ipsorum
1402 1899 1451 1956 hic

186 2007 336 2080 Zagrabie
359 2009 389 2066 in
424 2009 493 2065 vico
528 2008 603 2066 dicti
637 2008 816 2065 monasterii
850 2008 948 2065 nostri
977 2007 1057 2065 inter
1091 2005 1222 2063 fundum
1246 2021 1301 2062 seu
1323 2004 1453 2063 domum

187 2114 409 2186 prebendalem
431 2114 491 2171 viri
527 2113 651 2171 discreti
687 2112 805 2171 domini
840 2113 945 2184 llarci,
966 2113 1053 2170 chori
1087 2112 1215 2169 ecclesie
1238 2110 1448 2184 zagrabiensis

186 2218 384 2294 prebendarii
407 2235 425 2276 a
448 2225 537 2293 parte
560 2219 712 2291 orientali,
737 2227 766 2276 et
789 2234 807 2276 a
831 2225 918 2292 parte
944 2218 1141 2276 meridionali
1172 2218 1258 2275 viam
1281 2217 1452 2291 publicam,

185 2341 303 2384 necnon
326 2342 344 2383 a
368 2333 456 2399 parte
490 2324 674 2384 occidentali
708 2326 864 2399 capellam
899 2325 996 2382 sancti
1032 2323 1184 2381 Leonardi
1215 2323 1401 2380 existentem
1423 2326 1453 2380 et

185 2431 335 2504 habitam,
359 2433 443 2507 ipsos
468 2433 619 2504 legittime
653 2437 830 2504 tangentem
865 2438 895 2488 et
928 2437 1171 2500 concernentem‚
1194 2444 1266 2486 cum
1304 2429 1451 2486 omnibus

185 2538 283 2611 ipsius
307 2539 391 2596 curie
415 2553 468 2595 seu
485 2537 572 2595 fundi
588 2539 731 2611 ipsorum
747 2552 783 2594 ac
808 2535 938 2595 edificiis
954 2536 1121 2594 domorum
1133 2541 1163 2593 et
1175 2535 1305 2593 cellario
1328 2535 1450 2593 subter·

184 2659 278 2702 raueo
301 2646 359 2702 sub
390 2643 507 2702 eisdem
527 2644 672 2702 domibus
695 2643 803 2701 habito
826 2650 856 2701 et
879 2643 1054 2716 specialiter
1081 2642 1143 2699 alia
1177 2640 1342 2699 medietate
1367 2642 1451 2699 curie

184 2750 322 2809 eiusdem
358 2767 415 2824 per
448 2752 586 2809 nobilem
625 2752 729 2808 virum
764 2748 946 2820 Seboldum,
983 2748 1101 2806 dictum
1125 2750 1241 2820 ltlayer‚
1264 2748 1451 2820 magistrum

184 2859 315 2930 coquine
337 2859 468 2916 illustris
491 2858 675 2932 principisse
699 2855 824 2914 domine
847 2855 1039 2913 conthoralis
1062 2855 1193 2913 illustris
1218 2855 1370 2928 principis
1393 2854 1447 2912 do·

185 2965 261 3023 mini
277 2965 384 3036 Vlrici,
409 2965 488 3023 Cilie
509 2971 564 3022 etc.
588 2965 709 3021 comitis
733 2963 864 3020 anobis
887 2976 946 3036 pro
970 2969 1104 3035 quatuor
1118 2960 1242 3018 florenis
1254 2962 1323 3019 auri
1347 2968 1452 3036 empte

185 3077 214 3128 et
234 3079 411 3145 comparate
443 3078 471 3129 et
495 3071 595 3129 eidem
619 3070 703 3127 curie
727 3070 789 3126 iam
813 3068 930 3125 adnexe
954 3067 1091 3125 totaliter
1112 3072 1141 3124 et
1172 3066 1316 3140 aplicate,
1348 3067 1451 3125 eidem

184 3174 320 3234 Seboldo
345 3193 380 3234 ac
403 3179 466 3236 suis
487 3176 654 3234 heredibus
677 3181 706 3233 et
731 3174 963 3248 posteritatibus
975 3173 1126 3231 universis
1142 3173 1200 3230 sub
1217 3172 1452 3232 condicionibus

184 3286 215 3338 et
248 3283 458 3340 solucionibus
500 3282 706 3355 infrascriptis
740 3286 891 3355 perpetuo
926 3284 956 3337 et
993 3278 1241 3337 irrevocabiliter
1274 3278 1450 3350 tenendam,

185 3388 413 3461 possidendam,
436 3390 553 3463 pariter
577 3395 606 3446 et
629 3387 805 3445 habendam
830 3394 897 3443 tum
920 3386 961 3443 ob
985 3399 1221 3458 recompensam
1243 3383 1305 3442 alie
1340 3383 1452 3443 domus

183 3508 237 3550 seu
261 3494 343 3550 curie
359 3495 456 3566 ipsius
477 3493 614 3564 Seboldi,
630 3494 739 3566 vigore
755 3498 909 3550 certarum
925 3491 1059 3549 aliarum
1076 3491 1252 3549 litterarum
1266 3495 1447 3549 nostrarum

183 3596 298 3655 eisdem
322 3598 465 3656 Conrado
489 3607 518 3657 et
541 3601 665 3658 domine
687 3615 741 3657 sue
764 3599 899 3656 consorti
911 3597 982 3654 date
1004 3602 1034 3654 et
1056 3598 1217 3669 assignate,
1240 3601 1310 3653 tum
1333 3597 1449 3655 etenim

183 3718 240 3777 pro
253 3704 457 3777 quadraginta
472 3706 595 3764 florenis
611 3707 678 3763 auri
694 3722 750 3780 per
764 3706 868 3778 ipsum
884 3703 1056 3762 Seboldum
1072 3702 1188 3761 eisdem
1211 3702 1352 3776 plenarie
1369 3702 1449 3762 datis

183 3816 213 3866 et
238 3809 414 3883 persolutis,
428 3827 485 3883 per
501 3813 630 3870 modum
654 3812 816 3869 cambialis
832 3809 1081 3884 permutacioniS‚
1099 3807 1263 3880 dedissent,
1280 3807 1448 3867 donassent

183 3920 213 3971 et
236 3915 443 3986 contulissent,
477 3933 584 3988 ymmo
620 3918 703 3975 idem
736 3915 897 3974 Conradus
931 3916 1059 3972 Rawsar
1082 3928 1139 3972 suo
1161 3919 1192 3972 et
1220 3914 1346 3973 nomine
1382 3928 1444 3989 quo

183 4035 286 4092 supra,
303 4018 396 4093 dedit,
420 4020 546 4080 donavit
569 4030 599 4081 et
622 4023 752 4081 contulit
767 4038 872 4080 coram
893 4023 984 4079 nobis
1000 4022 1042 4079 ita
1058 4026 1170 4091 tamen,
1194 4018 1279 4093 quod
1304 4019 1444 4094 prefatus

182 4120 335 4182 Seboldus
358 4131 387 4182 et
410 4125 484 4185 dicti
507 4129 604 4201 ipsius
627 4127 755 4187 heredes
778 4135 808 4186 et
831 4143 1021 4186 successores
1037 4127 1174 4185 universi
1197 4125 1236 4183 de
1257 4125 1328 4199 ipsa
1361 4127 1448 4185 curia

182 4244 236 4285 seu
257 4228 350 4287 domo
373 4232 405 4288 in
428 4231 505 4289 festo
536 4235 619 4292 beati
643 4234 769 4307 Georgii
792 4235 927 4292 martiris
962 4233 1108 4291 ducentos
1143 4230 1284 4289 denarios
1321 4238 1445 4291 monete

183 4335 299 4391 usualis
321 4351 380 4408 pro
403 4345 543 4410 tempore
566 4341 615 4398 hic
639 4341 788 4413 Zagrabie
808 4341 968 4410 currentis,
992 4355 1028 4396 ac
1050 4340 1110 4397 tria
1143 4353 1271 4396 munera
1301 4339 1396 4397 solita
1419 4343 1451 4396 et

183 4448 328 4497 consveta
344 4447 461 4515 utputa,
484 4461 581 4502 unum
606 4463 717 4504 munus
737 4447 861 4505 infesto
879 4447 970 4504 Pasce
987 4445 1115 4516 domini,
1131 4443 1275 4502 videlicet
1293 4443 1363 4504 XII.
1379 4459 1451 4518 ova,

182 4557 280 4600 unum
304 4561 428 4604 caseum
451 4556 480 4606 et
504 4565 562 4623 pro
586 4565 647 4609 uno
671 4552 796 4610 denario
819 4569 914 4626 panes
927 4572 934 4624 ;
957 4567 1074 4610 necnon
1098 4553 1129 4609 in
1153 4549 1231 4608 testo
1255 4551 1341 4609 beati
1363 4541 1444 4625 regis

183 4644 330 4720 Stephani
353 4654 522 4711 secundum
546 4671 666 4728 munus,
691 4659 840 4716 videlicet
863 4659 939 4718 duos
964 4659 1067 4733 pullos
1102 4659 1200 4715 bonos
1233 4663 1264 4714 et
1299 4657 1444 4716 similiter

184 4764 242 4824 pro
264 4769 325 4811 uno
349 4755 474 4815 denario
498 4776 601 4833 panes,
625 4767 654 4818 et
678 4761 756 4820 festo
772 4765 940 4823 nativitatis
954 4765 1069 4822 Christi
1093 4763 1297 4822 consimiliter
1312 4764 1445 4822 tercium

180 4870 302 4931 munus,
327 4861 471 4921 videlicet
494 4864 572 4924 duos
596 4867 693 4927 bonos
716 4884 848 4943 capones
871 4878 901 4928 et
924 4885 982 4944 pro
1005 4883 1066 4927 uno
1082 4868 1209 4927 denario
1231 4883 1336 4943 panes,
1352 4869 1440 4929 annis
