3278 5348
624 448 699 509 Doc.
726 462 794 506 120.
820 479 862 491 —
885 448 940 506 An.
965 442 1057 525 1438.
1407 464 1465 523 159

198 673 305 726 rerum
343 672 374 724 et
407 648 563 724 bonomm
591 664 690 737 ipsius
714 664 843 722 ecclesie
866 669 896 721 et
917 665 1046 738 capituli
1068 664 1101 721 in
1124 663 1233 722 eadem
1256 663 1335 721 turri
1358 664 1467 722 consti·

195 779 301 847 tutum
325 786 436 848 capere
471 776 502 830 et
524 759 701 830 interficere
722 776 904 843 satagentes,
927 770 1036 845 positis
1058 770 1159 828 eidem
1181 769 1325 828 hincinde
1350 769 1469 829 insidiis

192 856 345 964 pluribus
369 858 492 951 diebus,
517 878 644 937 eosdern
667 878 861 952 spoliassent,
884 883 913 934 et
936 881 971 935 ut
993 877 1077 951 ipsos
1101 877 1262 935 canonicos
1292 877 1389 951 ipsius
1419 893 1467 935 ca-

192 980 289 1060 pituli
321 985 441 1059 absque
476 999 552 1044 sono
587 999 738 1058 campane
772 990 801 1041 et
835 985 900 1041 sine
923 984 1054 1057 strepitu
1077 984 1225 1041 clamoris
1248 983 1412 1041 hominum
1436 984 1466 1041 in

194 1091 348 1150 domibus
380 1075 489 1149 eorum
525 1091 663 1149 incautos
698 1090 836 1164 reperire
859 1090 1040 1164 potuissent,
1065 1097 1167 1148 erecto
1192 1089 1309 1147 vexillo
1333 1091 1365 1146 in
1389 1090 1467 1147 turri

194 1198 327 1257 ecclesie
361 1186 459 1257 sancti
491 1198 587 1256 Marci
622 1198 653 1255 in
688 1196 770 1254 dicta
794 1203 898 1254 monte
922 1195 1067 1255 Grecensi
1091 1197 1206 1266 habita,
1231 1211 1338 1254 omnes
1361 1196 1467 1254 unani·

194 1305 290 1363 miter
324 1306 437 1364 armati
472 1304 512 1362 ad
543 1303 754 1362 invadendum
790 1301 909 1361 dictum
932 1304 1106 1378 capitulum
1128 1303 1257 1361 fuissent
1280 1304 1467 1375 congregati,

195 1417 225 1469 et
247 1411 308 1496 nisi
332 1410 415 1469 idem
440 1411 603 1486 Ladislaus
627 1410 666 1467 de
689 1410 828 1491 Davvoch
852 1411 1078 1467 concanonicus
1101 1425 1209 1467 eorum
1230 1411 1262 1467 in
1285 1408 1366 1467 dicta
1390 1410 1469 1468 turri

195 1516 296 1591 ipsius
331 1519 460 1593 capituli
496 1518 638 1589 existens,
673 1532 831 1574 rumorem
867 1516 977 1590 populi
1013 1522 1042 1572 et
1077 1516 1251 1573 discursum
1275 1520 1467 1573 armatorum

195 1623 362 1691 hominum
384 1631 414 1682 et
436 1624 619 1696 sagittarum
642 1622 785 1681 hincinde
808 1623 965 1696 pervices
988 1628 1018 1679 et
1035 1621 1154 1694 plateas
1182 1637 1291 1679 eorum
1318 1623 1466 1694 senciens,

197 1735 301 1788 erecto
325 1745 429 1804 panno
447 1730 529 1788 lineo
545 1731 576 1788 in
592 1744 655 1788 uno
679 1729 793 1787 baculo
816 1729 919 1802 ligneo
943 1729 1019 1802 ipsis
1042 1729 1195 1785 canonicis
1218 1735 1248 1786 et
1270 1730 1354 1787 clero
1369 1730 1467 1803 ipsius

197 1836 327 1894 ecclesie
350 1836 560 1909 zagrabiensis
583 1836 622 1893 de
646 1836 724 1894 turri
747 1837 870 1908 signum
896 1834 1038 1903 dedisset,
1062 1842 1092 1891 et
1122 1835 1182 1907 ipsi
1207 1835 1265 1892 hoc
1288 1837 1375 1908 signo
1398 1837 1467 1893 viso

199 1946 228 1998 et
250 1942 409 2000 intellecto
433 1958 504 1999 cum
528 1943 622 2000 rebus
645 1947 676 1999 et
700 1943 788 1999 bonis
812 1957 919 1999 eorum
943 1941 983 1998 ad
1014 1941 1177 1998 ecclesiam
1199 1941 1415 2000 kathedralem
1438 1949 1467 2001 et

198 2048 318 2105 curiam
342 2048 554 2122 episcopalem
577 2047 768 2119 affugissent,
792 2047 923 2121 predicti
946 2048 1030 2104 cives
1054 2054 1083 2104 et
1106 2048 1244 2120 hospites
1268 2064 1377 2106 eorum
1401 2065 1466 2106 ma-

201 2152 322 2226 lignum
354 2155 552 2229 propositum
582 2155 689 2226 utique
721 2168 815 2227 opere
845 2154 1103 2227 complevissent;
1134 2160 1163 2211 et
1187 2155 1259 2227 quia
1282 2156 1340 2212 hoc
1362 2156 1467 2229 ipsum

202 2275 257 2333 pro
282 2269 355 2317 tunc
378 2259 479 2317 facere
501 2275 563 2318 non
587 2261 767 2333 potuissent,
791 2261 832 2318 ob
857 2261 915 2317 hoc
938 2260 1050 2317 iterum
1074 2260 1189 2318 habitis
1212 2261 1292 2318 inter
1314 2277 1346 2318 se
1370 2262 1467 2319 collo·

202 2367 281 2439 quiis
302 2371 334 2423 et
357 2365 562 2424 fraudulentis
584 2366 805 2437 occasionibus,
829 2367 1114 2439 excogitationibus,
1138 2367 1177 2423 ad
1201 2367 1358 2440 quoddam
1380 2370 1468 2428 terri·

200 2473 313 2530 lorium
337 2471 412 2530 dicti
433 2471 563 2545 capituli
585 2470 712 2543 Croogh
735 2479 889 2543 vocatum,
912 2479 995 2529 retro
1019 2473 1190 2530 claustrum
1213 2475 1310 2531 sancti
1344 2474 1465 2533 Nicolai

200 2576 332 2638 fratrum
356 2578 589 2649 Predicatorum
612 2578 764 2649 habitum,
788 2579 819 2635 in
842 2578 928 2635 cuius
952 2578 1082 2651 pacifico
1105 2577 1242 2636 dominio
1264 2581 1369 2652 ipsum
1384 2582 1467 2654 capi·

199 2686 300 2744 tulum
324 2683 432 2742 fuisset
454 2699 473 2741 a
493 2693 618 2759 centum
641 2685 728 2742 annis
751 2684 802 2742 vel
826 2685 902 2743 citra
920 2684 1054 2758 pacifice,
1074 2684 1227 2758 quosdam
1255 2702 1363 2743 eorum
1392 2703 1463 2745 con·

199 2793 280 2850 cives
306 2806 379 2848 cum
402 2791 498 2848 armis
521 2797 552 2847 et
573 2790 693 2872 sagittis
716 2789 911 2860 destinantes,
934 2791 1101 2847 nonnullos
1118 2792 1258 2849 homines
1274 2793 1467 2851 honorabilis

195 2898 255 2957 viri
280 2896 401 2954 domini
424 2896 539 2954 Mathie
563 2901 674 2954 extunc
697 2897 848 2970 prepositi
867 2897 964 2970 ipsius
988 2897 1115 2955 ecclesie
1136 2899 1352 2973 zagrabiensis,
1375 2916 1467 2973 quos·

191 3004 328 3079 quidem
352 3018 423 3060 curn
446 3003 549 3060 bobus
572 3008 602 3061 et
624 3010 728 3060 aratro
751 3003 790 3060 ad
814 3002 931 3059 dictum
957 3005 1147 3061 territorium
1175 3005 1214 3061 ad
1238 3007 1390 3064 arandum
1414 3006 1466 3064 de·

187 3113 348 3181 stinasset,
372 3126 444 3167 cum
467 3109 560 3168 minis
584 3115 614 3166 et
637 3109 799 3184 vituperiis
823 3108 861 3166 de
885 3109 953 3182 ipso
977 3112 1132 3168 territorio
1156 3114 1369 3186 expullissent,
1394 3114 1464 3172 aliis

186 3230 310 3276 eorum
346 3215 527 3273 concivibus
557 3214 691 3273 invicem
721 3216 865 3273 similiter
888 3231 959 3272 curn
983 3217 1077 3274 armis
1101 3226 1241 3291 preterea
1265 3222 1466 3292 congregatis,

184 3330 227 3382 ut
252 3323 280 3380 si
306 3321 373 3395 ipse
396 3322 573 3396 prepositus
589 3322 641 3378 vel
677 3322 849 3395 capitulum
872 3322 995 3394 aliquos
1018 3336 1127 3379 eorum
1161 3321 1332 3381 familiares
1356 3324 1395 3382 ad
1419 3343 1466 3383 re·

183 3428 361 3505 pellendos
384 3429 483 3486 dictos
499 3430 649 3500 concives,
661 3428 806 3486 videlicet
829 3443 907 3502 quos
931 3428 970 3485 ad
994 3429 1163 3487 iritandum
1178 3437 1208 3487 et
1232 3432 1466 3504 provocandum

184 3536 362 3606 misissent,
386 3533 576 3605 destinasset,
609 3541 642 3592 ut
677 3536 782 3593 subito
804 3551 912 3593 omnes
935 3536 1121 3594 unanimiter
1140 3537 1354 3609 supradictum
1384 3540 1467 3613 capi·

186 3645 300 3709 tulum
324 3641 442 3714 absque
466 3640 562 3699 dubio
586 3641 753 3698 irruissent
776 3642 854 3698 Item
871 3642 964 3699 iidem
989 3643 1072 3700 cives
1095 3650 1124 3700 et
1147 3645 1284 3718 hospites
1308 3645 1409 3703 adhuc
1432 3654 1467 3704 ut

191 3763 309 3809 eorum
343 3747 518 3819 malignum
553 3748 751 3821 propositum
786 3754 893 3806 contra
927 3748 1047 3805 dictum
1078 3750 1252 3823 capitulum
1276 3767 1293 3808 a
1318 3752 1369 3809 diu
1395 3768 1466 3810 con-

197 3863 328 3929 ceptum
351 3853 526 3927 adimplere
560 3854 740 3927 potuissent,
775 3856 949 3912 occasiones
984 3856 1127 3928 nequiter
1151 3859 1378 3930 excogitandas,
1416 3859 1465 3917 die

196 3960 358 4043 dominico
381 3960 527 4034 proximo
550 3967 620 4017 ante
644 3957 757 4017 festum
781 3960 870 4018 beate
893 3963 1087 4034 biargarethe
1112 3964 1239 4034 virginis
1270 3971 1299 4021 et
1330 3968 1466 4024 martiris

196 4068 272 4124 tunc
296 4066 488 4140 preteritum,
512 4073 629 4123 ceteros
653 4081 760 4124 eorum
784 4069 926 4124 concives
950 4066 1094 4125 videlicet
1118 4070 1308 4126 Anthonium
1334 4070 1372 4127 de
1397 4072 1464 4129 llo·

198 4174 303 4232 rencia
326 4179 356 4230 et
379 4173 579 4231 Valentinum
604 4173 721 4230 dictum
745 4172 886 4232 Glubech
910 4189 981 4230 cum
1012 4174 1082 4231 aliis
1114 4177 1213 4232 tribus
1248 4176 1300 4231 vel
1333 4184 1466 4249 quatuor

197 4279 237 4338 ad
262 4279 401 4336 medium
424 4278 624 4337 dominorum
646 4279 684 4337 de
708 4278 790 4336 dicto
813 4281 959 4354 capitulo,
976 4281 1031 4336 ubi
1055 4281 1114 4354 ipsi
1138 4283 1169 4338 in
1185 4282 1322 4339 sacristia
1338 4283 1466 4340 ecclesie

199 4400 309 4443 eorum
333 4384 507 4443 kathedrali
531 4391 601 4458 post
623 4387 750 4443 missam
774 4387 987 4458 capitulariter
1011 4385 1139 4443 fuissent
1162 4389 1348 4459 congregati,
1372 4389 1465 4446 desti·

197 4499 314 4562 nantes,
332 4507 388 4565 per
411 4490 535 4548 eosdem
559 4492 635 4565 ipsis
658 4491 792 4549 dominis
816 4508 960 4567 expresse
984 4492 1183 4563 intimassent,
1214 4493 1297 4565 quod
1329 4495 1388 4568 ipsi
1412 4494 1466 4551 do-

197 4600 274 4683 mini
297 4598 336 4657 de
359 4599 500 4673 capitulo
523 4599 564 4656 ad
587 4604 746 4657 metendas
769 4599 873 4671 fruges
896 4613 1004 4656 eorum
1028 4599 1059 4656 iu
1082 4599 1165 4657 dicto
1188 4600 1342 4659 territorio
1358 4616 1467 4659 eorum

198 4702 305 4778 Crogh
329 4708 440 4762 vocato
463 4705 629 4777 seminatas
653 4712 682 4763 et
706 4712 778 4763 tunc
801 4705 839 4762 ad
871 4720 1002 4762 messem
1035 4712 1159 4779 paratas
1189 4706 1328 4765 homiues
1357 4722 1466 4766 eorum

197 4810 288 4877 nullo
312 4809 407 4869 modo
430 4809 563 4867 debeant
586 4809 749 4881 destinare,
773 4810 915 4868 addendo
935 4816 964 4867 et
988 4810 1120 4868 dicendo
1143 4813 1187 4869 eis
1217 4813 1353 4887 publice,
1382 4813 1467 4888 quod

196 4918 224 4979 si
260 4932 350 4976 secus
384 4915 528 4988 facerent,
561 4923 672 4975 extunc
703 4917 765 4990 ipsi
796 4918 913 4975 vellent
935 4920 1019 4993 ipsas
1042 4917 1147 4991 fruges
1170 4935 1265 4977 manu
1283 4926 1403 4979 armata
1425 4921 1467 4979 ab
