3278 5348
611 421 686 480 Doc.
710 431 777 498 174.
800 452 844 463 -
867 420 923 478 Aa
948 431 1037 498 1453.
1385 436 1449 497 ²3⁷

183 638 316 699 Mathias
338 638 439 696 abhas
460 631 697 696 ‘commissarius
720 642 750 695 et
773 640 919 695 executor
941 635 1108 708 predictus,
1132 636 1242 693 volens
1273 634 1453 693 huiusmodi

182 745 368 805 mandatum
391 743 601 819 apostolicum
615 742 708 801 nobis
723 743 756 801 in
770 743 829 800 hac
843 746 933 816 parte
957 741 1109 800 directum
1133 741 1245 815 exequi
1267 745 1452 815 reverenter,

181 856 217 910 ut
239 857 391 923 tenemur,
415 850 598 908 examinatis
622 848 788 922 diligenter
811 848 957 906 omnibus
981 852 1011 905 et
1043 847 1174 921 singulis
1207 846 1451 906 circumstanciis

182 957 224 1016 ad
245 963 386 1016 nostram
417 954 675 1015 informacionem
698 959 729 1013 et
752 953 892 1013 veritatis
916 953 1153 1027 experienciam,
1177 968 1238 1026 que
1270 953 1303 1012 in
1336 953 1453 1013 talibus

183 1063 252 1122 fieri
293 1067 529 1133 consveverunt,
572 1060 808 1131 sufficientibus,
843 1074 939 1133 super
973 1059 1181 1134 reparacione,
1216 1060 1453 1131 restauracione,

184 1168 369 1228 fundacione
391 1174 422 1226 et
445 1166 643 1227 ordinacione
665 1181 702 1224 ac
724 1165 886 1225 dotacione
919 1170 950 1222 et
986 1165 1175 1224 limitacione
1211 1166 1313 1224 cultus
1354 1164 1455 1224 divini

182 1275 348 1350 hospitalis
385 1275 475 1333 beate
509 1273 670 1331 Elisabeth
704 1271 845 1346 predicti,
880 1286 941 1345 que
975 1271 1008 1330 in
1040 1272 1153 1330 litteris
1188 1271 1302 1346 prefati
1336 1271 1455 1331 domini

185 1382 342 1441 Benedicti
364 1380 503 1456 episcopi
528 1384 558 1438 et
581 1379 774 1438 honorabilis
797 1378 927 1453 capituli
950 1378 1078 1436 ecclesie
1100 1379 1311 1452 aagrabiensis
1334 1380 1454 1453 impen-

184 1487 268 1547 denti
291 1487 479 1561 consignatis
502 1493 532 1544 et
555 1486 710 1561 expressis
733 1492 764 1544 et
786 1484 973 1560 specificatis
995 1484 1109 1544 clarius
1125 1491 1155 1544 et
1178 1485 1343 1559 limpidius
1377 1499 1449 1543 con-

185 1594 322 1654 tinentur
342 1600 372 1654 et
395 1593 624 1669 exprimuntur,
647 1607 725 1665 quas
760 1591 810 1650 hic
844 1605 903 1666 pro
938 1591 1060 1649 insertis
1093 1591 1209 1650 habere
1243 1592 1399 1664 nolumus,
1423 1598 1453 1649 et

186 1701 259 1775 quia
282 1700 388 1759 omnia
411 1706 442 1757 et
472 1699 595 1773 singula
617 1698 649 1757 in
671 1698 748 1773 ipsis
769 1698 883 1757 litteris
907 1698 1048 1772 ipsorum
1082 1697 1222 1772 episcopi
1245 1697 1401 1757 Benedicti
1424 1705 1454 1757 et

185 1808 315 1882 capituli
337 1805 552 1881 predictorum
575 1805 750 1879 reperimus
772 1808 803 1863 et
833 1804 974 1862 occulata
1007 1803 1070 1862 fide
1104 1805 1323 1878 conspeximus
1358 1821 1453 1880 super

185 1913 393 1988 reparacione,
427 1911 666 1983 restauracione,
701 1909 893 1981 fundacione,
940 1908 1146 1982 ordinacione,
1193 1911 1384 1969 limitacione
1422 1920 1453 1970 et

184 2018 425 2078 elemosinarum
449 2018 611 2076 dotacione
634 2016 756 2091 prefato
778 2016 926 2090 hospitali
952 2016 1042 2073 beate
1065 2016 1225 2075 Elisabeth
1260 2014 1317 2091 per
1346 2019 1452 2092 ipsum

185 2124 349 2184 dominum
369 2123 570 2183 Benedictum
593 2124 777 2197 episcopum
801 2121 887 2194 facte,
912 2121 978 2180 fore
1000 2137 1076 2180 vera
1106 2127 1136 2179 et
1158 2123 1289 2181 veritate
1312 2124 1455 2198 subnixa,

185 2230 254 2290 ideo
276 2247 334 2290 nos
357 2231 539 2290 auctoritate
562 2229 734 2304 apostolica
757 2229 848 2286 nobis
871 2229 903 2286 in
925 2229 983 2286 hac
1006 2234 1095 2303 parte
1117 2229 1268 2287 attributa
1304 2235 1335 2287 et
1368 2245 1454 2288 com-

185 2338 288 2408 missa
311 2336 491 2396 huiusmodi
513 2335 740 2407 fundacionem,
764 2334 1004 2406 ordinacionem,
1028 2335 1250 2393 limitacionem
1275 2341 1306 2394 et
1339 2334 1456 2394 dotaci-

184 2458 275 2502 onem
299 2445 522 2518 approbamus,
546 2441 737 2500 ratificamus
760 2448 790 2500 et
813 2447 965 2516 perpetuo
981 2440 1212 2499 confirmamus.
1226 2441 1455 2500 Nichilominus

185 2552 368 2610 auctoritate
391 2549 564 2625 apostolica
588 2548 736 2623 predicta,
761 2548 852 2606 nobis
868 2548 899 2606 in
916 2547 974 2605 hac
990 2553 1079 2622 parte
1103 2548 1277 2619 commissa,
1300 2548 1454 2607 universis

185 2663 215 2715 et
237 2657 370 2731 singulis
392 2657 547 2730 episcopis
571 2655 701 2714 ecclesie
723 2654 931 2728 zagrabiensis
947 2654 1086 2729 predicte
1102 2668 1160 2728 pro
1183 2660 1325 2729 tempore
1338 2655 1452 2713 consti-

185 2763 268 2836 tutis,
291 2763 524 2822 successoribus
554 2768 658 2820 tamen
680 2761 842 2834 legittimis
864 2761 962 2835 ipsius
983 2759 1102 2819 domini
1125 2760 1281 2819 Benedicti
1303 2761 1451 2834 episcopi,

185 2871 411 2928 committimus
434 2876 464 2928 et
487 2869 681 2940 mandamus,
707 2868 792 2942 quod
815 2869 846 2926 in
869 2868 952 2926 dicto
974 2868 1123 2943 hospitati
1157 2882 1211 2925 seu
1246 2869 1311 2926 eius
1333 2868 1453 2925 habita·

185 2976 327 3035 cionibus
350 2983 415 3035 tarn
446 2990 555 3034 eorum
578 2975 698 3034 familia
721 2974 867 3048 deinceps
889 2973 927 3031 de
951 2981 1054 3032 cetero
1078 2975 1168 3032 acin
1204 2980 1292 3031 antea
1315 2988 1453 3031 commo·

185 3096 255 3140 rare
278 3088 331 3140 aut
353 3083 527 3141 inhabitare
559 3097 614 3140 seu
635 3096 758 3139 moram
782 3080 891 3166 facere,
915 3096 971 3138 nec
994 3080 1131 3153 aliquem
1155 3096 1193 3138 ex
1217 3080 1371 3138 canonicis
1398 3085 1451 3138 aut

185 3188 411 3263 capitularibus
434 3189 466 3246 in
489 3187 639 3261 dignitate
663 3189 774 3262 quavis
797 3187 980 3258 constitutis,
1004 3186 1044 3244 ad
1066 3188 1171 3261 ipsum
1195 3186 1350 3260 hospitale
1372 3186 1448 3244 dum

185 3298 366 3364 rectoratus,
390 3301 460 3369 post
482 3293 653 3353 discessum
676 3293 802 3351 antelati
827 3292 946 3351 domini
969 3292 1127 3352 Benedicti
1150 3293 1289 3366 episcopi
1324 3298 1450 3365 careret,

186 3401 296 3474 stringi
319 3405 373 3458 aut
395 3399 436 3458 ad
458 3400 540 3458 illud
563 3401 722 3458 instituere
746 3406 776 3456 et
800 3399 838 3456 ad
863 3400 929 3456 eius
945 3399 1083 3472 regimen
1100 3398 1250 3473 deputare
1272 3405 1453 3473 presumant

184 3505 279 3564 modo
302 3506 442 3579 aliquali,
466 3505 574 3564 eadem
599 3507 781 3564 auctoritate
803 3505 977 3579 apostolica
1000 3506 1198 3564 inhibuimus
1223 3512 1253 3564 et
1276 3505 1452 3564 inhibemus

184 3612 380 3687 presencium
403 3628 460 3686 per
483 3619 631 3671 tenorem.
655 3610 825 3670 Statuimus
848 3611 947 3669 eciam
970 3617 1001 3668 et
1024 3611 1252 3683 ordinavimus,
1284 3612 1367 3685 quod
1392 3611 1452 3669 cle·

187 3719 305 3777 mosine
328 3734 364 3776 ac
387 3718 505 3776 fructus
529 3712 643 3797 (eidem
667 3710 827 3795 hospitali)
851 3718 883 3775 in
906 3716 1047 3776 futurum
1069 3733 1126 3791 per
1161 3733 1373 3792 quoscumque
1397 3718 1450 3775 do·

187 3831 259 3898 tata,
282 3825 396 3883 collata
420 3840 473 3881 seu
489 3825 628 3897 elargita,
652 3825 718 3882 sive
740 3825 801 3881 sint
824 3823 1040 3897 possessiones,
1065 3830 1146 3882 terre
1167 3824 1310 3895 arabiles,
1335 3824 1451 3895 fenilia,

187 3932 238 3989 vel
261 3932 323 3990 alia
346 3946 550 4004 quecumque,
572 3932 685 4003 quovis
708 3931 842 3988 nominis
866 3931 1020 3988 vocabulo
1052 3932 1234 4002 vocitentur,
1265 3930 1305 3987 ad
1329 3938 1448 3989 susten·

186 4038 339 4096 tacionem
361 4053 416 4095 seu
431 4051 616 4112 perpetuam
635 4038 839 4096 elemosinam
855 4036 935 4094 facta
959 4036 1071 4095 fuerint
1096 4054 1148 4095 seu
1173 4038 1329 4095 extiterint
1345 4029 1452 4115 (dicto)

186 4143 334 4218 hospitali
358 4144 445 4202 acin
480 4144 591 4202 eodem
615 4144 674 4202 deo
698 4143 922 4202 famulantibus
945 4145 1076 4216 illibata,
1112 4145 1292 4201 inconcussa
1326 4151 1357 4201 et
1379 4144 1453 4200 irre·

187 4255 297 4307 vocata
320 4255 528 4325 permaneant,
551 4251 717 4324 ipsumque
739 4251 895 4325 hospitale
919 4251 1005 4308 iuxta
1039 4255 1151 4307 statuta
1176 4255 1206 4306 et
1240 4249 1453 4308 ordinaciones

187 4354 261 4414 dicti
283 4355 402 4414 domini
425 4355 581 4414 Benedicti
604 4356 744 4430 episcopi
766 4357 805 4414 de
836 4372 986 4415 consensu
1020 4356 1150 4430 pretacti
1184 4355 1313 4428 capituli
1337 4354 1449 4415 futuris

187 4462 345 4536 perpetuis
369 4463 564 4537 temporibus
587 4470 713 4537 regatur
736 4470 766 4521 et
789 4464 981 4537 gubernatur
1004 4457 1078 4541 (non
1095 4455 1303 4537 obstantibus)
1327 4462 1451 4520 ordina·

188 4567 329 4626 cionibus
358 4569 546 4644 apostolicis,
578 4586 698 4627 necnon
732 4572 854 4629 statutis
888 4575 918 4628 et
951 4569 1233 4638 consvctudinibuS,
1268 4567 1453 4644 juramento,

188 4672 427 4733 confirmacione
451 4691 516 4747 usu,
545 4692 639 4749 quam
663 4677 724 4734 alia
745 4676 893 4735 firmitate
915 4677 1078 4747 roboratis,
1101 4676 1271 4747 ceterisque
1292 4676 1453 4734 contrariis

187 4781 436 4856 quibuscumque
438 4823 787 4843 ............
812 4783 895 4842 dicto
918 4783 1047 4855 capituli
1081 4796 1205 4855 semper
1229 4825 1453 4841 ........

187 4891 241 4945 aut
255 4887 375 4962 aliquid
399 4932 624 4949 ........
647 4905 683 4947 ac
705 4889 869 4963 mandatis,
890 4890 1125 4961 monicionibus,
1148 4888 1399 4948 ordinacionibus
1424 4896 1455 4947 et
