3278 5348
293 1008 373 1055 Anno
395 1016 469 1067 1433.
490 1016 531 1055 ιο,
548 1002 622 1067 Julii.
644 1003 754 1051 Romae.

180 1170 397 1245 segmentatus,
420 1169 598 1241 Huugorr'oe
628 1175 676 1224 etc.
709 1185 772 1235 rex,
802 1165 956 1238 Recdolpleo
986 1165 1104 1233 Allieno,
1134 1164 1224 1220 reobe'li
1252 1163 1285 1220 de
1320 1162 1452 1231 Medned,

182 1297 318 1364 mandat.
333 1303 368 1351 ue
389 1313 425 1351 ex
441 1294 594 1369 johannis
615 1292 727 1359 Albem',
750 1291 872 1364 episcopi
892 1291 1098 1361 ingemimus,
1121 1295 1286 1347 testamento
1307 1287 1453 1344 diene'de'ueer

174 1421 274 1493 pretii
295 1419 386 1476 castri
410 1417 520 1474 Kuoor
541 1423 570 1472 et
590 1417 713 1472 ciuitatis
730 1414 902 1487 Kaproueoe
924 1415 1085 1471 testamenti
1104 1412 1298 1470 executoribus
1321 1413 1453 1484 assignet.

806 1623 960 1671 Commissio
980 1623 1082 1686 propria
1100 1622 1197 1670 domini
1216 1623 1385 1686 imperatorls.

298 1771 515 1846 sigismundus
539 1771 588 1829 dei
611 1772 709 1843 gratia
732 1771 945 1828 Romanorum
962 1771 1141 1843 imperator,
1161 1786 1286 1845 semper
1300 1776 1457 1843 augustus,

194 1897 230 1939 ac
252 1881 420 1953 Hungarie,
447 1879 592 1936 Bohemie
615 1886 672 1935 etc.
695 1894 758 1934 rex.
783 1876 888 1933 Nobili
912 1876 1061 1933 Rudolffo
1085 1876 1123 1932 de
1146 1878 1249 1933 Alben
1266 1875 1411 1933 residenti
1427 1876 1458 1932 in

196 1993 296 2045 castro
320 1968 448 2054 Medus,
472 1983 559 2041 fideli
581 1989 687 2040 nostro
710 1981 833 2050 dilecto,
857 1983 989 2054 gratiam
1013 1989 1151 2039 nostram
1172 1988 1202 2038 et
1225 1997 1317 2038 omne
1332 1982 1458 2038 bonum.

197 2093 327 2162 Nobilis,
352 2090 462 2160 tidelis,
479 2082 607 2147 dilecte!
630 2087 905 2160 Quemadmodum
923 2087 1080 2159 quondam
1101 2088 1289 2144 venerabilis
1304 2088 1459 2170 Johannes

197 2199 361 2273 episcopus
396 2196 612 2268 zagrabiensis‚
652 2194 854 2252 cancellarius
885 2200 990 2251 noster
1025 2195 1163 2264 devotus,
1199 2194 1330 2251 dilectus
1365 2193 1460 2251 frater

198 2312 276 2375 tuus,
311 2304 392 2360 bone
427 2302 586 2372 memorie,
622 2317 712 2357 suum
745 2301 828 2358 diem
852 2301 963 2357 clausit
987 2306 1170 2372 extremum,
1194 2317 1345 2373 suumque
1370 2306 1461 2357 testa-

198 2416 337 2468 mentum
361 2406 501 2465 condidit
523 2413 553 2464 et
577 2406 657 2475 lecit,
679 2408 709 2464 in
734 2421 796 2479 quo
820 2412 1003 2463 testamento
1020 2414 1155 2463 castrum
1173 2407 1286 2464 Kewar
1301 2423 1336 2464 ac
1353 2407 1461 2464 civitas

198 2516 380 2590 Kapruncza
393 2529 464 2571 cum
480 2514 544 2571 suis
562 2513 759 2586 pertinenciis
773 2512 1085 2586 comprehenduntur,
1098 2518 1127 2569 et
1140 2529 1233 2586 super
1250 2513 1366 2570 eisdem
1379 2517 1462 2569 certa

198 2637 320 2680 summa
343 2621 544 2695 pecuniarum
568 2618 607 2675 ad
632 2619 782 2676 fabricam
807 2620 934 2676 ecclesie
958 2620 1165 2690 zagrabiensis
1189 2626 1235 2677 est
1258 2637 1314 2694 per
1330 2620 1462 2677 eundem

199 2730 381 2803 episcopum
411 2725 567 2799 deputata.
601 2724 651 2782 Sic
681 2741 737 2782 nos
766 2724 944 2782 huiusmodi
979 2731 1198 2783 testamentum
1233 2726 1410 2784 audivimus
1434 2734 1464 2783 et

200 2834 411 2893 intelleximus
433 2832 512 2889 bene
536 2832 634 2901 clare;
658 2832 888 2905 volentemque,
922 2832 1007 2905 quod
1038 2832 1216 2890 huiusmodi
1247 2839 1464 2890 testamentum

201 2941 230 2999 in
253 2941 311 2999 illo
336 2946 450 3012 puncto
471 2938 648 2996 nullatenus
672 2937 783 2996 debeat
806 2938 961 3012 impediri,
985 2938 1037 2995 sed
1062 2955 1154 2996 suum
1177 2940 1280 2997 sortiri
1311 2940 1463 3010 effectum,

203 3046 344 3104 fidelitati
370 3052 420 3101 tue
444 3061 482 3101 ex
506 3054 588 3101 certa
615 3050 720 3101 nostra
735 3045 860 3101 scientia
874 3043 1011 3101 districte
1028 3045 1219 3118 precipimus
1235 3051 1265 3102 et
1282 3045 1465 3103 mandamus

205 3153 393 3225 presentium
424 3166 481 3223 per
511 3152 662 3222 vigorem,
698 3158 848 3222 quatenus
884 3151 970 3207 iuxta
1005 3157 1145 3208 tenorem
1169 3152 1266 3224 ipsius
1291 3153 1466 3209 testamenti

205 3258 384 3316 medietates
408 3257 446 3313 de
469 3256 616 3330 predictis
640 3264 741 3314 castro
767 3257 879 3314 Kewar
902 3272 937 3313 ac
961 3257 1086 3314 civitate
1109 3258 1288 3330 Capruncza
1312 3275 1372 3315 una
1395 3275 1467 3315 cum

207 3362 394 3421 utilitatibus
428 3370 458 3418 et
489 3363 687 3435 pertinenciis
727 3364 790 3420 suis
825 3364 1045 3421 executoribus
1079 3366 1258 3423 huiusmodi
1293 3367 1466 3423 testamenti

207 3471 321 3542 absque
344 3467 587 3525 contradictione
610 3477 641 3526 et
664 3484 752 3526 more
773 3468 936 3543 dispendio
961 3471 1035 3527 visis
1059 3474 1256 3544 presentibus
1279 3474 1415 3546 assignes
1439 3483 1469 3531 et

208 3573 432 3633 condescendas
455 3573 644 3644 habendum,
668 3574 845 3646 tenendum,
861 3575 1075 3634 utilruendum
1092 3586 1120 3635 et
1139 3579 1360 3651 possidendum
1384 3582 1470 3639 iuxta

209 3680 302 3755 ipsius
336 3681 511 3737 testamenti
546 3682 769 3738 continenciam
805 3683 880 3754 ipsis
916 3686 1153 3743 testamentariis
1188 3694 1218 3744 et
1253 3691 1470 3747 executoribus

210 3788 328 3844 nullum
353 3784 612 3857 impedimentum
637 3787 668 3843 in
692 3786 801 3844 eodem
825 3794 1009 3847 testamento
1032 3797 1062 3848 et
1085 3794 1150 3850 eius
1186 3793 1392 3867 disposicione
1426 3798 1471 3853 in-

211 3891 336 3950 terendo
359 3891 574 3965 quovismodo.
599 3893 699 3951 Aliter
722 3909 781 3951 non
804 3893 941 3952 facturus
964 3897 994 3954 in
1020 3900 1179 3971 premissis
1210 3912 1303 3974 prout
1333 3917 1471 3961 nostram

212 3999 341 4070 gratiam
366 3998 503 4056 volueris
526 4014 717 4057 conservare.
740 4001 855 4058 Datum
880 4003 978 4060 Rome
1008 4004 1057 4062 die
1089 4005 1155 4064 XX.
1178 4008 1261 4090 Julii.
1293 4009 1472 4083 Regnorum

213 4110 387 4161 nostrorum
410 4119 490 4162 anno
515 4106 673 4178 Hungarie
697 4113 751 4165 etc.
776 4108 905 4179 XLVIl,
942 4111 1154 4170 Romanorum
1187 4114 1295 4172 XXlll.
1327 4116 1473 4175 Bohemie

213 4207 296 4281 xlll,
320 4215 351 4267 et
373 4210 496 4283 imperii
519 4212 629 4285 primo.

315 4433 449 4498 Originale
468 4436 495 4484 in
514 4436 608 4488 charte.
628 4440 660 4486 Iu
679 4441 792 4501 margine
810 4440 885 4492 inser.
904 4442 1056 4506 impressum
1076 4453 1114 4493 est
1133 4446 1254 4507 sigillum.
1285 4449 1316 4495 In
1330 4448 1397 4496 arch.
1417 4465 1473 4498 ven.

216 4522 295 4588 Capit.
314 4523 377 4576 eccl.
398 4524 498 4588 zagrab.
519 4526 580 4577 Act.
601 4526 656 4591 Cap
685 4536 736 4578 aut.
756 4528 816 4580 fasc.
842 4542 897 4581 101.
917 4547 948 4580 nr
976 4544 1017 4598 25,
