3278 5348
607 408 680 466 Doc.
698 420 775 485 3⁰4·
802 439 839 449 -
865 399 1034 482 An.1476.
1390 414 1452 476 3⁷⁷

172 610 354 707 'postquam
377 640 536 700 regressus
559 623 617 683 fnit
639 637 659 683 a
682 622 768 695 regia
789 621 828 679 ad
852 621 990 695 propria,
1005 626 1078 695 post
1093 617 1274 677 huiusmodi
1285 615 1454 676 adventum

183 750 278 796 sunm
300 735 370 808 ipso
392 738 503 791 octavo
534 731 584 793 die
615 729 779 804 requisivit
808 728 927 787 dictum
959 727 1141 802 capitulum,
1165 732 1199 783 ut
1222 723 1348 783 eosdem
1369 725 1455 784 cives

183 840 331 901 accedere
355 838 406 899 rel
429 844 665 913 procuratorem
695 837 836 911 ipsorum
867 834 908 892 ad
939 833 1065 893 eosdem
1097 847 1157 908 pro
1188 830 1392 890 ministranda
1422 831 1455 891 in

184 946 348 1025 premissis
371 944 493 1004 iusticia
516 943 639 1003 mittere
662 941 849 1012 debuissent,
874 939 983 1015 quiid
1014 939 1142 998 minime
1175 937 1276 997 tacere
1307 942 1454 995 curarunt

184 1069 242 1115 nec
272 1055 383 1111 curant
411 1050 452 1110 de
483 1049 628 1124 presenti,
661 1047 714 1106 sed
743 1046 872 1106 eosdem
903 1047 1027 1105 racione
1058 1045 1169 1120 previa
1200 1044 1232 1103 in
1261 1043 1454 1119 presenciam

185 1160 271 1235 regie
294 1156 464 1218 maiestatis
494 1160 600 1215 contre
636 1155 723 1227 regni
756 1152 1011 1212 consuetudinem
1036 1158 1196 1210 eteorum
1221 1150 1400 1208 libertatem
1423 1149 1455 1207 in

186 1281 313 1326 cruam
343 1240 538 1323 attrnrerunt
571 1262 603 1320 in
634 1258 842 1336 preiudicium
875 1263 906 1317 et
937 1258 1126 1332 derogamen
1161 1255 1279 1333 jurium
1313 1256 1454 1329 ipsorum

188 1371 281 1433 valde
301 1384 460 1444 magnum.
484 1367 573 1429 Unde
596 1366 677 1427 iacta
701 1365 881 1426 huiusmodi
905 1365 1131 1439 protestacione
1165 1363 1249 1423 idem
1273 1362 1456 1421 Valentinus

189 1479 220 1537 in
244 1477 396 1552 personis,
419 1486 556 1549 quorum
578 1487 682 1549 supra,
706 1472 800 1547 peciit
822 1471 883 1530 sibi
905 1486 999 1546 snper
1014 1470 1175 1545 premissis
1192 1485 1248 1542 per
1263 1483 1319 1527 nos
1342 1467 1410 1526 dari
1425 1471 1456 1527 ct

187 1581 315 1643 oonccdi
338 1581 460 1641 litteras
482 1581 671 1664 necessarias
694 1585 723 1637 et
745 1583 947 1653 opportunas,
964 1593 1042 1650 quas
1064 1577 1166 1635 eidem
1187 1576 1333 1635 duximus
1349 1590 1455 1634 conce

189 1687 308 1749 :lendan
330 1687 399 1763 lege
420 1692 452 1747 et
474 1683 696 1767 consuetudine
714 1684 806 1757 regni
836 1684 1011 1758 requirente
1045 1681 1123 1759 juris
1154 1683 1203 1740 sui
1236 1697 1294 1755 pro
1326 1680 1455 1739 cautela

188 1794 306 1853 Datum
330 1792 380 1869 die
402 1791 560 1851 dominico
582 1790 729 1866 proximo
751 1794 824 1864 post
846 1788 959 1849 festum
983 1790 1066 1848 beati
1088 1788 1238 1863 Stephani
1253 1788 1341 1862 regis.
1365 1789 1456 1845 Anno

187 1899 309 1961 domini
331 1897 501 1957 millesimo
524 1896 829 1985 quadringentesimo
852 1897 1081 1970 septuagesimo
1103 1901 1198 1954 sexto.

297 2033 432 2099 Origincle
450 2034 478 2084 in
495 2033 592 2084 chertm
612 2034 640 2083 A
660 2039 733 2098 tergo
754 2034 892 2097 vestigium
910 2034 1029 2099 impressi
1049 2032 1139 2097 sigilli.
1158 2032 1191 2082 In
1209 2030 1325 2082 erchivic
1343 2029 1390 2082 lin.
1403 2044 1456 2094 reg.

188 2125 258 2177 civit.
278 2124 379 2189 zsgrrb.

784 2317 878 2385 noc.

264 2522 267 2526 .
296 2480 378 2529 Anno
400 2479 474 2545 1476,
495 2482 536 2533 28.
557 2472 681 2544 Augusti.
698 2463 816 2530 Casium.

195 2609 300 2668 Coram
337 2609 463 2682 capr'tulo
491 2608 631 2667 lasmensi
658 2608 844 2665 communitas
875 2607 1001 2664 cr'vitatri‘
1030 2614 1131 2664 contra
1161 2608 1316 2679 capitulum
1351 2623 1457 2680 sagra·
1614 2606 1617 2611 ’

189 2717 284 2776 biense
307 2723 429 2798 recusat,
451 2715 530 2790 quod
547 2717 622 2774 cibes
643 2715 760 2790 quidam
784 2715 962 2772 laboratores
984 2714 1106 2788 capituli
1126 2715 1156 2770 in
1179 2715 1335 2771 nunnitione
1357 2714 1457 2773 consti·
1504 2736 1523 2775 '.

320 2886 322 2890 ,
369 2830 446 2882 tutos
468 2840 529 2883 esse
551 2836 681 2896 aggressi
703 2829 732 2880 ct
751 2823 781 2887 in
804 2839 944 2889 carcerem
967 2822 1083 2878 duxisse
1105 2827 1279 2893 arguuntur.

297 2966 361 3024 Nos
384 2965 556 3040 capitulum
579 2965 706 3024 ecclesie
730 2964 925 3025 chasmensis.
951 2965 1099 3022 Memorie
1123 2962 1377 3021 commendamus
1401 2978 1457 3036 per

189 3079 359 3149 presentes,
382 3070 467 3145 quod
491 3088 563 3130 cum
586 3073 671 3131 iuxta
694 3071 888 3130 iudiciariam
919 3071 1168 3128 commissionem
1192 3069 1365 3143 personalis
1388 3084 1458 3142 pre·

192 3180 294 3238 sencie
318 3180 506 3238 serenissimi
529 3180 679 3253 principis
703 3179 820 3237 domini
843 3180 967 3247 hlathie,
991 3179 1041 3236 dei
1064 3179 1167 3251 gracia
1191 3178 1272 3250 regis
1289 3177 1457 3249 Hungarie,

191 3287 339 3346 Bohemie
355 3294 410 3345 etc.
424 3287 542 3345 domini
557 3289 653 3345 nostri
667 3287 825 3357 naturalis,
839 3286 1067 3358 graciosissimi,
1080 3287 1316 3357 litterarumque
1330 3300 1457 3341 suarum

188 3393 486 3452 adiudicatoriarum
510 3391 764 3468 juramentalium
788 3393 873 3449 Bnde
896 3400 983 3450 sexto
1007 3393 1056 3450 die
1079 3400 1263 3450 octavarum
1287 3391 1357 3449 festi
1374 3391 1457 3449 beati

192 3499 321 3573 Georgii
352 3498 498 3567 martiris,
522 3499 665 3571 proxime
688 3499 837 3572 preteriti,
861 3499 964 3556 clause
988 3498 1198 3556 confectarum
1223 3497 1456 3567 continenciam,

191 3607 434 3679 circumspectus
459 3603 577 3664 Blasius
601 3605 694 3663 iudex
718 3606 851 3665 civitatis
874 3606 987 3664 montis
1011 3604 1174 3678 Grecensis
1204 3604 1235 3661 in
1256 3618 1310 3660 sna
1333 3618 1367 3659 ac
1391 3604 1456 3659 uni-

188 3725 353 3771 versorum
385 3710 501 3768 civium
533 3714 564 3768 et
598 3711 756 3784 hospitum
781 3710 918 3770 eiusdem
943 3711 1076 3769 civitatis
1100 3709 1239 3782 personis
1263 3709 1456 3781 quinquage-

188 3819 269 3879 simo
301 3834 334 3877 se
366 3817 521 3876 similibus
553 3818 709 3876 tricesimo
741 3818 875 3877 secundo
899 3817 949 3875 die
982 3817 1048 3876 sesti
1073 3817 1156 3874 beati
1179 3816 1287 3899 Jacobi
1311 3816 1455 3889 apostoli,

188 3924 335 3983 similiter
364 3924 507 3999 proxime
538 3925 686 4000 preteriti,
710 3930 817 3983 contra
849 3925 1032 3984 honorabile
1056 3924 1229 3996 capitulum
1253 3922 1382 3980 ecclesie
1405 3937 1454 3980 za·

188 4031 361 4105 grabiensis
391 4045 486 4104 super
519 4046 572 4101 eo,
604 4030 687 4104 quod
720 4047 791 4089 cum
825 4031 907 4090 idem
940 4031 1112 4104 capitulum
1141 4030 1310 4088 novissime
1340 4029 1456 4102 elapsis

188 4136 299 4196 diebus
330 4151 387 4209 per
416 4136 583 4194 nonnullos
614 4137 755 4195 homines
785 4138 934 4211 ipsorum,
960 4137 1078 4194 dictum
1102 4136 1273 4208 capitulum
1299 4150 1337 4193 cx
1360 4150 1456 4194 annu·

188 4242 276 4302 encia
311 4241 386 4300 dicti
416 4241 534 4303 domini
569 4243 667 4301 nostri
697 4244 778 4317 regis
801 4243 924 4301 fossatis
948 4251 977 4301 et
1000 4243 1069 4301 aliis
1094 4242 1324 4301 municionibus
1349 4248 1456 4301 contra

188 4347 364 4407 Turdorum
388 4347 523 4422 impetus
546 4349 786 4408 circumvallare
809 4351 988 4409 habuissent
1012 4354 1041 4406 et
1065 4364 1179 4421 aquam
1202 4349 1240 4405 de
1259 4348 1354 4407 fluvio
1372 4348 1456 4407 Med·

188 4452 355 4527 wednycza
380 4459 489 4513 vocato
513 4455 543 4513 in
568 4457 726 4514 communi
750 4456 819 4515 loco
843 4457 923 4515 inter
939 4457 1043 4529 ipsum
1060 4456 1233 4529 capitulum
1250 4461 1280 4512 et
1296 4456 1455 4514 civitatem

189 4560 305 4620 montis
340 4559 502 4621 Grecensis
536 4561 768 4633 decurrentem,
799 4571 929 4637 propter
963 4563 1171 4635 replecionem
1203 4578 1282 4635 aque
1314 4563 1455 4636 ipsorum

189 4665 377 4727 fossatorum
403 4668 558 4727 inmittere
582 4675 611 4727 et
634 4667 715 4728 infra
739 4685 853 4743 paucos
884 4669 949 4728 dies
971 4669 1105 4728 detinere
1129 4668 1278 4737 iecissent,
1303 4674 1376 4727 tunc
1398 4668 1457 4728 cir·

190 4774 361 4847 cumspecti
384 4773 505 4834 Blasins
528 4775 641 4847 Thoth‚
665 4775 766 4847 iudex,
784 4776 904 4834 Blasius
921 4776 1063 4845 Nemeth,
1078 4777 1233 4856 Johannes
1250 4774 1455 4846 Soldinarich,

190 4878 346 4953 Hansych,
368 4880 503 4964 Joannes
530 4881 633 4952 Pazar,
658 4882 833 4942 Anthonius
855 4881 1006 4956 Klokcch,
1042 4882 1234 4951 Valenthich,
1269 4881 1456 4946 Laurencius
