3256 5346
189 436 252 496 434
609 411 681 468 Doc.
699 421 774 487 3515.
800 441 837 452 ο
864 408 921 465 Aac
945 401 1036 484 1487.

186 633 296 690 teralia
319 645 374 687 sua
398 631 609 696 instrumenta,
634 627 660 683 si
684 641 761 698 quas
784 636 814 682 et
830 641 890 697 que
913 625 944 681 in
969 621 1051 680 lacto
1068 621 1319 695 prescriptarum
1344 635 1455 694 posses

186 740 308 796 stonum
345 736 535 805 l’etrowyna,
570 730 779 803 Sylalrowyna
810 736 840 787 et
869 728 1026 800 llrazthya
1058 732 1244 784 vocatarum
1283 726 1454 800 postherate

187 842 341 901 confectas
364 850 393 897 et
416 844 559 896 emanata
582 836 613 894 in
635 835 753 893 octaris
777 833 847 892 festi
871 834 953 892 beati
975 832 1103 905 Georgii
1127 832 1277 902 martiris,
1301 838 1374 889 tunc
1389 846 1455 888 ven·

187 950 274 1019 turis,
298 950 328 1007 in
359 947 441 1004 dicta
472 944 556 1002 curia
586 941 672 1014 regia
703 956 773 999 cum
805 938 988 1015 deponendo
1020 936 1136 1014 judicio
1160 938 1258 995 trium
1283 951 1453 995 marcarum

188 1069 292 1112 coram
318 1054 386 1127 ipso
418 1051 546 1109 domino
568 1049 699 1107 condam
724 1048 875 1106 Michaele
899 1046 1038 1121 palatino
1061 1043 1237 1119 producere
1260 1051 1291 1103 et
1315 1044 1455 1103 exhibere

188 1160 315 1218 deberet
336 1164 366 1218 et
389 1163 545 1216 teneretur
568 1161 674 1212 contra
697 1153 858 1212 dominum
884 1158 1023 1210 nostrum
1047 1166 1164 1223 regem,
1187 1159 1327 1208 actorem
1352 1163 1454 1224 predo

188 1271 297 1331 tatum,
321 1272 355 1322 ut
387 1265 435 1321 his
469 1262 544 1320 visis
575 1260 657 1319 idem
680 1260 825 1318 dominus
848 1258 978 1316 ltlichael
1005 1257 1162 1331 palatinus
1185 1254 1341 1330 judicium
1363 1262 1393 1313 et
1413 1251 1455 1330 ju·

186 1374 307 1430 sticiam
331 1371 432 1429 lacere
447 1369 578 1426 valleret
601 1368 680 1426 inter
701 1373 805 1440 partes
821 1367 852 1423 in
876 1364 1036 1440 premissis
1059 1362 1196 1420 dictante
1218 1360 1298 1437 juris
1314 1362 1454 1435 equitate.

187 1478 267 1550 Quia
290 1485 392 1535 autem
417 1475 569 1534 antelatus
591 1474 746 1556 Johannes
761 1472 799 1530 de
815 1473 982 1530 Orehowcz
1006 1471 1038 1529 in
1062 1484 1195 1545 persona
1208 1469 1285 1527 dicti
1310 1467 1453 1552 Johannis

187 1584 370 1656 Hennyngh,
387 1583 418 1640 in
433 1596 557 1639 causam
581 1581 712 1647 attracti,
736 1578 853 1636 dictum
870 1576 1021 1654 judicium
1046 1578 1140 1635 trium
1165 1591 1347 1635 marcarum
1370 1575 1455 1635 dictis

188 1688 321 1747 dominis
344 1687 475 1746 condam
492 1688 637 1746 Michaeli
654 1685 793 1760 palatino
805 1692 834 1743 et
848 1685 954 1742 comiti
970 1683 1137 1757 Stephano,
1154 1686 1306 1757 partique
1329 1683 1454 1741 adverse

188 1796 390 1868 persolverat,
423 1794 492 1852 ideo
516 1793 599 1851 idem
631 1792 776 1851 dominus
806 1790 938 1849 condam
963 1790 1095 1847 Michael
1117 1789 1277 1864 palatinus
1301 1795 1332 1847 et
1357 1803 1455 1848 comes

187 1900 360 1973 Stephanus
383 1899 515 1957 eundem
548 1900 719 1981 Johannem
752 1898 927 1970 llennyngh
950 1912 1046 1970 super
1068 1896 1228 1954 solucione
1251 1894 1328 1954 dicti
1349 1893 1452 1972 judicii

186 2007 281 2064 trium
318 2020 494 2063 marcarum
530 2006 669 2077 quietum
696 2002 899 2062 reddiderunt
933 2008 964 2060 et
1000 2000 1190 2075 expeditum.
1212 2001 1295 2076 Ipsis
1326 2001 1455 2076 denique

187 2112 304 2169 octavis
344 2110 414 2169 festi
437 2112 520 2170 beati
558 2110 684 2182 Georgii
717 2108 854 2167 martiris
890 2108 1093 2175 instantibus.
1128 2106 1271 2181 prefatus
1303 2108 1455 2190 Johannes

186 2217 372 2290 Hennyngh‚
395 2219 427 2277 in
451 2232 576 2274 causam
600 2221 759 2283 attractus,
784 2232 841 2289 per
863 2220 1043 2272 annotatum
1068 2214 1254 2286 magistrum
1278 2215 1451 2298 Johannem

187 2323 330 2396 Possgay,
347 2323 534 2396 legittimum
552 2329 785 2395 procuratorem
809 2320 883 2378 dicti
906 2320 1024 2379 domini
1041 2320 1140 2378 nostri
1160 2320 1252 2392 regis,
1269 2321 1302 2378 in
1324 2335 1451 2394 persona

187 2429 325 2486 eiusdem
361 2429 505 2501 congruis
543 2427 653 2486 diebus
687 2428 827 2500 ipsarum
862 2432 1044 2484 octavarum
1079 2439 1186 2483 coram
1220 2425 1307 2485 dicto
1330 2426 1453 2486 domino

187 2535 337 2593 Michaele
362 2536 499 2608 palatino
516 2538 705 2607 expectatus,
720 2534 753 2591 in
768 2532 958 2608 presenciam
976 2531 1115 2589 eiusdem
1129 2546 1191 2601 non
1216 2539 1344 2591 venerat
1360 2548 1453 2606 neque

187 2641 322 2710 miserat,
346 2657 378 2699 se
409 2639 617 2698 mediantibus
640 2640 710 2697 aliis
734 2639 845 2697 litteris
876 2639 974 2712 ipsius
997 2637 1129 2696 condam
1153 2638 1273 2697 domini
1298 2640 1453 2698 Michaelis

187 2746 318 2818 palatini
341 2744 541 2821 judicialibus
564 2747 675 2805 exinde
698 2745 853 2816 confectis,
878 2748 908 2804 in
931 2745 1047 2822 judicio
1071 2747 1239 2816 aggravari
1263 2748 1452 2821 permiserat,

185 2852 346 2924 postulans
364 2852 501 2926 prelatus
526 2860 709 2926 procurator
732 2852 806 2909 dicti
823 2851 941 2909 domini
957 2853 1051 2909 nostri
1070 2851 1161 2923 regis,
1176 2852 1280 2910 eidem
1313 2859 1450 2927 exparte

185 2959 348 3015 memorati
372 2959 403 3016 in
427 2974 552 3015 causam
570 2959 699 3023 attracti,
724 2973 780 3032 per
803 2959 906 3031 ipsum
924 2957 1055 3016 condam
1081 2956 1244 3015 dominum
1271 2959 1450 3018 Michaelem

185 3064 359 3136 palatinum
389 3067 419 3121 in
454 3065 613 3136 premissis
647 3062 725 3139 juris
755 3065 922 3137 equitatem
949 3063 1119 3137 impertiri;
1142 3070 1172 3121 et
1196 3065 1270 3137 quia
1296 3065 1379 3124 idem
1400 3066 1452 3149 Jo-

184 3170 299 3227 hannes
325 3170 505 3241 llennyngh,
530 3171 560 3227 in
582 3185 708 3227 causam
731 3176 889 3241 attractus,
911 3168 950 3226 ad
976 3170 1127 3244 premissa
1145 3172 1270 3229 evocari
1295 3171 1451 3239 debuerat,

184 3291 242 3347 pro
265 3290 302 3332 eo
325 3275 408 3333 idem
430 3276 561 3333 condam
586 3277 717 3334 Michael
735 3277 890 3350 palatinus
913 3283 1050 3334 vestram
1066 3277 1243 3334 amiciciam
1268 3277 1449 3336 litteratorie

184 3381 319 3452 pecierat
350 3381 524 3454 diligenter,
553 3388 703 3454 quatenus
732 3389 871 3440 uestrum
904 3383 1066 3441 mitteretis
1097 3383 1256 3440 hominem
1289 3399 1347 3458 pro
1372 3385 1449 3441 testi·

183 3488 289 3544 monio
318 3486 520 3559 fidedignum,
552 3503 614 3560 quo
650 3496 790 3561 presente
813 3488 907 3545 horno
939 3504 1012 3545 suus
1035 3488 1222 3560 palatinalis,
1246 3487 1328 3547 infra
1352 3489 1450 3547 decla·

182 3592 306 3663 randus,
331 3594 369 3650 de
392 3595 476 3650 curia
500 3595 584 3663 regia
603 3609 657 3665 per
683 3593 815 3651 eundem
840 3593 878 3649 ad
903 3592 932 3650 id
958 3594 1133 3666 specialiter
1156 3595 1367 3666 transmissus,
1390 3611 1450 3653 me·

183 3707 339 3755 moratum
360 3700 532 3780 Johannem
557 3700 731 3771 llennyngh
756 3699 794 3756 de
818 3699 1038 3757 Zomzedwara
1062 3700 1250 3773 prescriptas
1284 3701 1403 3760 litteras
1424 3706 1452 3758 et

182 3803 327 3861 litteralia
352 3820 406 3860 sua
430 3806 633 3862 instrumenta
650 3806 873 3874 exhibiturum,
895 3821 930 3861 ac
957 3804 995 3862 de
1018 3803 1133 3880 judicio
1157 3806 1252 3863 trium
1276 3821 1450 3865 marcarum

181 3909 282 3966 eidem
305 3911 438 3967 condam
471 3910 596 3967 domino
621 3912 758 3983 palatino
780 3918 808 3967 et
834 3912 915 3983 parti
939 3910 1069 3968 adverse
1091 3909 1324 3969 satisfacturum
1348 3919 1451 3971 contra

181 4016 351 4071 antelatum
383 4014 544 4072 dominum
576 4024 716 4073 nostrum
751 4032 856 4088 regem
888 4024 1025 4073 actorem
1057 4016 1097 4073 ad
1120 4021 1246 4074 octavas
1278 4016 1349 4075 festi
1374 4018 1451 4077 beati

182 4119 340 4176 Michaelis
371 4120 556 4191 archangeli,
591 4132 662 4178 tunc
689 4129 843 4191 venturas,
868 4123 966 4193 ipsius
997 4121 1130 4179 condam
1152 4121 1269 4180 domini
1295 4125 1452 4182 Michaelis

180 4224 309 4297 palatini
332 4234 474 4281 evocaret
498 4227 529 4283 in
553 4229 754 4298 presenciam,
778 4235 808 4284 et
834 4237 901 4300 post
926 4229 981 4285 hec
1006 4226 1098 4302 hujus
1125 4229 1320 4287 evocacionis
1343 4231 1452 4288 seriem

180 4344 251 4384 cum
276 4331 400 4387 nomine
423 4334 551 4403 evocati,
574 4340 698 4390 octavas
724 4334 762 4390 ad
788 4334 951 4408 predictas,
977 4333 1059 4391 dicto
1083 4333 1216 4392 condam
1239 4334 1369 4393 domino
1398 4337 1452 4394 tti-

182 4435 281 4492 chaeli
306 4438 444 4509 palatino
468 4440 686 4496 rescriberetis.
724 4443 751 4496 Α
775 4439 1019 4513 quibusquidem
1043 4440 1162 4497 octavis
1186 4438 1257 4497 festi
1292 4441 1375 4500 beati
1399 4442 1452 4499 Mi·

181 4540 296 4598 chaelis
313 4544 489 4616 archangeli
513 4547 685 4619 prescripta
709 4547 953 4603 instrumentalis
975 4546 1129 4604 exhibicio
1153 4552 1257 4619 partes
1281 4548 1362 4607 inter
1385 4565 1452 4623 pre·

181 4647 277 4705 dictas
301 4650 439 4707 seriebus
463 4651 638 4708 litterarum
662 4651 738 4708 dicti
761 4652 892 4709 condam
907 4652 1027 4710 domini
1051 4652 1211 4710 Michaelis
1234 4653 1366 4727 palatini
1382 4670 1453 4729 pro

179 4758 334 4827 rogatorie
359 4756 560 4826 ventillanda,
589 4756 626 4813 ad
652 4764 778 4814 octavas
811 4756 880 4815 testi
906 4758 1151 4831 epiphaniarum
1177 4758 1296 4818 domini
1321 4761 1352 4818 in
1373 4775 1454 4820 anno

179 4861 298 4919 domini
321 4862 491 4920 millesimo
514 4862 819 4936 quadringentesimo
837 4864 1048 4935 octuagesimo
1065 4864 1208 4934 secundo,
1225 4866 1377 4940 preteriti,
1404 4868 1454 4927 de·
