3278 5348
618 423 691 484 Doc.
714 435 785 500 243.
811 456 849 465 -
872 422 928 480 An.
952 419 1041 500 1465.

188 526 606 534 ——---—-—--.--------·
628 528 654 533 —
685 528 733 533 -..
781 528 842 533 ..-.

186 639 365 711 prebemus
396 639 508 696 harum
538 644 724 708 nostrarum,
747 638 862 711 quibus
890 643 1043 696 secretum
1075 639 1216 711 sigillum
1245 647 1386 698 nostrum
1418 648 1463 699 est

190 759 383 817 appensum,
407 744 516 816 vigore
544 750 574 801 et
597 745 775 803 testimonio
799 745 974 802 litterarum
998 743 1161 802 mediante.
1185 745 1301 802 Datum
1326 746 1409 804 Bude
1433 747 1464 804 in

190 848 273 907 festo
299 851 384 907 beati
407 848 534 921 Georgii
557 850 702 908 martiris.
727 852 816 908 Anno
840 849 958 907 domini
981 850 1138 906 milesimo
1155 849 1463 924 quadringentesimo

188 956 389 1028 sexagesimo
405 956 522 1028 quinto.
538 955 636 1028 Regni
652 957 750 1014 nostri
765 971 846 1014 anno
861 962 981 1027 octavo,
998 955 1207 1013 coronacionis
1227 971 1301 1013 vero
1318 957 1462 1015 secundo

302 1090 438 1156 Originale
456 1091 484 1139 in
503 1090 658 1142 membrana.
687 1092 758 1140 Zona
785 1092 882 1142 sericea
900 1091 1029 1156 appendet
1050 1090 1147 1152 absque
1167 1089 1262 1154 sigillo.
1290 1094 1323 1140 In
1341 1091 1463 1156 regnicol.

191 1161 265 1212 arch.
286 1162 350 1211 Act.
366 1163 420 1226 Jes.
440 1163 502 1212 fasc.
525 1174 565 1211 10.
584 1177 621 1214 nr.
645 1174 683 1223 19.

782 1339 868 1405 243.

301 1482 383 1530 Anno
405 1480 480 1546 1465,
503 1493 524 1534 1.
545 1481 669 1543 Augusti.
690 1479 788 1532 Budae.

190 1592 340 1662 Matthias,
351 1592 540 1677 'Hungariae
560 1598 608 1648 etc.
631 1608 695 1659 rex,
717 1589 840 1646 neander
859 1590 958 1647 abbati
977 1590 1089 1650 cisterc.
1105 1590 1232 1662 sagrab,
1248 1598 1283 1648 ut
1294 1591 1462 1650 ffirmanus

211 1751 214 1755 ‚
271 1681 305 1738 de
334 1680 415 1738 Carra
437 1681 555 1755 ejusque
576 1687 670 1738 mater
689 1679 728 1736 ab
749 1679 891 1736 immerita
914 1679 1199 1737 excornmunicatrenc
1221 1679 1384 1737 liberentur.

932 1817 972 1864 De
996 1817 1176 1866 commissione
1195 1817 1294 1867 domini
1312 1817 1389 1883 regis.

300 1932 433 1990 ltlathias
456 1930 507 1989 dei
527 1931 632 2004 gracia
654 1946 709 1988 rex
742 1930 908 2003 Hungarie‚
932 1924 1101 2002 Dalmacie,
1126 1930 1254 1989 Croacie
1276 1940 1331 1990 etc.
1362 1932 1461 1991 Fideli

190 2043 301 2096 nostro
325 2037 496 2095 venerabili
520 2045 550 2095 et
573 2037 719 2109 religioso
736 2035 823 2094 fratri
847 2035 1023 2093 Winnando
1048 2036 1155 2094 abbati
1179 2038 1356 2096 monasterii
1374 2039 1462 2096 beate

191 2144 291 2202 Marie
317 2143 446 2216 virginis
469 2141 508 2201 de
531 2143 692 2216 Zagrabia‚
715 2142 849 2200 salutem
873 2148 903 2200 et
924 2142 1070 2215 graciam.
1094 2142 1229 2216 Exponit
1252 2143 1343 2201 nobis
1359 2142 1462 2202 fidelis

189 2255 299 2309 noster
330 2250 505 2308 Hermanus
533 2249 572 2307 de
603 2248 719 2307 Chawa
750 2248 924 2322 querulose,
957 2247 1115 2321 quomodo
1147 2264 1203 2306 vos
1227 2250 1330 2323 ipsum
1354 2254 1384 2307 et
1408 2249 1461 2308 do·

189 2357 313 2414 minam
344 2354 492 2413 Vrsulam
523 2355 665 2415 relictam
697 2355 829 2413 condam
859 2355 954 2412 Marci
985 2354 1023 2412 de
1046 2354 1154 2412 eadem
1177 2354 1302 2426 Chawa,
1324 2361 1458 2414 matrem

190 2477 292 2533 suam,
324 2461 364 2520 ad
394 2463 577 2520 instanciam
608 2462 802 2520 honorabilis
833 2462 973 2533 magistri
1002 2461 1159 2544 lobannis,
1191 2462 1319 2519 rectoris
1349 2461 1462 2520 domus

190 2568 360 2643 hospitalis
389 2557 479 2626 beate
507 2568 669 2627 Elizabeth
691 2569 723 2626 in
746 2583 817 2626 area
841 2567 970 2641 capituli
996 2568 1203 2640 zagrabiensis
1226 2573 1406 2640 constructe,
1430 2569 1462 2626 in

190 2673 383 2748 quibusdam
408 2675 508 2732 causis
530 2674 702 2749 prophanis
725 2675 848 2733 racione
868 2673 1028 2731 cuiusdam
1054 2672 1156 2746 predii
1172 2674 1272 2745 motis,
1288 2688 1349 2731 non
1365 2675 1461 2732 eecle-

190 2781 365 2853 siasticam,
388 2780 441 2839 sed
464 2781 574 2839 vicarii
598 2781 796 2854 episcopatus
819 2780 1025 2853 zagrabiensis
1049 2779 1080 2837 in
1112 2779 1341 2852 temporalibus
1371 2796 1460 2853 gene·

190 2887 279 2958 ralis,
302 2886 407 2946 forum
430 2893 460 2945 et
473 2885 626 2962 judicium
647 2887 911 2958 concernentibus,
936 2886 1043 2958 vigore
1059 2884 1267 2958 quarumdam
1284 2886 1461 2944 litterarum

190 2992 319 3053 concilii
342 2993 527 3065 basiliensis,
551 2993 647 3050 vestri
678 2993 710 3050 in
741 2992 933 3066 presenciam
965 2992 1052 3049 citari
1086 2990 1243 3062 fecissetis,
1275 2997 1305 3049 et
1335 2992 1460 3050 eosdem

190 3101 237 3158 sic
261 3100 293 3158 in
316 3092 412 3158 vestri
433 3099 592 3172 presencia
616 3099 734 3170 citatos,
757 3099 798 3156 ob
822 3097 963 3155 favorem
987 3096 1126 3156 eiusdem
1149 3097 1290 3169 magistri
1312 3098 1460 3179 Johannis

190 3205 350 3264 vexaretis
365 3211 395 3263 et
410 3205 694 3263 excommunicatos
716 3203 900 3263 denunciare
917 3203 1057 3261 faceretis
1073 3204 1104 3260 in
1121 3203 1327 3277 preiudicium
1343 3202 1459 3279 jurium

188 3310 376 3370 eorumdem
407 3311 500 3369 valde
531 3326 688 3383 magnum,
719 3310 800 3368 unde
822 3311 1008 3384 supplicant,
1033 3326 1088 3383 per
1110 3323 1166 3368 nos
1190 3310 1264 3383 ipsis
1294 3311 1460 3384 superinde

188 3423 370 3492 opportune
400 3416 568 3492 provideri.
600 3418 637 3475 Et
668 3417 740 3490 quia
770 3432 826 3473 nos
857 3416 1012 3479 volumus.
1043 3425 1077 3472 ut
1107 3416 1272 3488 unicuique
1295 3431 1349 3474 sua
1370 3415 1460 3490 juris·

189 3523 292 3582 diccio
315 3522 506 3594 observetur,
530 3523 600 3582 ideo
617 3522 762 3581 fidelitati
780 3526 881 3580 vestre
898 3522 1029 3579 firmiter
1047 3522 1251 3595 precipientes
1268 3523 1460 3595 mandamus,

187 3633 345 3704 quatenus
368 3630 503 3704 acceptis
527 3629 731 3703 presentibus,
755 3628 911 3702 predictos
935 3635 1121 3702 exponentes
1146 3643 1164 3684 a
1195 3628 1250 3685 tali
1281 3643 1459 3687 excommu-

188 3735 363 3794 nicacionis
386 3735 541 3793 sentencia
565 3735 736 3792 absolvatis
766 3741 795 3792 et
826 3749 883 3790 vos
915 3734 952 3791 de
983 3733 1100 3791 eisdem
1132 3736 1230 3790 causis
1262 3736 1400 3807 ingerere
1430 3742 1460 3794 et

187 3842 278 3915 ipsas
309 3841 440 3899 ulterius
471 3847 603 3899 tractare
634 3855 696 3897 non
727 3839 873 3910 debeatis,
905 3840 958 3897 sed
991 3840 1115 3897 easdem
1148 3841 1212 3897 sine
1241 3842 1406 3899 renitencia
1430 3848 1459 3900 et

192 3945 382 4005 difficultate
403 3944 520 4023 judicio
542 3952 572 4004 et
595 3947 732 4004 examini
755 3946 828 4004 dicti
853 3946 959 4004 vicarii
984 3948 1181 4020 episcopatus
1204 3948 1410 4018 zagrabiensis
1428 3948 1458 4005 in

187 4052 420 4126 temporalibus
442 4053 596 4126 generalis
620 4053 739 4125 absque
762 4053 847 4110 omni
871 4052 1053 4124 gravamine
1081 4056 1111 4108 et
1143 4050 1372 4108 adiudicacione
1402 4053 1458 4111 ali·

187 4158 279 4233 quali
302 4159 524 4229 transmittatis
548 4159 689 4232 partibus
713 4159 860 4232 predictis
883 4173 989 4216 coram
1014 4159 1081 4231 ipso
1114 4155 1229 4213 vicario
1258 4157 1459 4230 comparendi

187 4264 359 4322 terminum
383 4266 494 4323 vestris
511 4265 542 4322 in
566 4265 677 4323 litteris
695 4265 879 4338 prefigentes
896 4270 1124 4336 congruentem.
1142 4261 1236 4319 Secus
1251 4276 1314 4318 non
1339 4260 1457 4323 facturi.

186 4370 388 4429 Presentibus
403 4371 556 4444 perlectis,
580 4371 737 4429 exhibenti
760 4371 915 4429 restitutis.
939 4371 1055 4426 Datum
1080 4367 1164 4425 Bnde
1188 4368 1219 4425 in
1242 4367 1319 4426 festo
1335 4367 1374 4425 ad
1391 4369 1457 4427 vin·

185 4476 263 4536 cula
286 4477 369 4535 beati
398 4476 481 4535 Petri
511 4477 655 4550 apostoli.
687 4478 776 4536 Anno
805 4475 922 4534 domini
952 4475 1121 4533 millesimo
1152 4474 1457 4548 quadringentesimo

182 4583 383 4655 sexagesimo
413 4583 531 4657 quintu.
564 4582 662 4656 Regni
703 4583 801 4641 nostri
837 4597 918 4641 anno
952 4572 1095 4660 (octavo),
1134 4582 1343 4641 coronacionis
1384 4598 1457 4641 vero

181 4688 334 4751 secundo.

295 4824 429 4889 Originale
448 4825 476 4874 in
493 4825 591 4878 charta.
609 4828 640 4874 In
653 4827 769 4876 inferiori
784 4828 898 4890 margine
911 4827 1064 4891 impressum
1078 4822 1194 4889 sigillum
1206 4825 1297 4876 maius.
1316 4825 1349 4872 In
1361 4824 1456 4875 archiv.

181 4895 251 4953 incl.
275 4895 356 4948 need
375 4896 471 4948 Sedent
490 4895 589 4948 Slnvor.
608 4897 698 4948 merid.
