3278 5348
192 370 254 447 3⁷⁶
602 367 676 429 Doc.
695 381 771 444 303.
795 398 839 409 -
862 366 918 427 An.
943 364 1033 445 1476.
1063 406 1069 412 -

191 585 350 649 voluntate
372 589 478 645 nostra
509 590 562 643 aut
584 597 799 645 successorum
821 588 999 643 nostrorum
1022 581 1062 647 de
1084 581 1204 646 eisdem
1228 581 1373 657 pecuniis
1393 579 1457 643 red·

191 689 297 762 dituri,
328 691 468 764 alioquin
496 691 582 765 ipsos
610 688 841 749 commissarios
872 694 903 749 et
933 689 1108 763 quemlibet
1135 702 1249 751 eorum
1273 687 1456 751 sentenciam

189 797 523 859 excommunicacionis
545 794 719 873 predictam
742 794 890 857 volumus
913 796 1070 855 incurrere
1085 796 1156 871 ipso
1180 793 1274 855 iacto.
1298 794 1343 857 Ut
1358 800 1457 855 auten

190 903 342 977 premissa
373 904 479 963 omnia
503 907 532 961 et
555 903 678 977 singula
702 908 853 979 perpetue
876 901 1033 961 firmitatis
1056 901 1154 961 robur
1176 899 1354 971 obtineant,
1378 914 1457 959 man·

190 1008 301 1071 damus
324 1009 384 1071 sub
408 1008 517 1068 eadem
541 1007 874 1068 excommunicacionis
898 1022 977 1081 pena
1000 1022 1056 1083 per
1079 1006 1200 1069 dictum
1225 1006 1405 1081 capitulum
1425 1019 1459 1066 ea

190 1115 255 1175 suis
278 1115 414 1174 inserere
435 1116 566 1185 statutis,
590 1114 785 1189 firmiterque
807 1120 837 1170 et
860 1114 1039 1173 inconcusse
1061 1112 1161 1173 veluti
1181 1111 1246 1173 alia
1269 1125 1383 1173 comm
1403 1116 1460 1175 su·

190 1225 257 1281 tuta
280 1229 431 1295 perpetuo
455 1221 630 1279 observare.
654 1220 688 1281 In
712 1234 847 1297 quornm
878 1221 1063 1281 memoriam
1088 1225 1118 1281 et
1139 1218 1327 1281 firmitatem
1351 1232 1457 1293 perpe·

190 1332 277 1389 tuam
300 1335 460 1400 presentes
489 1327 609 1385 litteras
639 1326 745 1397 sigillo
775 1332 880 1387 nostro
916 1325 1088 1403 pontificali
1118 1324 1333 1386 communitas
1356 1322 1457 1384 eidem

191 1433 328 1507 capitulo
351 1431 497 1495 duximus
521 1431 739 1493 concedendas.
763 1433 880 1493 Datum
896 1432 1045 1507 Zagrabie
1066 1431 1097 1493 in
1119 1431 1241 1509 palacio
1265 1436 1376 1493 nostro
1397 1429 1459 1505 epi·

191 1537 310 1615 scopali
341 1539 372 1596 in
397 1538 475 1597 sesto
506 1540 677 1599 beatissimi
699 1538 849 1615 Stephani
874 1539 969 1612 primi
991 1539 1075 1612 regis
1097 1538 1268 1617 ilungarie.
1291 1539 1386 1599 Anno
1398 1524 1458 1599 'do

190 1645 267 1707 mini
290 1644 460 1705 millesimo
482 1644 787 1719 quadringentesimo
810 1646 1041 1721 septuagesimo
1061 1650 1156 1707 sexto.

295 1779 429 1842 Originale
447 1781 474 1833 ia
493 1780 648 1839 membrana,
668 1784 737 1833 Ζοω
756 1783 851 1835 sericea
870 1782 960 1835 viridis
972 1781 1101 1849 appendet
1113 1779 1212 1844 manne
1224 1775 1324 1843 titillo·
1345 1776 1379 1829 ΙΙ
1389 1773 1455 1831 ud.

191 1884 276 1919 vener.
296 1868 380 1935 Capit.
399 1870 500 1933 engreb.
520 1871 581 1921 Act.
600 1870 665 1937 Cep.
684 1878 736 1921 ant.
756 1872 817 1924 fasc.
840 1883 879 1934 17.
899 1886 937 1923 ιτ.
958 1883 999 1937 70.

780 2083 873 2155 303.

298 2225 378 2275 Anno
399 2225 536 2290 1476,-25.
556 2225 680 2289 Augusti.
700 2210 816 2277 Casum

197 2351 301 2408 Cortum
324 2352 450 2425 capitulo
479 2353 617 2410 histriensi
645 2353 836 2411 continentias
866 2353 990 2410 civitate}
1019 2353 1122 2410 montis
1151 2350 1305 2411 Grccensr's
1328 2353 1456 2411 interces-

191 2459 297 2517 cioncm
312 2459 395 2532 fact't
414 2466 514 2516 cotrlra
535 2460 691 2532 capitulum
713 2459 843 2533 augrab,
864 2458 943 2533 quod
969 2459 1073 2516 iudicio
1101 2459 1234 2532 regulari
1264 2459 1354 2516 crinio
1381 2455 1459 2532 apud
1500 2450 1503 2455 ’

279 2583 372 2637 regem
396 2582 458 2621 eam
482 2567 556 2622 neris
578 2564 701 2622 hotnr'm's
723 2565 880 2635 cuiusdam,
902 2565 1028 2639 capitulo
1049 2564 1174 2640 subjecti,
1189 2583 1270 2623 ream
1285 2565 1369 2640 fecit.

298 2708 360 2768 Nos
384 2710 560 2783 capitulum
583 2710 712 2773 ecclesie
735 2710 933 2771 chasmensis.
956 2711 1105 2773 Memorie
1128 2694 1388 2775 commendamus
1402 2724 1454 2789 per

191 2822 356 2889 presentes,
388 2816 472 2889 quod
503 2818 746 2891 circumspectus
777 2816 960 2879 Valentinus
983 2817 1060 2879 civis
1083 2817 1217 2879 civitatis
1240 2817 1357 2877 montis
1379 2816 1453 2879 Gre-

191 2922 289 2985 censis
312 2923 343 2985 in
366 2937 421 2983 sua
445 2937 480 2979 ac
503 2921 623 2998 judicis,
653 2920 827 3000 juratorum
858 2930 888 2983 et
920 2923 1136 2987 universorum
1167 2923 1286 2986 civium
1316 2918 1453 2985 eiusdem

190 3029 324 3089 civitatis
347 3029 526 3089 nominibus
550 3035 580 3089 et
603 3031 743 3104 personis
766 3035 906 3090 nostram
927 3030 1133 3107 personaliter
1164 3029 1291 3094 veniens
1325 3030 1359 3089 in
1389 3045 1453 3105 pre

189 3135 325 3195 senciam
348 3152 404 3210 per
435 3134 563 3194 modum
588 3137 934 3211 protestacionisnobis
964 3135 1139 3209 significare
1168 3137 1290 3199 curavit
1318 3137 1353 3199 in
1375 3137 1453 3201 hunc

189 3240 336 3300 modum:
361 3242 519 3314 quomodo
541 3242 684 3316 proxime
708 3244 862 3317 preteritis
886 3242 997 3303 diebus
1021 3242 1167 3304 videlicet
1190 3244 1222 3301 in
1243 3243 1364 3303 octavis
1386 3243 1453 3305 festi

189 3348 272 3407 beati
295 3347 420 3431 Georgii
445 3349 590 3420 martiris,
613 3350 757 3423 proxime
781 3350 904 3425 elapsis,
928 3356 1113 3425 procurator
1136 3365 1300 3409 causarum
1323 3351 1454 3411 honora·

189 3454 262 3513 bilis
286 3456 414 3528 capituli
439 3456 567 3515 ecclesie
590 3456 798 3529 zagrabiensis
821 3463 927 3519 contra
951 3457 1079 3516 eosdem
1099 3455 1244 3532 judicem,
1276 3454 1396 3533 juratos
1425 3460 1454 3517 et

189 3561 271 3618 cives
292 3575 397 3618 coram
423 3563 571 3634 magistro
595 3562 899 3637 viceprothonotario
923 3578 958 3622 ac
979 3562 1083 3640 judice
1105 3563 1260 3624 nobilium
1290 3564 1453 3623 comitatus

187 3667 395 3738 zagrabiensis
427 3668 458 3724 in
489 3684 533 3739 eo,
565 3674 598 3727 ut
630 3669 689 3743 ipsi
720 3669 802 3727 cives
831 3670 999 3742 quemdam
1025 3670 1185 3729 bominem
1206 3668 1306 3743 ipsius
1324 3668 1453 3743 capituli

187 3771 419 3845 interfecissent,
452 3775 679 3846 querimoniam
711 3777 907 3848 porrexisset,
938 3783 967 3835 et
998 3792 1036 3837 ex
1068 3785 1156 3851 parte
1187 3774 1372 3837 eorumdem
1394 3775 1453 3837 sibi

188 3879 339 3941 iusticiam
364 3879 573 3941 administrari
598 3882 792 3953 postulasset.
817 3882 887 3955 Quo
910 3889 1068 3958 percepto,
1092 3882 1192 3942 dictus
1217 3882 1400 3943 Valentinus
1422 3883 1452 3942 in

187 3985 336 4059 personis,
361 4001 495 4059 quorum
519 4002 621 4058 supra,
646 3987 768 4059 pretato
792 3990 988 4061 procuratori
1004 3990 1108 4049 taliter
1123 3988 1353 4064 respondisset:
1370 3987 1451 4064 quod

186 4091 246 4162 ipsi
278 4092 361 4147 cives
392 4096 518 4163 propter
550 4093 727 4151 absenciam
751 4093 861 4169 judicis
892 4094 1090 4167 eorumdem,
1121 4096 1176 4169 qui
1206 4100 1319 4157 eotunc
1341 4097 1450 4156 consti·

186 4195 331 4252 tuebatur
361 4195 443 4268 apud
476 4198 593 4267 regiam
627 4202 827 4274 maiestatem,
860 4201 942 4259 dicto
966 4203 1161 4275 procuratori
1184 4200 1299 4277 prefati
1322 4202 1450 4278 capituli

186 4300 223 4363 de
247 4308 276 4359 et
299 4317 392 4374 super
416 4303 482 4374 ipsa
506 4303 722 4364 interteccione
745 4307 784 4364 ad
810 4308 937 4380 plenum
962 4307 1149 4380 respondere
1172 4314 1202 4367 et
1224 4323 1281 4368 nec
1311 4308 1450 4384 aliquam

185 4407 337 4465 iusticiam
361 4408 426 4465 sive
449 4424 562 4481 puram
585 4407 695 4484 judicis
719 4413 859 4486 ipsorum
885 4413 985 4473 facere
1006 4422 1037 4472 et
1060 4415 1236 4477 ministrare
1252 4424 1367 4490 posset
1388 4417 1452 4478 Ubi

183 4511 268 4570 idem
292 4515 439 4586 magister
463 4516 783 4588 viceprotlronotarius
806 4519 919 4578 auditis
942 4528 972 4578 et
995 4521 1150 4595 perceptis
1166 4522 1450 4583 verbisambarum

184 4619 324 4692 parcium
348 4621 408 4693 ipsi
432 4621 597 4681 Valentino
620 4624 723 4681 taliter
746 4626 959 4697 commisisset,
983 4631 1017 4683 ut
1041 4625 1136 4685 iidem
1159 4627 1244 4689 cives
1266 4635 1379 4690 octavo
1402 4629 1463 4699 die,

183 4730 254 4798 post
278 4726 446 4785 adventum
469 4726 581 4804 judicis
606 4731 747 4802 ipsorum
772 4731 854 4789 dicto
878 4733 1015 4806 capitulo
1039 4748 1077 4793 ex
1093 4738 1182 4807 parte
1198 4734 1450 4811 interempcionis

182 4831 317 4892 hominis
349 4834 485 4892 eiusdem
519 4836 670 4895 iusticiam
702 4837 879 4897 ministrare
910 4838 1066 4899 deberent.
1102 4840 1164 4917 Qui
1195 4841 1326 4923 quidem
1356 4843 1449 4907 iudex
