3278 5348
621 420 693 479 Dec.
718 416 788 477 262.
814 454 854 463 -
879 422 935 479 An.
961 414 1054 499 1468.
1398 440 1459 501 323

191 637 301 704 tatem,
325 633 485 706 quomodo
509 635 582 692 licet
604 634 682 692 alias
705 634 875 706 Ladislaus,
892 635 977 693 filius
1001 637 1132 695 condam
1156 638 1286 709 Nicolai,
1302 637 1361 697 filii
1377 639 1462 698 lwan

192 737 233 795 de
254 737 455 808 Brezowicza,
479 755 538 814 pro
555 739 747 814 quibusdam
769 741 1004 799 necessitatibus
1026 743 1099 814 suis,
1123 744 1227 816 ipsum
1251 759 1287 802 eo
1311 749 1384 802 tunc
1411 760 1462 802 ur·

190 845 336 916 gentibus
359 845 521 917 evitandis,
539 846 647 905 decem
670 851 701 904 et
724 853 796 904 octo
819 847 969 905 sessiones
993 863 1063 905 suas
1085 846 1298 922 jobagionales
1321 850 1353 908 in
1380 850 1463 908 dicta

191 949 361 1023 Brezoycza
385 957 415 1010 et
436 953 499 1010 suis
522 952 719 1026 pertinenciis
743 953 914 1023 existentes,
938 954 1069 1025 habitas,
1093 970 1145 1013 are
1171 960 1331 1028 prenotate
1353 961 1384 1014 et
1405 971 1461 1029 per

189 1069 380 1130 consequens
401 1059 513 1117 rectori
529 1058 668 1116 eiusdem
691 1058 835 1117 videlicet
858 1059 986 1117 domino
1011 1061 1166 1118 Anthonio
1183 1061 1376 1135 exponendo,
1395 1075 1461 1119 me·

191 1161 349 1220 diantibus
368 1164 459 1221 certis
474 1164 585 1222 litteris
601 1164 731 1237 capituli
747 1164 875 1222 ecclesie
890 1166 1098 1237 zagrabiensis
1114 1166 1335 1225 fassionalibus
1354 1182 1462 1240 super·

190 1269 263 1328 inde
286 1268 441 1341 confectis,
465 1270 524 1327 sub
548 1269 679 1327 diversis
703 1269 850 1343 articulis,
874 1272 1033 1342 clausulis,
1057 1273 1145 1346 penis
1165 1279 1196 1330 et
1212 1272 1460 1346 obligaminibus

189 1375 223 1434 in
245 1374 362 1433 eisdem
386 1376 569 1449 conscriptis
592 1383 622 1433 et
644 1375 803 1447 denotatis,
827 1376 929 1435 eidem
951 1393 1004 1435 are
1027 1382 1057 1435 et
1079 1383 1225 1435 annotato
1246 1378 1375 1436 domino
1398 1380 1461 1436 An·

190 1482 299 1540 thonio
323 1498 382 1556 pro
414 1483 574 1556 sexaginta
604 1482 728 1541 florenis
759 1483 828 1540 auri
851 1483 922 1556 puri
945 1483 1062 1542 scilicet
1083 1499 1142 1557 pro
1167 1485 1297 1557 pecunia
1319 1483 1459 1543 eiusdem
1535 1468 1538 1474 ’

189 1603 244 1646 are
267 1604 321 1646 seu
345 1590 453 1647 altaris
477 1594 641 1663 prenotate
664 1589 754 1646 titulo
778 1590 916 1663 pignoris
940 1590 1078 1648 duxisset
1102 1589 1295 1662 obligandas.
1318 1589 1459 1648 Tandem

189 1693 258 1768 ipse
281 1694 443 1753 ladislaus
478 1695 616 1769 quodam
647 1694 732 1752 malo
764 1693 861 1753 fretus
891 1695 1021 1753 consilio
1051 1694 1176 1753 easdem
1199 1696 1349 1753 sessiones
1372 1696 1460 1754 nulla

190 1801 277 1875 prius
308 1816 402 1876 super
425 1806 563 1874 pretacta
586 1816 734 1875 sumpma
757 1817 811 1860 seu
843 1802 910 1858 auri
933 1801 1035 1859 eidem
1058 1802 1225 1875 exponenti
1248 1801 1461 1860 satisfaccione

189 1906 339 1981 impensa,
362 1907 488 1966 easdem
510 1908 660 1965 sessiones
684 1923 743 1981 pro
766 1924 800 1965 se
821 1909 890 1982 ipso
913 1909 1016 1966 minus
1039 1905 1120 1983 juste
1142 1914 1172 1965 et
1202 1907 1340 1966 indebite
1369 1922 1459 1965 occu·

189 2020 302 2087 passet,
325 2020 553 2088 occupatasque
575 2019 773 2072 conservaret
793 2014 891 2072 eciam
915 2014 954 2071 de
978 2015 1113 2088 presenti
1136 2014 1278 2087 potencia
1302 2012 1458 2071 mediante

190 2119 222 2178 in
245 2120 384 2178 eiusdem
406 2120 588 2194 exponentis
612 2117 689 2194 juris
712 2119 919 2193 preiudicium
943 2127 973 2178 et
996 2120 1169 2194 dampnum
1193 2119 1285 2177 valde
1301 2134 1458 2192 magnum.

189 2225 259 2299 Qua
282 2226 484 2299 inquisicione
514 2225 602 2296 facta,
626 2224 710 2283 idem
737 2222 832 2300 judex
862 2225 1017 2283 nobilium
1041 2226 1072 2283 in
1096 2224 1173 2282 festo
1206 2225 1286 2283 beati
1309 2223 1460 2298 Stephani

188 2333 271 2405 regis
294 2333 436 2405 proxime
458 2332 607 2406 preterito
625 2331 664 2388 ad
692 2322 847 2404 prefatum
875 2330 1055 2388 ladislaum
1083 2331 1267 2402 accessisset,
1292 2331 1460 2405 ipsumque

187 2439 240 2496 bic
262 2437 413 2511 Zagrabie
435 2437 640 2513 personaliter
663 2442 831 2511 repertum,
854 2438 885 2495 in
908 2452 954 2508 eo,
979 2442 1013 2495 ut
1035 2438 1101 2510 ipse
1123 2436 1278 2510 predictas
1309 2437 1459 2494 sessiones

187 2543 400 2620 jobagionales
423 2561 479 2618 per
501 2545 605 2618 ipsum
629 2543 730 2601 eidem
754 2544 928 2617 exponenti,
953 2543 1048 2601 modo
1083 2558 1146 2616 quo
1176 2558 1272 2617 supra
1303 2543 1459 2616 impigno-

187 2657 279 2719 ratas,
296 2650 423 2724 pacifice
446 2658 476 2710 et
499 2651 601 2724 quiete
624 2651 795 2707 remitteret
818 2657 847 2707 et
869 2650 1048 2722 resignaret,
1073 2649 1111 2706 de
1134 2650 1284 2723 penisque
1308 2665 1361 2705 seu
1378 2649 1458 2706 obli·

187 2758 366 2830 gaminibus
387 2757 498 2815 litteris
521 2757 658 2814 annotati
681 2757 812 2830 capituli
835 2756 1059 2829 prenominatis
1082 2754 1184 2812 eidem
1200 2756 1368 2829 exponenti
1387 2770 1457 2812 con·

186 2878 298 2937 gruam
333 2869 363 2922 et
396 2862 611 2921 omnimodam
641 2862 771 2920 reddere
806 2862 933 2919 deberet
960 2867 990 2919 et
1024 2866 1179 2919 teneretur
1212 2861 1457 2919 satisfaccionem

186 2970 427 3040 ammonuisset;
452 2970 507 3042 qui
530 2967 656 3042 quidem
681 2968 843 3025 ladislaus
867 2984 922 3024 nec
954 2972 1108 3040 pretactas
1138 2969 1288 3025 sessiones
1319 2966 1459 3042 jobagio·

185 3077 274 3134 nales
296 3076 398 3135 eidem
421 3076 587 3149 exponenti
610 3075 768 3132 remittere
791 3079 821 3130 et
844 3074 1001 3145 resignare
1025 3079 1055 3130 et
1079 3089 1134 3130 nec
1150 3072 1189 3130 de
1206 3074 1352 3145 pretactis
1369 3073 1456 3145 penis

186 3199 240 3241 seu
265 3182 510 3256 obligaminibus
532 3181 697 3239 memorati
719 3180 900 3253 exponentis
924 3180 1063 3252 aliquam
1086 3179 1333 3237 satisfaccionem
1355 3177 1457 3235 facere

187 3289 338 3347 voluisset
367 3298 396 3346 et
426 3303 483 3345 nec
515 3294 660 3357 curasset,
695 3286 749 3343 sed
783 3301 816 3342 se
847 3286 877 3341 in
905 3285 1022 3342 eisdem
1046 3287 1134 3358 penis
1157 3292 1186 3342 et
1210 3284 1457 3356 obligaminibus

186 3397 328 3455 convinci
352 3400 382 3453 et
404 3393 571 3467 aggravari
594 3393 786 3465 permittens,
808 3391 926 3449 Datum
949 3391 1099 3464 Zagrabie
1124 3392 1219 3448 tercio
1240 3391 1290 3449 die
1307 3390 1368 3448 diei
1391 3405 1457 3446 am·

186 3502 369 3561 monicionis
393 3503 561 3575 prenotate.
586 3500 676 3556 Anno
701 3498 820 3555 domini
849 3496 1019 3554 millesimo
1043 3496 1348 3570 quadringentesimo
1370 3510 1458 3553 sexa·

185 3610 307 3682 gesimo
329 3614 450 3665 octavo.

291 3744 427 3810 Originale
445 3746 473 3794 in
492 3745 588 3794 charta.
607 3745 693 3807 Tergo
711 3742 837 3806 impressa
855 3738 904 3787 tria
922 3736 1017 3802 sigilla.
1036 3739 1069 3786 In
1089 3737 1159 3790 arch.
1177 3753 1234 3790 ven.
1255 3737 1331 3802 capit.
1350 3736 1452 3800 zagrab.

183 3834 248 3887 Act.
268 3833 333 3900 Cap.
352 3841 405 3887 ant.
424 3834 486 3886 fasc.
505 3832 548 3897 76.
568 3848 606 3884 nr.
628 3831 668 3882 18.

782 4045 868 4111 262.

290 4192 371 4241 Anno
395 4190 472 4254 1468,
494 4203 532 4253 19.
553 4189 715 4255 septembris.
735 4189 883 4253 Zagrnblae.

180 4323 212 4382 A
241 4320 375 4395 caprola
395 4320 514 4395 aagrab.
545 4319 665 4393 collegii>
685 4316 966 4392 praebendariorum
988 4313 1096 4370 dectina
1119 4312 1149 4367 in
1173 4309 1314 4368 Moravlc
1336 4307 1451 4365 cedatur.

297 4466 361 4525 Nos
395 4465 569 4540 capitulum
603 4463 731 4521 ecclesie
764 4461 980 4534 zagrabiensis.
1016 4457 1165 4516 Memorie
1199 4451 1456 4512 commendamus

181 4580 289 4634 tenore
321 4573 516 4647 presencium
540 4571 757 4643 significantes,
787 4567 902 4641 quibus
934 4564 1061 4637 expedit
1090 4561 1253 4620 universis.
1285 4557 1377 4631 Quod
1399 4571 1455 4614 nos

182 4695 227 4751 ea,
252 4694 312 4753 que
335 4681 590 4751 inaugmentum
615 4677 717 4733 cultus
745 4674 852 4744 divini,
876 4671 1066 4743 ecclesieque
1089 4675 1119 4727 et
1141 4667 1250 4725 salutis
1273 4668 1378 4723 nostre
1400 4678 1454 4720 au-

181 4786 295 4846 xilium
318 4784 443 4859 disponi
467 4789 604 4856 possunt,
628 4781 732 4854 sagaci
755 4779 957 4852 indagacione
979 4774 1261 4834 animadvertentes
1276 4770 1455 4828 nullatenus

182 4892 315 4952 debeant
338 4890 525 4968 protardarl,
549 4887 697 4964 quodque
720 4900 755 4945 ea
778 4900 840 4943 non
863 4891 926 4942 tam
949 4882 1114 4940 salubriter
1141 4887 1267 4951 tamque
1280 4875 1454 5014 diligsnter,
