3278 5348
626 402 700 459 Doc.
724 399 797 459 260.
820 437 862 467 ε
887 406 943 460 An.
970 400 1061 480 ‘7²⁶3-
1408 426 1466 485 3²1

201 614 387 674 contessoris
414 632 472 690 per
501 616 634 675 condam
665 618 878 676 venerabilem
903 619 1005 676 virum
1030 619 1191 677 dominum
1215 621 1369 703 Jacobum
1392 623 1470 680 olim

200 720 455 779 archidiaconum
492 737 730 796 goryczensem,
769 724 951 798 sociumque
989 732 1019 782 et
1055 727 1297 785 concanonicum
1320 733 1470 799 nostrum,

200 827 232 886 in
255 828 384 885 ecclesia
407 828 580 900 parochiali
614 829 696 887 beati
727 829 858 887 Emerici
883 829 970 886 ducis
1005 830 1036 888 in
1071 845 1143 888 area
1176 838 1281 889 nostra
1304 833 1469 905 capitulari

200 931 328 990 fundata
359 935 533 1006 constructi,
563 935 595 992 id
627 935 793 994 sufficienti
824 943 853 993 et
884 935 1019 993 evidenti
1051 937 1226 994 testimonio
1258 944 1351 1011 atque
1374 937 1469 996 docu-

199 1043 305 1096 mento
336 1041 525 1099 venerabilis
557 1057 593 1098 ac
622 1042 825 1114 honorabilis,
853 1041 1050 1116 providique,
1074 1044 1224 1114 virorum,
1248 1042 1466 1104 dominorum:

198 1144 315 1202 Mathie
332 1147 482 1218 prepositi
504 1148 693 1205 chasmensis
716 1162 753 1205 ac
775 1148 905 1205 Fabiani
928 1147 967 1204 de
991 1148 1126 1219 Roycha,
1150 1149 1305 1205 sociorum
1322 1149 1467 1207 similiter

198 1256 229 1307 et
252 1252 529 1310 concanonicorum
553 1259 732 1311 nostrorum
748 1259 778 1311 et
795 1253 889 1311 Blasii
901 1252 1130 1325 Zthoymylych
1153 1253 1237 1324 dicti,
1260 1253 1338 1311 alias
1353 1251 1465 1329 judicis

198 1356 333 1415 civitatis
372 1358 486 1416 montis
524 1357 708 1429 Grecensis,
740 1367 941 1416 executorum
974 1365 1004 1417 et
1041 1360 1311 1418 commisariorum
1351 1360 1464 1432 legitti-

196 1477 323 1521 morum
346 1465 482 1521 annotati
506 1464 638 1522 condam
661 1464 780 1522 domini
803 1465 912 1547 Jacobi
936 1465 1143 1522 archidiaconi
1167 1466 1344 1537 goricensis,
1368 1467 1464 1524 nostri

197 1567 229 1625 in
247 1568 351 1627 medio
375 1570 580 1642 personaliter
603 1571 841 1629 constitutorum
865 1577 895 1628 et
910 1572 1121 1642 existencium,
1145 1572 1296 1643 legittime
1320 1587 1464 1645 compro·

196 1673 311 1731 barunt
327 1689 431 1733 coram
453 1677 553 1747 nobis,
574 1683 608 1733 ut
630 1675 705 1733 dum
730 1677 869 1750 prefatus
893 1677 1025 1734 condam
1042 1677 1186 1734 dominus
1208 1677 1344 1759 Jaoobus
1366 1679 1465 1736 archi·

196 1777 344 1838 diaconus
366 1782 398 1839 in
422 1783 568 1839 extremis
591 1783 653 1840 vite
669 1798 723 1839 sue
747 1783 929 1856 temporalis
950 1783 1130 1854 laborasset,
1147 1798 1300 1855 suumque
1322 1783 1417 1841 scribi
1433 1790 1463 1841 et

195 1886 288 1944 condi
311 1885 431 1946 fecisset
456 1894 681 1960 testamentum,
705 1896 777 1947 tunc
800 1890 867 1964 ipse
891 1891 970 1947 inter
993 1897 1092 1946 certas
1114 1904 1184 1946 suas
1208 1889 1351 1947 salubres
1374 1889 1457 1962 lega·

195 1993 299 2050 ciones
322 1997 353 2051 et
375 1994 596 2068 disposiciones
621 1995 778 2068 quandam
801 1996 932 2053 domum
956 2011 1044 2052 snam
1076 2010 1130 2053 seu
1154 1994 1247 2052 civile
1269 1995 1365 2052 simul
1390 2011 1463 2054 cum

195 2096 293 2155 fundo
315 2115 352 2156 ac
374 2099 512 2171 edificiis,
536 2102 726 2174 cellarioque
749 2103 958 2170 subterraneo
982 2117 1101 2159 necnon
1124 2102 1209 2159 curia
1232 2107 1262 2159 et
1283 2107 1352 2160 orto
1376 2102 1461 2159 simi-

195 2203 268 2262 liter
297 2206 360 2263 suis
391 2207 422 2264 in
452 2208 530 2264 villa
560 2213 665 2266 nostra
695 2223 787 2280 nova,
811 2208 902 2266 aliter
933 2206 1083 2282 Lepawez
1113 2208 1281 2281 appellata,
1318 2223 1353 2264 ac
1382 2208 1463 2265 inter

195 2308 326 2369 domum
347 2318 377 2370 et
392 2318 495 2371 ortum
520 2314 744 2387 prebendalem
768 2330 786 2370 a
810 2314 988 2384 meridione,
1012 2330 1092 2370 nunc
1115 2297 1239 2371 discreti
1262 2313 1322 2371 viri
1347 2314 1478 2371 Micha-

194 2416 253 2474 elis
274 2418 439 2490 presbiteri
455 2419 493 2478 de
509 2419 691 2493 Zenthgerg,
708 2421 795 2478 chori
811 2421 938 2477 ecclesie
962 2429 1066 2477 nostre
1089 2419 1227 2492 predicte
1250 2419 1458 2493 prebendarii,

193 2528 325 2595 aparte
354 2530 457 2583 autem
480 2527 727 2600 septemtrionali
752 2527 831 2584 inter
853 2527 937 2583 viam
963 2541 1015 2583 seu
1032 2527 1175 2582 semitam
1199 2541 1235 2582 ac
1259 2524 1339 2582 inira
1362 2540 1460 2598 usque

192 2626 233 2685 ad
257 2635 395 2688 meatum
425 2631 512 2690 fluvii
536 2632 772 2704 Medwednycza
795 2632 868 2690 dicti
891 2633 1075 2704 tendentem,
1098 2647 1192 2705 seque
1216 2630 1459 2705 protendentem,

191 2733 298 2806 ipsum
327 2737 459 2795 condam
489 2738 652 2796 dominum
686 2739 839 2821 Jacobum
878 2739 1048 2813 empcionis
1086 2739 1177 2796 titulo
1213 2743 1458 2806 concernentem,

192 2839 288 2897 simul
311 2858 384 2900 cum
412 2845 558 2901 omnibus
580 2844 719 2902 eiusdem
751 2845 871 2914 domus,
902 2845 1168 2917 edificiorumque,
1191 2858 1309 2901 necnon
1340 2842 1459 2900 cellarii

192 2947 396 3021 subterranei,
419 2951 566 3024 curiaque
588 2966 624 3007 ac
647 2957 715 3008 orto
738 2952 893 3025 predictis,
916 2950 1038 3026 prelato
1061 2950 1176 3008 Mathie
1200 2949 1373 3023 presbitero
1397 2949 1454 3021 By-

191 3051 273 3126 slrup
297 3054 390 3127 dicto,
414 3070 473 3130 pro
499 3055 647 3114 fidelibus
671 3059 734 3115 suis
757 3058 895 3116 serviciis
919 3057 1047 3114 dederat
1070 3065 1099 3113 et
1131 3056 1289 3128 legaverat
1320 3055 1360 3112 ad
1385 3070 1454 3128 pre·

190 3160 406 3234 scriptumque
423 3163 522 3221 altare
545 3164 629 3221 beati
651 3164 832 3222 Bemardini
855 3168 1022 3222 annexerat
1038 3169 1067 3220 et
1083 3163 1265 3231 contulerat,
1282 3166 1376 3235 prout
1392 3161 1451 3218 hoc

191 3267 224 3325 in
254 3271 437 3326 testamento
467 3270 565 3343 ipsius
596 3270 727 3328 condam
759 3270 876 3328 domini
905 3270 1014 3353 Jacobi
1043 3268 1251 3327 archidiaconi
1281 3268 1397 3340 scripto
1423 3272 1454 3323 et

191 3387 298 3430 coram
330 3376 420 3448 nohis
451 3377 483 3434 in
514 3378 616 3451 specie
646 3377 800 3451 producto
823 3376 954 3449 limpide
978 3382 1007 3433 et
1031 3378 1115 3433 clare
1138 3375 1274 3432 vidimus
1298 3371 1454 3431 contineri.

191 3478 253 3539 Sed
277 3482 350 3554 quia
372 3481 510 3555 prefatus
534 3483 666 3540 Mathias
692 3483 845 3556 presbiter
867 3498 961 3556 super
985 3482 1136 3555 premissa
1161 3480 1317 3552 legacione
1340 3486 1370 3537 et
1397 3478 1452 3535 do·

190 3589 320 3646 nacione
352 3589 524 3664 prescripte
556 3589 679 3663 domus,
704 3588 852 3662 fundique
876 3589 977 3646 civilis
1000 3588 1133 3663 predicti
1157 3603 1227 3644 cum
1251 3586 1314 3643 suis
1338 3585 1452 3642 utilita-

191 3695 277 3753 tibus
299 3695 435 3770 sibiipsi
459 3701 489 3753 et
511 3696 652 3769 predicto
675 3709 732 3752 suo
755 3694 847 3751 altari
870 3694 910 3751 ad
932 3694 989 3751 hec
1013 3700 1154 3767 tempora
1176 3708 1194 3748 a
1218 3693 1308 3748 nobis
1332 3690 1452 3748 litteras

189 3817 252 3861 non
283 3809 440 3875 receperat
463 3818 519 3861 nec
542 3803 738 3876 impetrarat;
764 3801 859 3873 igitur
882 3800 1071 3875 supplicavit
1102 3799 1193 3856 nobis
1225 3797 1363 3872 prelatus
1392 3797 1455 3852 lla·

190 3907 271 3966 thias
294 3908 449 3982 presbiter
478 3908 583 3966 debita
606 3913 637 3966 et
657 3908 770 3966 humili
793 3923 922 3982 precum
946 3922 1017 3963 cum
1041 3905 1197 3973 instancia,
1222 3908 1372 3975 qnatenus
1396 3916 1453 3958 nos

188 4014 368 4072 huiusmodi
384 4015 554 4086 donacioni‚
572 4014 784 4087 legacionique
800 4014 897 4087 ipsius
915 4012 1034 4082 domus,
1054 4009 1319 4080 edificiorumque,
1335 4020 1453 4063 necnon

189 4121 321 4194 cellarii,
352 4121 437 4179 curie
471 4128 500 4179 et
531 4120 592 4178 orti
616 4119 828 4194 predictarum
852 4135 905 4193 per
930 4120 1035 4192 ipsum
1059 4114 1191 4173 condam
1216 4112 1378 4170 dominum
1401 4110 1453 4192 Ja-

188 4229 303 4285 cohum
332 4227 436 4286 cidem
468 4228 582 4284 Mathie
614 4227 787 4300 presbitero
818 4226 992 4298 legatarum
1024 4229 1053 4279 et
1077 4221 1115 4277 ad
1141 4220 1331 4292 presciptum
1355 4216 1453 4273 altare

188 4349 379 4392 annexarum
411 4340 442 4392 et
472 4334 673 4391 dimissarum
703 4339 845 4391 nostrum
870 4331 1052 4390 benivolum
1077 4340 1258 4384 consensum
1284 4323 1400 4398 pariter
1422 4327 1452 4379 et

187 4456 348 4499 assensum
370 4441 509 4514 prebere,
534 4440 708 4513 litterisque
731 4439 844 4497 nostris
868 4435 1119 4513 privilegialibus
1141 4430 1318 4490 rathificare
1335 4435 1365 4486 et
1380 4443 1452 4485 con·

184 4546 314 4607 firmare
336 4546 544 4619 dignaremur.
568 4547 630 4604 Nos
654 4546 749 4619 igitur
771 4540 1059 4619 ¹supplicacionibus
1083 4539 1221 4597 annotati
1237 4536 1350 4594 Mathie
1367 4549 1452 4609 pres·

184 4654 287 4723 bileti,
312 4654 385 4711 item
409 4669 447 4711 ex
472 4655 623 4728 premissa
647 4653 844 4711 attestacione
867 4655 1084 4709 annotatorum
1115 4645 1313 4703 dominorum
1336 4641 1452 4699 Mathie

184 4759 336 4834 prepositi
367 4760 557 4817 chasmensis
587 4775 623 4816 ac
659 4758 787 4816 Fabiani
822 4757 978 4815 sociorum
1014 4760 1044 4811 et
1078 4751 1355 4810 concanonicorum
1396 4762 1451 4805 no·

181 4874 320 4925 strorum
349 4880 385 4923 ac
414 4866 530 4940 prelati
559 4866 654 4924 Blasii
685 4863 797 4941 judicis
820 4862 1048 4936 Zthoymylych
1079 4863 1281 4918 executorum
1312 4853 1449 4913 eiusdem

1307 4975 1341 5018 21
