3256 5346
696 1424 1147 1524 ADDENDA.

911 1709 938 1773 1.

393 1851 472 1898 Auno
495 1862 568 1914 1435.
593 1862 630 1910 19,
651 1850 805 1900 novembris.
826 1849 974 1912 Zagrsblae.

294 1961 459 2033 Capitulum
492 1960 609 2032 ragrub.
633 1959 833 2018 communitate
866 1959 991 2015 ciuitatis
1014 1958 1119 2016 monui
1159 1956 1311 2016 Greccnsrlr
1335 1969 1469 2034 rogante.
1487 1963 1548 2034 pri·

436 2067 570 2138 vilegium
593 2085 612 2120 u
637 2064 821 2138 Segismundu
844 2082 914 2138 rege
937 2061 975 2122 de
997 2064 1174 2121 libertatibus
1196 2063 1304 2123 editum
1327 2067 1427 2127 mittit.

395 2211 458 2268 Nos
474 2210 647 2285 capitulum
672 2210 800 2268 ecclesie
822 2210 1036 2283 zagrabiensis.
1060 2209 1174 2267 Notum
1200 2209 1332 2268 iacimus
1356 2215 1468 2270 tenore
1492 2228 1554 2286 pre

286 2318 425 2376 sericium
457 2317 570 2390 quibus
602 2316 727 2390 expedit
757 2317 919 2389 universis,
944 2315 1027 2390 quod
1052 2314 1202 2389 providus
1225 2316 1275 2374 vir
1297 2317 1447 2399 Jacobus,
1472 2318 1552 2376 filius

288 2424 448 2506 Johannis,
472 2423 545 2481 dicti
569 2422 651 2493 Bole,
668 2420 785 2498 juratus
801 2430 831 2480 et
854 2423 931 2480 civis
953 2422 1086 2480 civitatis
1102 2422 1215 2479 montis
1231 2420 1399 2482 Grecensis
1417 2423 1458 2482 de
1471 2425 1552 2482 iuxta

286 2530 479 2603 Zagrabiam,
511 2530 542 2586 in
574 2544 629 2586 sua
660 2543 696 2585 ac
724 2526 843 2604 judicis,
875 2526 1049 2603 juratorum
1073 2533 1102 2586 et
1133 2529 1353 2586 universorum
1379 2530 1497 2588 civium
1522 2537 1549 2587 et

286 2637 444 2709 hospitum
477 2636 610 2693 civitatis
635 2635 748 2691 montis
769 2634 934 2692 Grecensis
958 2633 1096 2708 predicte
1126 2633 1275 2707 personis,
1300 2641 1442 2693 nostram
1467 2637 1548 2694 veni·

286 2757 339 2800 ens
369 2743 401 2800 in
439 2741 639 2817 presenciam,
675 2737 815 2798 exhibuit
845 2746 875 2797 et
904 2741 1094 2814 presentavit
1122 2739 1213 2798 nobis
1250 2740 1403 2812 quasdam
1435 2742 1550 2800 litteras

286 2849 473 2906 serenissimi
503 2855 532 2905 et
563 2847 757 2905 invictissimi
788 2847 947 2920 principis,
982 2846 1101 2904 domini
1132 2844 1333 2919 sigismundi,
1367 2847 1418 2905 dei
1448 2847 1548 2921 gracia

286 2955 496 3012 Romanorum
529 2955 734 3028 imperatoris,
751 2969 874 3027 semper
895 2954 1025 3026 augusti,
1043 2968 1078 3010 ac
1100 2953 1267 3026 Hungarie,
1293 2952 1452 3025 Bohemie,
1476 2955 1548 3013 Dal·

286 3062 392 3131 macie,
424 3060 552 3119 Croacie
582 3066 637 3120 etc.
667 3061 757 3132 regis,
784 3059 901 3117 domini
933 3061 1028 3118 nostri
1062 3059 1219 3131 naturalis,
1251 3064 1404 3133 patentes,
1436 3062 1548 3118 tenoris

286 3166 483 3240 infrascripti,
518 3173 623 3240 petens
655 3181 710 3224 nos
741 3165 846 3224 debita
876 3181 948 3224 cum
977 3167 1125 3224 instancia
1148 3172 1182 3223 ut
1205 3172 1343 3223 tenorem
1369 3166 1548 3225 earumdem

285 3275 316 3330 in
341 3273 451 3331 litteris
467 3273 579 3331 nostris
596 3273 689 3330 inseri
712 3288 748 3331 ac
771 3272 809 3330 de
832 3273 929 3332 verbo
953 3272 992 3330 ad
1016 3272 1149 3331 verbum
1173 3277 1400 3346 transsumpmi
1424 3279 1454 3330 et
1471 3279 1548 3331 tran·

284 3379 378 3436 scribi
410 3378 559 3448 faciendo
591 3378 708 3436 eisdem
732 3379 807 3436 dare
830 3378 1032 3450 dignaremur
1053 3376 1130 3454 juris
1152 3379 1296 3453 ipsorum
1319 3378 1358 3435 ad
1384 3380 1543 3437 cautelam.

284 3485 424 3558 Quarum
448 3492 536 3542 tenor
552 3487 623 3543 talis
640 3490 697 3543 est:
724 3481 807 3561 (vide
829 3486 905 3543 Doc.
933 3485 981 3560 89.
1006 3484 1044 3542 de
1066 3500 1147 3543 anno
1175 3499 1268 3560 ¹4³⁵·
1292 3484 1321 3545 8.
1343 3476 1546 3559 novembris).

284 3591 349 3647 Nos
372 3592 466 3665 igitur
488 3588 578 3667 justis
601 3597 631 3648 et
655 3590 716 3666 juri
739 3592 879 3648 consonis
902 3592 1108 3665 peticionibus
1132 3590 1244 3665 prefati
1267 3590 1388 3673 Jacobi,
1413 3589 1472 3649 filii
1495 3590 1545 3674 Jo-

284 3698 393 3756 hannis
418 3697 491 3756 Bole
522 3713 578 3756 suo
603 3703 632 3756 et
655 3698 833 3755 nominibus
857 3698 971 3770 quibus
995 3712 1097 3770 supra,
1114 3696 1153 3753 ad
1176 3712 1233 3755 nos
1256 3695 1346 3754 tactis
1369 3704 1545 3766 annuentes,

284 3803 439 3877 predictas
471 3806 589 3862 litteras
613 3803 686 3861 dicti
704 3803 824 3861 domini
846 3804 944 3861 nostri
966 3803 1165 3877 imperatoris
1189 3810 1219 3861 et
1241 3804 1324 3875 regis
1348 3804 1543 3876 presentibus

282 3909 393 3967 litteris
416 3911 528 3968 nostris
550 3911 644 3968 inseri
666 3925 701 3967 ac
725 3909 763 3966 de
788 3910 883 3967 verbo
906 3908 944 3966 ad
968 3910 1100 3968 verbum
1125 3909 1309 3966 transummi
1331 3914 1361 3966 et
1378 3909 1539 3968 transcribi

283 4015 450 4088 sigilloque
483 4022 587 4073 nostro
619 4014 764 4088 pendenti
787 4015 974 4073 communiri
997 4013 1138 4073 faciendo
1161 4012 1279 4072 eisdem
1305 4014 1457 4073 duximus
1478 4030 1545 4074 con·

283 4120 442 4191 cedendas,
472 4120 549 4196 juris
583 4122 722 4193 ipsorum
754 4120 793 4177 ad
816 4121 981 4179 cautelam.
1007 4121 1122 4178 Datum
1145 4127 1258 4178 octavo
1292 4118 1343 4178 die
1367 4121 1439 4180 testi
1461 4121 1541 4179 beati

284 4226 406 4283 Martini
437 4227 573 4299 episcopi
608 4233 636 4284 et
667 4226 859 4284 contessoris.
885 4227 974 4283 ,tnno
998 4224 1117 4283 domini
1140 4226 1312 4284 millesimo
1339 4228 1543 4300 quadringen-

282 4332 393 4388 tesimo
417 4332 573 4389 tricesimo
596 4332 704 4404 quinto
728 4331 914 4404 supradicto

387 4467 521 4529 Originale
540 4469 566 4515 in
586 4469 739 4519 menbrana.
761 4470 830 4515 Zona
849 4468 946 4516 sericea
963 4469 1040 4517 rubra
1058 4475 1084 4517 et
1103 4467 1162 4516 alba
1181 4469 1314 4534 appendet
1334 4471 1436 4534 absque
1454 4469 1544 4534 sigillo.

281 4557 313 4601 In
331 4555 426 4605 archiv.
446 4556 505 4607 incl.
527 4557 605 4607 :tcad
626 4558 721 4608 Scieut.
741 4556 840 4608 Siavor.
860 4557 950 4607 merid.
