3278 5348
623 412 695 471 Doc.
719 425 784 486 191.
811 444 850 454 -
875 410 931 469 An.
955 421 1042 488 1457.
1390 428 1450 487 253

193 629 268 687 tatis
288 634 403 701 nostre,
427 643 515 687 more
537 629 670 687 aliarum
693 627 878 703 civitatuum
901 635 1077 684 nostrarum
1100 628 1271 687 liberarum
1295 627 1326 685 in
1343 642 1453 685 manus

186 733 333 793 fidelium
355 740 532 793 nostrorum
556 735 674 792 civium
697 741 727 791 et
750 733 993 791 inhabitatorum
1030 735 1168 792 eiusdem
1192 735 1453 805 commiserimus,

182 842 313 899 omnino
328 840 458 899 distrahi
481 846 511 899 et
532 841 646 899 abduci
670 839 771 898 iacere
787 838 914 910 debeat;
939 839 1009 898 ideo
1032 846 1062 898 et
1077 839 1220 898 fidelitati
1245 846 1295 898 tue
1318 839 1452 899 firmiter

184 947 421 1019 committimus,
437 954 589 1020 quatenus
612 961 694 1019 casu,
718 961 780 1020 quo
804 946 924 1020 prelata
948 945 1073 1004 domina
1098 947 1129 1004 in
1152 947 1342 1005 contrarium
1367 962 1454 1005 man-

185 1053 250 1113 dati
274 1053 382 1125 nostri,
413 1051 570 1128 prefatum
594 1052 757 1111 castellum
781 1068 843 1110 non
867 1052 1059 1123 distraheret,
1094 1061 1127 1111 tu
1162 1053 1283 1110 civibus
1319 1053 1453 1111 civitatis

184 1165 291 1218 nostre
314 1166 450 1235 pretacte
480 1165 600 1218 tantum
632 1159 785 1217 auxilium
821 1164 851 1217 et
887 1158 1061 1216 subsidium
1098 1158 1198 1217 iacere
1230 1158 1352 1229 debeas,
1389 1175 1453 1233 quo

185 1266 351 1337 mediante,
380 1265 498 1325 dietum
521 1265 685 1324 castellum
708 1265 840 1323 distrahi
863 1265 967 1321 valeat
989 1264 1139 1323 effective.
1176 1266 1212 1322 Et
1242 1263 1329 1322 alind
1353 1264 1454 1323 iacere

186 1387 248 1430 non
272 1387 443 1446 presumas.
467 1372 585 1430 Datum
609 1372 725 1429 Vienne
748 1372 779 1429 in
803 1370 882 1429 festo
904 1371 988 1428 beati
1012 1371 1113 1444 Egidii
1137 1371 1261 1428 abbatis
1286 1376 1316 1429 et
1333 1370 1451 1430 confes·

185 1479 275 1537 soris.
301 1480 391 1536 Anno
414 1477 533 1536 domini
557 1479 714 1537 milesimo
730 1477 1036 1551 quadringentesimo
1053 1478 1290 1550 quiquagesimo
1308 1479 1453 1552 septimo.

184 1584 365 1657 Regnorum
389 1589 493 1643 autem
516 1592 695 1643 nostrorum
717 1598 797 1642 anno
821 1584 979 1656 ilungarie
1003 1591 1057 1641 etc.
1081 1583 1202 1642 decimo
1225 1584 1368 1657 septimo,
1388 1581 1453 1658 (sic)

186 1690 334 1749 Bohemie
356 1707 433 1749 vero
456 1697 576 1765 quarto,

292 1894 427 1959 Originale
445 1896 473 1944 in
497 1895 592 1945 charta.
632 1897 661 1944 ln
685 1897 800 1959 margine
826 1897 941 1945 inferiori
971 1896 1122 1960 impressum
1150 1904 1189 1946 est
1214 1897 1337 1959 sigillum.
1364 1900 1394 1947 In
1414 1915 1453 1947 ar·

185 1984 273 2034 chivio
292 1984 339 2034 lib.
361 2001 413 2047 reg.
433 1985 480 2035 civ.
501 1984 601 2047 zagrab.

780 2269 856 2335 191.

294 2463 375 2512 Anno
398 2476 472 2529 1457,
495 2476 515 2515 1.
536 2463 697 2528 septembris.
718 2463 843 2514 Viennae.

186 2608 357 2679 ladislaus,
379 2611 556 2682 Hungarioc
578 2616 628 2669 etc.
651 2627 714 2678 rex,
736 2607 844 2665 civibus
866 2608 986 2680 aagrab.
1010 2610 1130 2682 rgrtosci!
1150 2627 1243 2665 oneoes
1267 2611 1455 2668 contremelias

505 2736 532 2789 ct
555 2733 696 2808 injurias,
718 2731 821 2805 quibus
843 2727 951 2789 rzobiIcs
973 2732 1137 2806 affecerunt.

884 2887 1039 2937 Commissio
1058 2890 1162 2954 propria
1181 2890 1279 2938 domini
1298 2891 1383 2953 regis..

295 3019 358 3076 Nos
381 3017 545 3077 Ladislaus
568 3018 618 3075 dei
641 3018 745 3091 gracia
768 3017 934 3089 Hungarie,
960 3018 1115 3088 Bohemie,
1139 3018 1308 3087 Dalmacie,
1325 3020 1453 3077 Croaeie

189 3131 246 3183 etc.
269 3142 332 3182 rex.
356 3140 391 3182 ac
415 3125 538 3182 Austrie
562 3131 591 3181 et
615 3123 706 3182 Stirie
729 3123 801 3193 dux,
826 3124 1027 3196 marchioque
1051 3126 1188 3183 llorauie
1211 3135 1267 3184 ete.
1304 3127 1454 3185 Memorie

188 3230 445 3289 commendamus
469 3246 525 3304 per
550 3237 715 3304 presentes,
751 3230 834 3303 quod
858 3247 914 3288 nos
939 3232 1099 3289 universos
1133 3233 1215 3289 cives
1249 3240 1280 3290 et
1303 3233 1453 3290 inhabita·

189 3344 272 3396 tores
295 3337 429 3395 civitatis
451 3344 555 3395 nostre
577 3337 690 3394 montis
714 3336 875 3395 Grecensis
899 3352 992 3410 super
1016 3338 1168 3395 universis
1200 3338 1362 3395 dumtaxat
1391 3340 1455 3397 illis

187 3443 342 3517 dampnis,
366 3441 496 3518 injuriis,
519 3443 644 3500 offensis
668 3451 697 3500 et
721 3444 920 3514 nocumentis,
945 3459 1005 3516 que
1028 3443 1121 3500 iidem
1145 3445 1228 3501 cives
1251 3452 1281 3502 et
1304 3445 1455 3502 inhabita·

186 3560 268 3609 tores
291 3550 424 3607 civitatis
447 3559 551 3607 nostre
575 3548 712 3622 predicte
736 3558 877 3622 tempore
900 3550 1115 3622 occupacionis
1151 3549 1289 3607 eiusdem
1321 3552 1455 3609 civitatis

187 3663 292 3714 nostre
309 3657 421 3713 montis
444 3653 607 3713 Grecensis
632 3671 687 3727 per
711 3655 843 3712 condam
867 3655 1023 3712 illustrem
1047 3655 1188 3712 Vlricum
1213 3657 1358 3713 comitem
1376 3656 1455 3715 Cilic

186 3773 241 3821 etc.
267 3760 345 3819 facte
366 3767 397 3819 et
417 3767 528 3835 expost
550 3776 611 3819 non
635 3762 810 3820 voluntarie
834 3761 888 3819 sed
912 3777 969 3834 per
992 3761 1124 3818 eunlem
1148 3762 1279 3819 condam
1313 3763 1453 3819 Vlricum

186 3868 334 3927 comitem
358 3882 394 3925 ac
417 3867 586 3925 familiares
610 3882 681 3925 suos
704 3876 734 3925 et
758 3867 797 3925 ad
822 3869 926 3941 ipsum
950 3869 1137 3941 pertinentes
1160 3869 1303 3940 conpulsi
1320 3879 1350 3924 et
1366 3883 1452 3925 coar·

191 3975 257 4046 tati,
279 3974 439 4032 nobilibus
463 3973 514 4031 vel
530 3975 658 4032 alterius
682 3975 817 4032 cuiusvis
840 3979 936 4030 status
972 3974 1151 4029 hominibus
1183 3973 1451 4045 qualitercumque

190 4080 376 4152 intulissent,
400 4081 480 4138 intra
503 4081 553 4138 vel
577 4088 665 4137 extra
686 4079 836 4155 judicium
860 4080 980 4153 quietos
1003 4087 1032 4135 et
1067 4079 1227 4152 expeditos
1260 4078 1453 4135 reddidimus

187 4198 218 4246 et
244 4187 466 4256 commisimus,
490 4187 587 4244 immo
608 4186 767 4244 reddimus
783 4194 813 4244 et
829 4187 1053 4242 committimus
1067 4186 1258 4257 presencium
1276 4185 1450 4241 testimonio

188 4292 351 4353 mediante.
375 4293 491 4350 Datum
514 4293 655 4365 Wyenne
678 4295 709 4351 in
733 4293 811 4350 festo
836 4293 916 4349 beati
940 4291 1040 4362 Egilii
1064 4292 1186 4347 abbatis
1211 4298 1240 4347 et
1256 4290 1454 4348 confessoris.

187 4403 279 4459 Anno
313 4399 432 4457 domini
467 4379 635 4457 millesimo
671 4399 975 4472 quadringentesimo
1011 4398 1268 4469 quinquagesimo
1306 4398 1450 4470 septimo.

188 4506 369 4581 Regnorum
392 4512 569 4564 nostrorum
593 4521 673 4563 anno
711 4506 869 4578 ilungarie
903 4512 957 4561 etc.
996 4503 1117 4560 decimo
1149 4512 1268 4571 octavo,
1304 4502 1451 4561 Bohemie

186 4626 261 4670 vero
287 4618 406 4685 quarto.

291 4799 463 4865 Originalein
481 4800 569 4849 charta
598 4801 627 4847 In
648 4800 760 4859 margine
776 4800 891 4848 inferiori
907 4798 1020 4861 sigillum
1040 4799 1200 4862 impressum.
1222 4798 1252 4845 In
1271 4799 1385 4847 archivio
1406 4797 1451 4849 lib.

186 4904 240 4955 reg.
258 4890 309 4943 etv.
326 4889 507 4955 zagrabiensis.
