3278 5348
271 434 334 495 324
678 416 751 473 Doc.
775 411 848 491 263.
874 447 912 457 -
939 410 1112 493 An.1469.

268 632 328 691 nisi
351 648 406 707 per
436 631 660 707 prebendarius
692 631 781 689 chori
810 630 938 688 ecclesie
967 636 1073 688 nostre
1104 628 1225 703 pretate
1247 630 1393 702 expediri
1418 635 1543 689 valeant

269 745 362 812 atque
392 738 519 812 possint.
550 738 666 795 Eorum
697 737 874 811 paupertati
904 735 1125 794 nichilominus
1148 735 1179 792 in
1202 750 1238 793 ea
1262 739 1354 809 parte
1376 752 1543 795 succurere

268 846 435 918 cupientes,
458 850 492 900 ut
515 843 570 916 qui
592 844 679 917 prius
702 843 783 901 circa
807 843 927 900 cultum
952 841 1094 899 divinum
1119 842 1248 915 eiusque
1272 841 1449 901 ministeria
1473 843 1542 901 dili·

267 957 373 1024 gentes
403 949 524 1008 fuerant
554 949 723 1022 comperti,
757 965 813 1023 per
843 963 900 1006 nos
930 947 1056 1005 tandem
1088 948 1277 1006 remunerati
1311 955 1409 1021 atque
1441 949 1539 1008 dotati

268 1057 369 1128 magis
398 1055 567 1129 pervigiles
597 1055 714 1112 eisdem
745 1054 884 1113 serviciis
908 1053 1021 1111 divinis
1051 1054 1234 1126 insisterent,
1265 1069 1374 1128 eaque,
1399 1071 1463 1129 que
1486 1073 1541 1130 per

267 1178 324 1221 nos
348 1162 493 1237 pluribus
516 1161 641 1218 intentis
665 1161 748 1218 curis
770 1166 800 1218 et
823 1161 979 1233 signanter
1002 1160 1088 1218 horis
1111 1161 1266 1219 canonicis
1285 1165 1316 1218 et
1333 1162 1431 1220 misse
1454 1163 1542 1220 beate

268 1269 398 1341 virginis
429 1269 533 1338 Marie,
566 1282 637 1325 cum
670 1267 784 1339 quibus
814 1267 932 1324 onerati
964 1282 1026 1324 non
1048 1262 1238 1324 sufficienter
1261 1268 1385 1341 provisi
1409 1268 1540 1339 fuerant

268 1375 388 1448 expleri
404 1388 465 1431 non
483 1379 615 1447 possent,
632 1388 688 1446 per
711 1387 764 1430 eos
781 1374 958 1430 accuracius
981 1379 1073 1446 atque
1097 1372 1282 1445 diligencius
1304 1382 1540 1447 exequerentur.

267 1480 332 1539 Nos
362 1497 400 1537 ex
433 1480 571 1537 unanimi
601 1485 676 1536 voto
704 1484 809 1536 nostro
832 1484 925 1551 atque
948 1485 1070 1536 matura
1093 1478 1321 1537 deliberacione
1353 1482 1528 1552 prehabitis

266 1599 375 1644 omnes
391 1592 420 1644 et
435 1584 574 1658 singulas
591 1585 727 1642 decimas
742 1591 862 1642 nostras
878 1584 916 1642 ad
934 1586 1114 1658 porcionem
1131 1583 1277 1643 videlicet
1299 1583 1467 1645 dumtaxat
1489 1603 1540 1647 no

267 1696 365 1750 stram
377 1693 407 1749 in
423 1691 563 1749 districtu
580 1692 619 1749 de
638 1690 817 1749 Morawcha
840 1699 1056 1749 concernentes
1079 1696 1110 1749 et
1132 1691 1299 1765 provenire
1322 1692 1434 1750 solitas
1449 1699 1540 1768 atque

266 1803 438 1869 constetne,
473 1797 591 1856 eisdem
613 1797 681 1856 iure
705 1804 857 1872 perpetuo
880 1805 910 1855 et
933 1796 1182 1855 irrevocabiliter
1204 1796 1354 1856 duximus
1377 1798 1447 1858 iore
1469 1816 1539 1858 con·

266 1902 418 1961 cedendas
440 1908 533 1976 atque
556 1902 723 1974 donandas,
747 1904 844 1961 immo
874 1902 1071 1962 concedimus
1102 1908 1195 1976 atque
1218 1904 1380 1964 donamus.
1417 1907 1538 1966 Harum

266 2017 443 2069 nostrarum
467 2010 564 2082 sigilli
589 2011 687 2069 nostri
703 2011 892 2084 appensione
907 2011 1170 2067 communitarum
1187 2011 1295 2083 vigore
1311 2016 1342 2068 et
1357 2014 1536 2072 testimonio

267 2116 442 2174 litterarum
467 2116 629 2174 mediante.
653 2117 770 2174 Datum
795 2116 871 2174 teria
894 2116 1027 2173 secunda
1051 2115 1196 2190 proxima
1220 2123 1291 2174 ante
1314 2116 1430 2176 festum
1454 2120 1537 2178 beati

267 2223 382 2280 Mathei
404 2221 539 2294 apostoli
561 2226 592 2279 et
614 2223 820 2293 ewangeliste.
845 2223 934 2279 Anno
958 2222 1075 2280 domini
1099 2223 1270 2282 millesimo
1293 2224 1535 2299 quadringente·

267 2328 347 2386 simo
370 2327 563 2400 sexagesimo
586 2333 706 2385 octavo.

373 2449 397 2497 E
415 2447 483 2496 libro
502 2454 654 2497 statutorum
673 2446 733 2499 coll.
752 2447 895 2496 Praebeud.
915 2463 980 2499 saec.
1000 2449 1065 2500 XV.
1085 2449 1117 2497 In
1136 2448 1205 2499 arch.
1224 2449 1351 2498 honornb.
1365 2450 1427 2504 colL
1445 2452 1537 2504 Praeb.

854 2660 939 2726 263.

373 2804 454 2852 Anno
476 2803 551 2882 1469,
574 2802 613 2856 16.
633 2802 757 2865 Augusti.
778 2801 968 2854 Nandoratbae.

274 2930 417 3003 Georgius
445 2926 578 2998 Bradal,
610 2932 665 3003 qui
692 2931 722 2986 in
753 2931 870 2988 civitate
901 2929 1013 2985 domum
1043 2928 1117 2998 enati,
1148 2935 1182 2986 ut
1201 2929 1232 2985 in
1255 2948 1409 2990 numerum
1431 2935 1535 2990 cirrium

733 3037 898 3105 asciscatur,
920 3035 1068 3093 contendit.

373 3178 435 3235 Nos
459 3177 628 3250 Gregorius
647 3178 778 3235 Bradacz
796 3179 833 3235 de
850 3179 1046 3249 Ladomercz,
1064 3180 1242 3252 capitaneus
1267 3180 1536 3242 nandoralbensis.

266 3285 506 3359 Circumspectis
531 3292 560 3341 et
576 3285 710 3342 honestis
735 3285 817 3352 viriS,
834 3282 929 3359 judici
953 3293 983 3342 et
1002 3283 1112 3361 juratis
1135 3302 1171 3343 ac
1189 3287 1342 3345 universis
1357 3287 1536 3361 hospitibus

265 3391 399 3450 civitatis
428 3390 650 3462 zagrahiensis,
683 3389 834 3460 dominis,
865 3391 973 3449 amicis
996 3398 1026 3448 et
1049 3390 1198 3450 iratribus
1220 3391 1312 3450 nobis
1335 3392 1535 3468 honorandis,

263 3496 396 3555 salutem
422 3513 492 3553 cum
516 3497 640 3553 honore.
664 3496 888 3570 Circumspecti
912 3497 1039 3565 domini,
1064 3497 1156 3554 amici
1179 3503 1208 3554 et
1230 3497 1341 3555 tratres
1364 3499 1457 3557 nobis
1481 3501 1534 3558 ho·

264 3602 402 3661 norandi.
426 3603 552 3661 Constat
575 3603 665 3660 vohis
688 3610 717 3660 et
741 3604 870 3660 cuilibet
895 3610 1007 3671 vestro,
1032 3603 1115 3676 quod
1138 3618 1195 3661 nos
1219 3604 1375 3676 quendam
1400 3605 1535 3664 fundum

265 3709 349 3766 curie
379 3709 409 3766 in
442 3708 546 3766 medio
577 3709 673 3766 vestri
697 3709 950 3781 comparavimus
973 3716 1002 3766 et
1027 3710 1166 3782 precium
1190 3709 1329 3767 eiusdem
1352 3709 1442 3769 fundi
1468 3714 1536 3786 ple·

264 3815 349 3872 narie
372 3814 582 3889 persolvimus
606 3821 635 3872 et
659 3815 697 3871 ad
723 3821 874 3888 perpetua
897 3831 953 3872 nos
976 3816 1007 3873 in
1031 3814 1170 3873 medium
1195 3816 1290 3874 vestri
1315 3817 1534 3877 transtulimus

264 3936 504 3994 permansurum
527 3927 556 3979 et
580 3928 762 3979 moraturos.
789 3921 860 3978 ldeo
884 3928 1002 3979 vestras
1027 3923 1161 3995 petimus
1184 3922 1424 3996 dominaciones‚
1456 3927 1536 3983 ami·

263 4026 355 4085 cicias
377 4033 407 4084 et
429 4026 647 4098 iratemitateS,
672 4033 823 4100 quatenus
842 4028 927 4085 omni
950 4035 1054 4086 vestro
1078 4028 1234 4087 adiutorio
1256 4035 1287 4087 et
1303 4030 1424 4089 auxilio
1440 4033 1535 4091 nobis

262 4131 370 4190 adesse
393 4132 505 4204 velitis,
529 4135 741 4207 promittimus
765 4135 847 4190 enim
872 4134 984 4191 harum
1007 4135 1086 4193 serie
1110 4141 1140 4192 et
1163 4134 1226 4192 fide
1240 4140 1347 4194 nostra
1364 4135 1535 4211 mediante,

262 4238 351 4295 utin
375 4238 521 4295 omnibus
544 4237 713 4295 secundum
747 4237 815 4312 jura
838 4240 973 4297 civitatis
1004 4247 1106 4298 vestre
1140 4239 1308 4312 procedere
1338 4244 1369 4298 et
1402 4241 1536 4301 obedire

262 4343 409 4400 volumus
440 4348 469 4401 et
501 4343 540 4400 ad
574 4343 677 4401 omnia
707 4342 777 4418 jura
809 4352 910 4402 vestra
943 4360 999 4403 nos
1021 4346 1209 4418 obligamus,
1233 4346 1346 4403 harum
1369 4346 1483 4421 vigore
1505 4357 1537 4409 et

263 4450 438 4507 testimonio
469 4448 643 4506 litterarum
675 4455 851 4506 nostrarum
883 4451 1046 4509 mediante.
1072 4452 1187 4509 Datum
1211 4452 1243 4510 in
1264 4458 1366 4510 castro
1390 4452 1537 4515 Nandor·

261 4554 382 4613 alhensi
397 4541 532 4612 secundo
549 4555 599 4612 die
615 4553 683 4612 festi
703 4556 935 4629 Assumpcionis
951 4559 1094 4630 gloriose.
1114 4559 1201 4616 Anno
1217 4557 1338 4619 domini
1359 4558 1536 4621 millesimo

260 4660 565 4734 quadringentesimo
588 4662 781 4732 sexagesimo
803 4678 894 4720 nono.

366 4795 499 4862 Originale
518 4797 545 4846 in
563 4796 658 4854 charta,
676 4796 703 4844 in
721 4797 836 4861 margine
855 4799 970 4849 inleriori
989 4800 1104 4865 sigillum
1122 4801 1284 4866 impressum.
1303 4802 1400 4853 Exstat
1413 4798 1496 4857 etiam
1508 4807 1536 4857 ln

258 4891 420 4951 hansumpto
439 4886 546 4952 capituli
563 4886 664 4950 zagrab.
