3278 5348
616 429 691 487 Doe.
714 442 764 505 43.
789 461 831 471 —
854 428 903 486 An
935 428 1025 506 ¹42⁶·

801 639 866 704 43.

295 781 376 830 Anno
396 780 471 844 1426,
494 793 534 842 19.
553 781 684 833 februarii.
702 780 850 844 Zagrabiae.

195 908 388 965 Commonitos
418 909 543 966 civitatis
572 926 668 967 eorum
697 909 821 983 capitulo
851 910 968 984 nogrob.
992 909 1026 968 de
1040 910 1265 985 possessionibus
1287 909 1406 968 Hros'lo
1429 917 1458 968 et

192 1014 362 1085 Petrooino,
384 1033 458 1089 quos
480 1013 690 1089 Sigu'snrnndus
715 1031 770 1072 rex
792 1015 933 1074 nobilibus
956 1016 990 1074 de
1005 1015 1100 1075 Sused
1111 1016 1290 1087 condonavit,
1305 1015 1454 1073 identidem

762 1129 881 1180 recusat.

292 1266 356 1327 Nos
390 1267 565 1342 capitulum
600 1265 728 1325 ecclesie
761 1267 977 1340 aagrabiensis.
1009 1268 1159 1327 Memorie
1191 1267 1454 1342 commendantes,

190 1378 292 1432 tenore
314 1375 512 1448 presencium
535 1372 755 1447 significamus,
779 1374 893 1447 quibus
925 1374 1053 1448 expedit
1082 1375 1243 1434 universis.
1278 1373 1370 1448 Quod
1393 1374 1454 1432 viri

189 1480 312 1553 providi
335 1486 365 1538 et
388 1481 510 1538 honesti
533 1479 652 1551 Fricbe‚
675 1477 761 1537 filius
783 1479 851 1563 Juri
875 1485 905 1538 et
926 1480 1070 1564 Jacobus,
1097 1479 1182 1541 filius
1204 1480 1354 1564 Johannis
1377 1479 1454 1539 dicti

189 1584 291 1660 Bolye,
315 1585 411 1662 jurati
434 1587 518 1645 cives
541 1585 676 1645 civitatis
698 1586 813 1643 montis
837 1584 1001 1645 Grecensis
1024 1587 1055 1644 in
1079 1587 1221 1661 ipsorum
1243 1594 1274 1645 et
1288 1584 1400 1662 judicis
1416 1600 1452 1645 ac

186 1689 360 1768 juratorum
383 1708 523 1752 necnon
547 1697 577 1750 et
599 1692 817 1751 universorum
841 1692 959 1750 civium
982 1692 1122 1750 eiusdem
1154 1693 1288 1751 civitatis
1312 1692 1453 1767 personis

186 1799 225 1856 ad
246 1805 388 1858 nostram
411 1799 619 1874 personaliter
641 1798 794 1857 veniendo
816 1799 1010 1872 presenciam
1033 1799 1124 1856 nobis
1146 1815 1204 1872 per
1227 1798 1357 1856 modum
1380 1813 1453 1872 pro·

186 1906 361 1964 testacionis
384 1911 415 1963 et
438 1904 661 1978 prohibicionis
684 1904 859 1977 significare
882 1910 1030 1963 curarunt
1053 1906 1085 1963 in
1100 1905 1182 1962 hunc
1198 1904 1344 1963 modum:
1368 1903 1451 1977 quod

186 2017 280 2085 prout
303 2012 364 2086 ipsi
384 2009 487 2087 judex,
509 2008 602 2086 jurati
625 2015 655 2068 et
676 2011 813 2069 universi
837 2011 921 2069 cives
957 2011 1037 2069 dicte
1068 2011 1202 2069 civitatis
1232 2012 1452 2085 percepissent,

186 2117 358 2189 ladislaus,
382 2117 467 2175 filius
490 2116 612 2175 Nicolai
636 2116 710 2175 dicti
731 2116 843 2189 Thotb,
860 2122 891 2175 et
912 2117 1076 2201 Johannes‚
1100 2116 1185 2175 filius
1216 2117 1386 2188 Laurencii,
1411 2117 1451 2174 si·

185 2224 303 2283 militer
326 2223 429 2283 Thoth
453 2222 537 2297 dicti,
560 2222 598 2282 de
622 2222 832 2295 Zumzedwar,
856 2222 1009 2298 quasdam
1044 2223 1121 2281 duas
1155 2224 1365 2298 possessiones
1396 2237 1451 2279 seu

189 2331 284 2389 villas
306 2330 472 2389 Petrouina
495 2336 526 2388 et
547 2330 688 2388 Hrascha
723 2335 857 2402 vocatas,
892 2331 924 2389 in
958 2331 1106 2389 comitatu
1140 2330 1333 2403 aagrabiensi
1367 2329 1451 2388 ultra

188 2436 318 2497 fluvium
344 2437 436 2496 Zawa
459 2442 614 2508 vocatum,
635 2437 759 2496 habitas
782 2443 812 2496 et
845 2439 1019 2511 existentes,
1054 2438 1131 2512 ipsis
1164 2437 1311 2497 videlieet
1344 2434 1451 2512 judici,

186 2541 295 2619 juratis
318 2547 349 2603 et
371 2545 525 2603 universis
548 2544 671 2602 civibus
695 2543 815 2619 prefate
846 2545 980 2603 civitatis
1015 2545 1093 2603 alias
1128 2543 1247 2601 dudum
1282 2559 1339 2618 per
1370 2558 1450 2601 sere·

187 2650 350 2709 nissimum
373 2651 548 2724 principem
571 2649 733 2708 dominum
757 2648 993 2724 sigismundum
1017 2650 1067 2709 dei
1101 2651 1206 2724 gracia
1235 2650 1450 2709 Romanorum

188 2771 302 2830 regem,
326 2772 451 2830 semper
473 2760 651 2829 augustum,
672 2771 708 2814 ac
731 2757 898 2829 ilungarie,
929 2756 1084 2829 Bohemie‚
1115 2757 1286 2827 Dalmacie,
1322 2756 1450 2815 Croacie

188 2870 243 2921 etc.
267 2877 383 2935 regem,
406 2862 568 2921 dominum
591 2867 734 2921 nostrum
757 2863 940 2933 naturalem,
964 2877 1022 2936 pro
1045 2862 1193 2920 fidelibus
1225 2863 1364 2921 serviciis
1400 2876 1451 2919 eo·

187 2968 329 3026 rumdem
360 2967 479 3044 judicis,
514 2966 689 3043 juratorum
724 2973 754 3025 et
785 2969 1003 3026 universorum
1039 2969 1155 3026 civium
1186 2969 1309 3042 ipsique
1330 2968 1450 3031 civitati

189 3090 269 3132 nove
293 3074 473 3132 donacionis
496 3075 587 3132 titulo
611 3073 707 3145 datas,
742 3073 873 3130 collatas
908 3079 937 3130 et
968 3079 1176 3148 perpetuatas,
1211 3075 1340 3133 terciam
1374 3089 1450 3132 vero

188 3181 412 3254 possessionem
435 3197 489 3239 seu
512 3182 626 3240 villam
648 3180 849 3253 Silyakouina
871 3181 1065 3254 appellatam
1096 3182 1127 3238 in
1158 3180 1269 3238 eodem
1300 3181 1450 3239 comitatu

189 3287 378 3359 zagrabiensi
400 3288 545 3346 similiter
567 3289 650 3345 ultra
674 3286 850 3360 predictum
873 3286 1003 3344 fluvium
1027 3286 1118 3344 Zawe
1148 3287 1241 3344 sitam
1265 3293 1294 3344 et
1317 3287 1450 3344 existen·

188 3398 257 3464 tem,
280 3394 366 3466 ipsos
389 3394 507 3452 scilicet
528 3392 663 3469 judicem
684 3398 715 3451 et
737 3391 864 3469 juratos,
887 3393 1111 3466 universosque
1127 3394 1211 3450 cives
1227 3393 1360 3450 civitatis
1377 3409 1447 3466 pre·

188 3504 289 3557 notate
312 3500 484 3573 empcionis
507 3499 600 3557 titulo
623 3500 806 3557 litteratorie
829 3504 1073 3570 concernentem,
1096 3499 1138 3556 ab
1161 3499 1230 3573 ipsa
1253 3500 1338 3571 regia
1368 3515 1449 3557 sere·

187 3606 280 3663 nitate
303 3621 362 3678 pro
386 3622 419 3663 se
441 3607 517 3680 ipsis
540 3620 648 3663 rursus
671 3606 793 3663 racione
816 3605 994 3664 donacionis
1018 3606 1109 3663 titulo
1133 3604 1270 3663 indebite
1293 3610 1323 3662 et
1346 3606 1450 3663 minus

186 3707 264 3784 juste
279 3713 484 3785 inpetrassent
499 3717 529 3770 et
545 3718 755 3785 occupassent,
771 3712 989 3785 occupatisque
1011 3716 1170 3769 uterentur
1193 3711 1232 3769 de
1256 3711 1391 3785 presenti
1415 3711 1447 3768 in

188 3817 304 3890 mande
339 3816 548 3890 preiudicium
582 3816 764 3875 eorumdem
797 3815 926 3892 judicis,
957 3814 1133 3891 juratorum
1167 3823 1197 3875 et
1231 3818 1449 3875 universorum

188 3925 302 3982 civium
325 3922 464 3997 predicte
486 3923 629 3994 civitatis,
641 3921 780 3998 jurisque
803 3922 1003 3997 dispendium
1026 3930 1120 3996 atque
1143 3923 1332 3996 derogamen
1356 3923 1449 3982 valde

187 4045 343 4103 magnum.
367 4028 457 4089 Unde
481 4029 562 4087 facta
584 4029 762 4089 huiusmodi
786 4030 1013 4103 protestacione
1029 4028 1126 4087 iidem
1142 4029 1252 4088 Friche
1268 4035 1298 4088 et
1312 4030 1449 4113 Jacobus

185 4133 277 4211 jurati
301 4137 332 4194 in
355 4137 506 4210 ipsorum,
529 4142 564 4194 ut
586 4136 751 4210 prefertur,
774 4136 1048 4210 predictorumque
1070 4135 1190 4212 judicis,
1220 4134 1395 4210 J'uratorum
1418 4143 1449 4198 et

186 4244 403 4302 universorum
427 4244 544 4302 civium
568 4244 723 4318 prelibate
745 4243 877 4301 civitatis
900 4244 1079 4302 nominibus
1103 4250 1133 4302 et
1155 4244 1185 4301 in
1215 4245 1355 4316 personis
1379 4260 1449 4318 pre·

188 4350 348 4408 titulatum
370 4349 534 4408 dominum
556 4355 698 4408 nostrum
721 4364 826 4422 regem
849 4364 867 4406 a
891 4350 1051 4422 premissis
1074 4349 1252 4419 donacione,
1277 4350 1449 4407 collacione

186 4462 216 4512 et
238 4457 477 4530 perpetuaeione
502 4456 714 4530 predictarum
738 4456 832 4514 trium
857 4456 1089 4530 possessionum
1111 4472 1165 4513 seu
1189 4455 1340 4512 villarum
1371 4455 1448 4528 ipsis

185 4562 330 4620 videlicet
352 4561 498 4620 ladislao
519 4568 550 4621 et
572 4563 706 4647 Johanni
729 4563 944 4635 universisque
967 4562 1135 4621 heredibus
1159 4567 1189 4619 et
1213 4560 1448 4634 posteritatibus

184 4667 365 4729 eorumdem
388 4683 424 4726 ac
446 4667 517 4726 aliis
539 4669 742 4742 quibuslibet,
766 4668 893 4727 eosdem
916 4668 1023 4741 itaque
1054 4668 1172 4726 scilicet
1203 4664 1385 4724 Ladislaum
1417 4671 1449 4724 et

181 4774 354 4858 Johannem
377 4780 566 4848 cunctosque
588 4790 698 4833 eorum
721 4775 851 4833 heredes
872 4780 903 4832 et
926 4775 1124 4848 posteritates
1142 4773 1302 4831 universas
1317 4786 1354 4828 ac
1368 4770 1448 4830 alios

182 4881 340 4955 quoslibet
362 4882 501 4940 cuiusvis
523 4887 622 4940 status
645 4887 676 4939 et
697 4881 887 4940 condicionis
910 4880 1052 4938 homines
1075 4880 1116 4937 ab
1140 4878 1249 4937 eadem
1263 4879 1350 4951 regia
1366 4893 1448 4936 sere·
