3278 5348
604 389 678 446 Doc.
700 399 768 464 127.
790 421 834 431 —
857 388 1028 467 An.1439.
1392 407 1451 463 17⁷

184 619 390 694 Stephanum,
428 620 530 679 lilium
568 621 728 680 Michaelis
763 635 798 679 ac
830 621 1023 694 Michaelem,
1053 621 1155 681 filium
1179 621 1361 692 Sebastiam,
1393 626 1454 681 An·

185 728 330 785 thonium
359 728 523 800 Italicum,
554 727 730 800 Briccium,
768 727 871 786 filium
902 728 1080 803 Benedicti,
1111 730 1238 787 Petrum
1271 730 1456 803 Hungarum

185 840 215 890 et
244 832 418 906 Georgium
450 838 612 905 sartorem,
636 834 715 892 alias
750 831 887 908 judices,
920 849 1038 892 necnon
1072 836 1245 893 Fabianum
1274 836 1455 908 litteratum,

186 938 316 1010 Friche,
356 938 514 1010 Blasium,
552 939 656 997 filium
692 939 905 1012 Wythczych,
940 940 1130 1013 Georgium,
1169 940 1272 999 filium
1303 941 1456 1001 Francisci

185 1049 214 1101 et
248 1045 329 1101 alios
363 1043 481 1119 juratos
522 1060 557 1102 11
592 1046 696 1114 cives,
736 1046 876 1119 hospites
911 1052 941 1102 et
973 1053 1071 1103 totam
1102 1047 1356 1106 communitatem
1386 1063 1456 1120 pre·

187 1149 266 1207 dicte
298 1150 433 1208 civitatis
464 1152 578 1208 montis
609 1150 770 1209 Grecensis
801 1152 833 1209 in
863 1150 971 1209 eadem
1003 1153 1128 1210 civitate
1159 1153 1272 1211 montis
1295 1151 1457 1211 Grecensis

186 1261 293 1314 contra
327 1260 508 1314 annotatum
539 1256 713 1330 capitulum
747 1258 874 1315 ecclesie
908 1257 1116 1329 zagrabiensis
1151 1258 1192 1316 ad
1224 1263 1350 1316 octavas
1386 1257 1458 1318 festi

186 1363 269 1420 beati
304 1361 434 1435 Georgii
467 1364 612 1434 martiris,
646 1370 718 1422 tunc
752 1370 906 1434 venturas,
942 1366 1026 1437 regie
1049 1366 1223 1424 serenitatis
1245 1372 1402 1424 evocasset
1424 1367 1456 1424 in

186 1469 389 1542 presenciam,
404 1470 561 1527 racionem
585 1470 623 1528 de
647 1472 808 1543 premissis
828 1471 1020 1541 reddituros;
1044 1471 1084 1529 ad
1108 1471 1314 1546 quasquidem
1330 1480 1456 1530 octavas
1501 1504 1504 1511 ·

186 1574 255 1632 festi
279 1576 364 1633 beati
385 1575 545 1634 Michaelis
568 1576 746 1648 archangeli
770 1575 885 1649 prefati
909 1578 939 1634 in
962 1591 1087 1634 causam
1119 1577 1242 1635 attracti
1276 1594 1333 1651 per
1362 1592 1456 1636 enno·

186 1685 287 1739 tatum
310 1690 545 1756 procuratorem
569 1683 644 1740 dicti
669 1684 798 1755 capituli
821 1685 853 1741 in
876 1699 1008 1757 persona
1031 1683 1170 1741 eiusdem
1187 1685 1330 1756 congruis
1346 1684 1456 1742 diebus

185 1788 327 1862 ipsarum
349 1795 531 1846 octavarum
553 1805 659 1846 coram
683 1791 751 1864 ipso
775 1791 888 1847 comite
911 1790 1046 1847 Mathius
1077 1791 1231 1863 expectati
1261 1789 1400 1847 eiusdem
1424 1790 1456 1847 111

185 1894 379 1967 presenciam
394 1910 456 1953 non
477 1896 640 1967 venissent,
663 1912 763 1969 neque
776 1897 940 1966 misissent,
964 1912 996 1953 se
1018 1896 1228 1954 mediantibus
1251 1895 1321 1953 aliis
1344 1894 1456 1953 litteris

184 2000 326 2058 eiusdem
342 2001 463 2058 comitis
479 2002 613 2060 Mathius
628 1999 827 2077 judicialibus
850 2003 961 2061 exinde
985 2003 1131 2061 consectis
1155 2004 1187 2060 in
1208 2001 1323 2077 judicio
1347 2016 1455 2073 aggra-

184 2106 253 2164 vari
278 2107 500 2179 permittentes,
516 2109 676 2180 postulans
692 2108 831 2181 prefatus
847 2114 1031 2182 procurator
1054 2108 1128 2166 dicti
1152 2108 1280 2181 capituli
1297 2107 1398 2165 eidem
1417 2123 1456 2165 ex

186 2220 275 2287 parte
287 2220 533 2272 memoratorum
545 2215 578 2272 111
594 2230 718 2272 causam
734 2221 925 2273 atractorum
943 2232 999 2289 per
1014 2214 1147 2273 eundem
1163 2214 1310 2272 comitem
1322 2214 1456 2271 Mathius

184 2320 216 2377 111
239 2320 401 2394 premissis
423 2317 500 2395 juris
523 2322 692 2393 equitatem
715 2322 877 2395 impertiri.
901 2322 938 2378 Et
961 2321 1034 2394 quia
1066 2319 1160 2378 iidem
1193 2318 1374 2392 Stephanus,
1399 2318 1455 2375 Mi·

128 2421 131 2425 ’
185 2426 283 2495 chael,
308 2426 490 2496 Anthonius,
512 2427 658 2510 Jacobus,
682 2427 826 2498 Briccius,
851 2428 968 2498 Petrus,
993 2427 1145 2499 Georgius
1162 2432 1191 2483 et
1206 2424 1353 2482 Nicolaus
1377 2425 1455 2482 alias

183 2530 311 2607 judices,
334 2547 452 2590 necnon
471 2533 626 2591 Fabianus
649 2534 810 2605 litteratus,
835 2533 956 2592 Blasius
987 2539 1017 2591 et
1040 2533 1193 2604 Georgius
1216 2532 1331 2604 aliique
1352 2528 1454 2606 jurati,

183 2653 304 2696 necnon
335 2638 419 2695 cives
453 2645 483 2696 et
517 2639 655 2713 hospites
685 2645 714 2697 et
738 2646 802 2698 tota
830 2641 1037 2698 communitas
1061 2640 1141 2697 dicte
1164 2640 1298 2697 civitatis
1321 2638 1360 2697 ad
1384 2654 1453 2711 pre·

185 2745 281 2802 missa
304 2745 373 2802 vice
393 2745 576 2803 secundaria
600 2746 750 2804 evocandi
774 2747 833 2804 visi
857 2745 924 2804 fore
947 2747 1084 2816 fuissent,
1108 2762 1165 2819 pro
1189 2761 1225 2802 eo
1249 2744 1333 2802 idern
1349 2760 1455 2803 comes

185 2851 321 2909 Mathius
344 2859 482 2909 vestram
504 2852 678 2910 amiciciam
701 2852 883 2910 litteratorie
904 2854 1064 2926 petivisset
1099 2852 1274 2924 diligenter,
1304 2856 1455 2925 quatenus

187 2965 326 3014 vestrum
349 2957 512 3015 mitteretis
535 2957 693 3016 hominem
718 2973 777 3031 pro
800 2959 976 3016 testimonio
999 2957 1062 3015 fide
1082 2957 1220 3030 dignum,
1237 2972 1299 3030 quo
1314 2962 1457 3030 presente

184 3062 279 3120 homo
314 3064 417 3136 regius
451 3062 531 3121 inlra
566 3063 779 3135 declarandus,
817 3070 1006 3122 memoratos
1040 3062 1241 3136 Stephanum,
1272 3063 1376 3120 filiurn
1399 3063 1455 3119 Mi·

185 3169 309 3240 chaelis,
340 3168 534 3239 Michaelem,
557 3169 660 3228 filium
683 3170 864 3242 Sebastiam,
896 3171 1087 3228 Anthonium
1119 3170 1270 3240 Italicum,
1302 3169 1455 3226 Briccium

185 3274 423 3347 Dombrensem,
446 3276 574 3334 Petrum
607 3277 800 3349 Hungarum,
834 3276 1005 3349 Georgium
1039 3281 1191 3333 sartorem
1222 3282 1252 3333 et
1279 3274 1454 3347 Nicolaum,

184 3381 262 3440 alias
283 3378 409 3456 judices,
431 3397 550 3440 necnon
573 3383 744 3440 Fabianum
768 3383 948 3453 litteratum,
970 3383 1088 3453 Friche,
1105 3381 1252 3452 Blasium,
1275 3381 1379 3438 filium
1401 3380 1455 3438 Vi·

185 3487 292 3559 tezych
315 3491 345 3545 et
367 3486 547 3561 Georgium,
569 3487 672 3545 filium
695 3489 851 3546 Francisci
872 3503 908 3545 ac
930 3489 1009 3545 alios
1025 3486 1151 3562 juratos,
1167 3488 1251 3544 cives
1268 3492 1298 3544 et
1315 3486 1457 3559 hospites

185 3599 213 3651 et
236 3599 336 3651 totam
358 3595 613 3652 communitatem
636 3595 770 3653 civitatis
793 3596 908 3653 montis
932 3595 1094 3652 Grecensis
1112 3594 1150 3651 de
1167 3595 1253 3651 iuxta
1269 3591 1455 3665 Zagrabiam

183 3699 213 3758 111
237 3701 398 3774 premissis
420 3701 653 3774 perhemptorie
676 3716 887 3775 responsuros,
911 3702 1128 3773 racioncmque
1162 3698 1321 3758 efficacem
1347 3697 1449 3757 reddi·

185 3814 271 3864 turos
306 3814 413 3865 contra
446 3812 627 3865 annotatum
663 3809 835 3882 capitutum
874 3809 1001 3865 ecclesie
1036 3808 1243 3879 zagrabiensis
1265 3805 1305 3863 ad
1329 3812 1454 3863 octavas

184 3911 254 3972 festi
277 3913 522 3986 Epiphaniamm
547 3914 677 3988 domini,
699 3919 772 3972 tunc
794 3920 948 3985 venturas,
972 3915 1091 3987 regiam
1114 3920 1256 3971 evocaret
1277 3913 1308 3969 in
1332 3927 1455 3984 presen-

184 4021 272 4092 ciam,
304 4024 335 4077 et
367 4026 438 4094 post
460 4020 517 4078 hec
551 4022 648 4097 ipsius
678 4023 871 4080 erocacionis
902 4022 1013 4079 seriem
1045 4036 1116 4077 cum
1139 4019 1318 4078 nominibus
1343 4032 1453 4075 evoca·

184 4131 289 4184 torum
319 4125 360 4183 ad
391 4126 515 4185 easdem
547 4124 674 4186 octavas
705 4128 787 4185 dicto
818 4128 946 4185 domino
977 4128 1043 4199 regi
1074 4126 1209 4184 fideliter
1232 4124 1454 4183 rescriberetis.

183 4233 211 4289 Α
235 4232 480 4306 quibusquidem
504 4234 622 4292 octavis
647 4233 716 4292 lesti
739 4234 984 4308 Epiphaniarum
1008 4233 1129 4291 domini
1161 4233 1236 4290 dum
1267 4245 1359 4288 causa
1383 4244 1454 4303 par·

183 4338 266 4396 cium
290 4340 465 4413 prescripta
487 4346 591 4413 partes
615 4341 694 4399 inter
717 4340 841 4399 easdem
865 4342 1003 4399 seriebus
1019 4341 1195 4398 litterarum
1212 4338 1310 4412 ipsius
1327 4337 1452 4394 comitis

186 4445 321 4503 Mathius
356 4447 644 4519 prorogatoriarum
679 4463 717 4505 ex
751 4449 969 4505 commissione
1005 4446 1197 4519 prelatorum
1234 4450 1263 4501 et
1297 4444 1453 4500 baronum

182 4551 271 4624 regni
294 4550 335 4609 ad
358 4555 484 4609 octavas
506 4551 577 4610 festi
602 4552 684 4611 beati
707 4553 817 4637 Jacobi
840 4553 974 4626 apostoli
997 4553 1028 4608 in
1052 4565 1132 4609 anno
1148 4549 1267 4608 domini
1282 4548 1452 4607 millesimo

183 4655 489 4731 quadringentesimo
512 4658 668 4716 tricesimo
692 4665 811 4731 quarto,
836 4659 1006 4732 preteritas,
1042 4657 1241 4731 prorogative
1264 4654 1454 4725 devenisset;

182 4761 312 4821 tandem
334 4762 411 4837 ipsis
434 4763 553 4822 octavis
576 4764 761 4822 instantibus
785 4763 940 4823 Lodomer
964 4763 1002 4820 de
1026 4762 1202 4823 Adamolch
1226 4777 1283 4837 pro
1307 4766 1454 4822 annotato

183 4869 323 4945 capitulo
355 4869 486 4929 ecclesie
518 4871 727 4944 zagrabiensis
759 4885 832 4929 cum
866 4871 1089 4944 procuratoriis
1111 4869 1224 4930 litteris
1248 4869 1396 4941 eiusdem,
1421 4868 1453 4927 111

1348 4991 1383 5034 ra
