3278 5348
632 445 704 504 Dec.
729 457 797 521 253.
822 479 862 487 -
887 446 944 503 An.
968 441 1057 523 1467.
1400 461 1458 523 31¹

196 658 385 718 beneficiatis
419 658 474 743 sed
505 665 536 718 et
566 659 772 734 presbiteris,
807 661 958 732 gracianis
993 661 1241 734 quibuscumque
1275 662 1307 719 in
1340 666 1370 720 et
1404 663 1463 720 sub

196 764 312 825 diocesi
335 772 441 825 nostra
464 767 656 846 zagrabiensi
685 767 821 825 ubilibet
851 768 1024 825 constitutis
1052 774 1081 825 et
1103 769 1369 827 commorantibus
1393 785 1462 843 pre·

197 851 332 930 sensium
367 874 514 931 noticiam
549 873 703 932 habituris
737 873 871 931 salutem
905 874 936 932 in
972 873 1099 932 domino
1122 872 1352 933 'benediccione
1391 891 1462 934 cum

198 984 332 1052 paterna.
363 978 468 1051 Quum
503 986 682 1037 sanctorum
714 984 841 1054 patrum
872 981 1019 1038 canonica
1049 981 1150 1038 sanxit
1183 981 1350 1039 auctoritas
1385 982 1462 1040 anti-

196 1085 279 1159 stites
314 1085 498 1156 synodalem
533 1086 617 1143 clero
651 1101 706 1143 sue
739 1084 880 1158 dyocesis
915 1087 1068 1145 celebrari
1103 1088 1399 1159 congregacionem,
1427 1093 1462 1146 ut

197 1205 254 1264 per
287 1191 430 1249 salubres
467 1191 721 1264 exhortacioneS,
759 1192 996 1251 constituciones
1015 1171 1016 1174 ¹
1035 1192 1199 1266 synodales
1238 1198 1268 1250 et
1300 1194 1462 1252 canonicas

197 1281 385 1356 moniciones
416 1298 496 1356 vicia
526 1299 728 1372 extirpentur,
759 1299 890 1356 virtutes
920 1298 1101 1370 inserantur,
1133 1298 1345 1374 reprimantur
1375 1307 1461 1359 actus

197 1403 282 1460 noxii
310 1410 340 1462 et
371 1403 535 1477 discipline
566 1404 711 1477 equitatis
734 1418 845 1461 norma
874 1403 1045 1477 dirigatur,
1068 1411 1166 1463 status
1196 1404 1396 1463 ecclesiarum
1431 1413 1461 1464 et

198 1524 326 1582 persone
356 1510 562 1568 ecclesiastice
592 1510 810 1595 reformentur.
841 1509 887 1567 Ne
917 1510 1013 1582 igitur
1036 1510 1074 1568 de
1096 1511 1240 1569 manibus
1260 1512 1382 1583 nostris,
1407 1513 1461 1585 qui

196 1616 229 1673 in
259 1623 379 1689 partem
411 1616 630 1674 sollicitudinis
664 1615 769 1675 divina
800 1617 1001 1675 miseracione
1031 1619 1133 1676 vocati
1163 1633 1286 1688 sumus,
1319 1618 1460 1682 subdito-

195 1736 268 1806 rum
290 1727 465 1780 nostrorum
489 1723 614 1796 sanguis
638 1723 670 1780 in
697 1722 828 1781 districti
850 1722 957 1781 iudicii
981 1725 1121 1781 examine
1141 1725 1325 1796 requiratur,
1354 1725 1460 1782 habita

196 1828 361 1901 superinde
390 1843 525 1886 unacum
565 1828 797 1886 venerabilibus
828 1835 858 1886 et
881 1829 1113 1903 circumspectis
1145 1830 1220 1887 viris
1252 1828 1386 1888 dominis
1421 1830 1459 1888 dc

195 1933 333 2007 capitulo
355 1934 476 2008 prefate
506 1935 634 1992 ecclesie
657 1935 873 2007 zagrabiensis,
898 1950 958 2009 que
981 1951 1000 1992 a
1025 1935 1126 1993 multo
1149 1941 1291 2008 tempore
1313 1936 1456 2008 legitimo

195 2039 254 2098 fuit
277 2041 385 2099 orbata
406 2045 539 2115 pastore,
562 2040 683 2098 salubri
704 2047 734 2098 et
758 2047 879 2098 matura
903 2039 1130 2099 deliberacione
1161 2039 1330 2099 indiximus
1362 2048 1392 2099 et
1416 2047 1459 2100 te·

194 2160 271 2204 nore
294 2147 485 2221 presencium
516 2145 680 2204 indicimus
711 2147 947 2220 promulgantes
970 2152 1108 2205 sanctam
1131 2146 1315 2219 synodalem
1331 2161 1457 2220 congre·

194 2253 355 2326 gacionem
386 2267 466 2310 anno
497 2253 528 2310 in
558 2253 693 2326 presenti
732 2252 763 2310 in
793 2252 862 2326 ipsa
893 2253 1023 2310 ecclesia
1053 2257 1158 2310 nostra
1188 2252 1379 2324 zagrabiensi
1409 2252 1459 2312 die

194 2358 350 2417 dominico
366 2359 510 2436 proximo
525 2364 597 2433 post
619 2359 733 2417 festum
750 2359 831 2417 beati
847 2358 974 2432 Georgii
997 2360 1143 2430 martiris,
1159 2359 1302 2432 proxime
1319 2365 1458 2433 venturo,

194 2463 341 2551 videlicet
364 2465 510 2522 vicesima
533 2470 619 2522 sexta
642 2464 692 2522 die
716 2465 830 2523 mensis
852 2465 962 2538 aprilis
979 2470 1008 2522 et
1032 2464 1101 2522 aliis
1125 2463 1234 2522 diebus
1258 2466 1297 2522 ad
1319 2463 1349 2522 id
1374 2468 1456 2540 aptis

193 2579 226 2629 et
248 2569 475 2628 sufficientibus
506 2577 658 2629 annuente
681 2571 809 2630 domino
832 2587 889 2646 per
911 2587 975 2643 nos,
999 2579 1052 2629 aut
1075 2572 1102 2629 si
1121 2570 1227 2629 arduis
1250 2572 1337 2645 regni
1364 2572 1458 2630 maie·

193 2677 282 2736 itatis
306 2675 455 2736 fuerimus
486 2676 641 2751 prepediti
665 2677 808 2749 negociis,
832 2693 888 2749 per
910 2676 1047 2749 ydoneos
1071 2678 1154 2734 viros
1171 2692 1249 2750 quos
1272 2678 1346 2735 illac
1362 2678 1458 2751 depu-

192 2789 260 2841 tare
283 2791 313 2841 et
335 2784 542 2841 transmittere
565 2783 745 2840 curabimus
768 2782 995 2841 celebrandam.
1018 2784 1258 2842 Universitatem
1283 2785 1386 2857 itaque
1404 2800 1455 2842 ve·

193 2896 291 2947 stram
320 2890 516 2962 requirimus,
548 2889 710 2946 hortamur
741 2895 771 2945 et
794 2904 851 2962 per
873 2888 929 2946 hec
953 2889 1069 2962 scripta
1092 2904 1254 2947 monemus
1275 2890 1388 2964 prim0,
1412 2906 1457 2948 se·

189 2994 302 3066 cundo,
327 2997 431 3065 tercio,
457 2995 749 3069 perhemptoriequc
773 3003 802 3052 et
833 2995 986 3065 canonice,
1009 2995 1291 3068 nichilominusque
1315 2996 1404 3053 vobis
1427 3002 1457 3053 et

188 3102 318 3160 cuilibet
349 3109 489 3160 restrum
521 3101 553 3158 in
585 3101 721 3159 solidum
753 3101 784 3158 in
816 3101 930 3158 virtute
961 3100 1105 3159 salutaris
1136 3101 1314 3159 obediencie
1337 3107 1367 3159 et
1397 3103 1456 3159 sub

188 3209 277 3282 penis
300 3222 336 3265 ac
366 3208 501 3266 censuris
532 3207 745 3265 ecclesiasticis
776 3209 807 3266 in
831 3207 949 3279 sinodo,
984 3222 1072 3265 more
1095 3208 1172 3265 alias
1196 3209 1296 3278 solito,
1320 3209 1351 3266 in
1375 3208 1456 3266 dicta

186 3322 293 3372 nostra
316 3315 444 3372 ecclesia
467 3314 658 3387 zagrabiensi
682 3313 839 3371 celebrata
862 3314 893 3371 in
916 3314 1059 3371 absentes
1082 3320 1111 3371 et
1135 3320 1331 3372 contumaces
1357 3314 1455 3388 infligi

187 3423 219 3477 et
242 3420 437 3493 promulgari
460 3421 621 3490 consvetis,
645 3419 783 3478 districte
807 3420 1006 3493 precipiendo
1031 3419 1224 3492 mandamus,
1249 3427 1399 3494 quatenus
1415 3421 1455 3479 ad

186 3525 375 3584 veniendum
399 3533 429 3584 et
452 3525 491 3583 ad
507 3525 782 3599 representandum
799 3540 855 3583 vos
879 3526 1085 3599 personaliter
1105 3524 1145 3583 ad
1168 3526 1298 3584 eandam
1316 3534 1454 3586 sanctam

187 3631 343 3704 synodum
374 3632 548 3707 preparetis
579 3638 609 3690 et
639 3633 670 3689 in
701 3631 822 3705 prefato
853 3632 903 3690 die
934 3632 1090 3691 dominico
1121 3641 1192 3707 post
1221 3632 1336 3692 festum
1370 3635 1453 3692 beati

188 3736 317 3810 Georgii
347 3739 484 3796 martiris
513 3746 543 3795 et
573 3738 644 3795 aliis
677 3738 787 3796 diebus
817 3739 856 3797 ad
879 3739 912 3797 id
935 3739 1016 3813 aptis
1040 3746 1068 3797 et
1091 3739 1318 3798 sufficientibus
1341 3755 1370 3798 er
1395 3742 1451 3799 im·

186 3844 321 3902 mediate
344 3845 558 3917 sequentibus;
582 3845 803 3918 quemquidem
821 3847 987 3903 terminum
1005 3846 1095 3903 vobis
1111 3847 1255 3903 omnibus
1272 3850 1302 3903 et
1324 3846 1454 3918 siugulis

185 3951 375 4026 supradictis
398 3952 474 4010 viris
497 3951 710 4009 ecclesiasticis
734 3957 763 4009 et
785 3961 923 4010 vestrum
949 3952 1078 4009 cuilibet
1093 3952 1314 4023 cuiuscumque
1330 3951 1453 4024 gradus,

185 4058 312 4125 ordinis,
343 4057 541 4129 condicionis,
573 4055 731 4130 dignitatis
763 4064 793 4115 et
827 4058 1054 4131 preeminencie
1086 4057 1217 4113 existant
1249 4070 1307 4130 pro
1340 4057 1452 4129 primo,

184 4164 330 4236 secundo,
354 4164 448 4221 tercio
467 4170 497 4221 et
520 4164 732 4237 peremptorio
755 4165 897 4236 termin0,
920 4164 1127 4234 canonicaque
1150 4162 1323 4220 municione
1339 4163 1370 4220 in
1393 4163 1453 4221 hiis

184 4271 311 4344 scriptis
333 4271 527 4343 assignamus
557 4270 802 4328 celebracionem
826 4270 965 4328 eiusdem
988 4275 1091 4327 sancte
1115 4268 1231 4326 sinodis
1254 4268 1399 4326 interesse
1422 4274 1452 4326 et

184 4377 371 4452 inpropriis
401 4377 541 4448 personis
564 4391 620 4433 vos
643 4385 857 4449 representare
891 4376 1048 4446 studeatis,
1077 4380 1190 4432 statuta
1215 4374 1376 4446 synodalia
1399 4376 1451 4449 pia

184 4483 359 4543 monicione
381 4496 417 4539 ac
451 4481 684 4540 exhortaciones
711 4482 888 4541 salutiferas
924 4481 1042 4540 ibidem
1067 4480 1285 4555 proponendas
1315 4480 1452 4540 audituri

185 4597 215 4649 et
243 4589 409 4660 diligenter
438 4588 593 4657 attenturi,
626 4593 656 4645 et
685 4588 812 4647 tandem
846 4587 974 4646 domino
1009 4593 1194 4660 cooperante
1222 4591 1252 4644 et
1275 4601 1450 4645 sermonem

185 4694 389 4754 confirmante
412 4693 618 4752 effectualiter
640 4693 858 4769 adimpleturi;
884 4702 913 4753 et
934 4711 971 4753 ne
994 4695 1108 4767 aliquis
1143 4699 1282 4752 vestrum
1309 4694 1447 4767 ignoran-

184 4804 266 4861 ciam
298 4800 336 4858 de
367 4800 527 4874 premissis
559 4800 782 4874 quoquomodo
813 4800 952 4874 allegare
983 4802 1101 4874 valeat,
1140 4807 1296 4875 presentes
1332 4800 1451 4859 litteras

181 4914 305 4971 nostras
337 4906 440 4965 valvis
471 4905 552 4966 dicte
575 4908 704 4966 ecclesie
726 4915 831 4967 nostre
859 4907 1067 4981 zagrabiensis
1090 4907 1217 4982 publice
1241 4905 1337 4980 affligi
1364 4923 1450 4966 man·
