3278 5348
634 100 708 159 Doc.
728 115 779 177 91.
803 131 846 144 -
871 102 1039 181 An.1435.
1417 121 1475 176 rrr

213 314 325 391 judicis,
361 314 544 392 juratorum,
580 321 817 391 ceterommque
851 317 1069 376 universorum
1103 319 1220 377 civium
1258 325 1288 378 et
1317 318 1477 394 hospitum

213 428 310 483 nostre
345 423 480 482 civitatis
508 424 624 482 montis
657 420 820 482 Greoensis
854 422 893 483 de
924 423 1078 497 Zagrabia
1099 425 1254 484 maiestati
1276 432 1380 485 nostre
1403 439 1476 501 por*

174 606 182 615 ι
211 537 334 602 rectam,
370 535 438 588 tum
473 530 572 589 eciam
605 545 644 588 ex
678 530 783 602 gracia
811 529 940 605 speciali
973 530 1119 589 universa
1150 531 1287 605 birsagia
1310 537 1340 591 et
1364 533 1475 607 quevis

213 632 398 710 judiciorum
428 637 612 711 gravamina
646 637 678 696 in
712 637 827 710 quibus
861 636 922 711 ipsi
952 636 984 694 in
1013 638 1180 711 presenciis
1203 653 1475 712 quorumcumque

212 738 350 816 judicum
394 746 425 800 et
458 739 701 817 justiciariorum
735 743 823 815 regni
864 743 980 800 nostri
1005 741 1264 817 quandocumque
1307 748 1337 801 et
1370 750 1477 802 contra

216 863 428 922 quoscumque
450 847 560 907 ordine
581 847 743 924 judiciario
766 849 901 907 convicti
924 848 1053 908 fuissent
1074 855 1105 906 et
1127 850 1275 924 agravati,
1299 849 1478 923 porcionem

211 950 404 1029 judiciariam
428 961 662 1014 concernentem
685 955 803 1013 eisdem
824 952 928 1032 judici,
950 953 1059 1031 juratis
1083 961 1112 1013 et
1134 956 1288 1014 universis
1302 956 1424 1015 civibus
1447 960 1477 1015 et

211 1059 388 1137 hospitibus
408 1060 556 1120 duximus
578 1060 747 1121 relaxanda
770 1069 800 1120 et
822 1061 1018 1136 remittenda,
1049 1062 1147 1120 immo
1177 1063 1355 1120 relaxamus
1378 1067 1408 1120 et
1427 1078 1476 1121 re·

207 1169 362 1229 mittimus
394 1167 589 1242 presencium
618 1183 678 1242 per
711 1168 861 1241 vigorem.
897 1167 1049 1243 Quocirca
1079 1168 1170 1227 vobis
1192 1168 1340 1226 fidelibus
1362 1169 1476 1227 nostris

207 1273 386 1349 magnificis
408 1273 547 1348 palatino
571 1279 601 1332 et
622 1271 718 1350 judici
741 1275 825 1333 curie
846 1280 960 1347 nostre,
983 1276 1059 1333 item
1081 1275 1169 1348 regni
1191 1275 1289 1333 nostri
1312 1273 1476 1333 Sclauonie

199 1376 294 1453 bano,
328 1356 512 1455 restrosque
544 1380 578 1440 in
598 1377 743 1457 judicatu
765 1380 850 1440 vices
872 1382 1050 1454 gerentibus
1072 1397 1128 1439 nec
1150 1395 1213 1440 non
1234 1381 1401 1440 comitibus
1423 1380 1476 1440 vel

195 1476 447 1549 vicecomitibus
469 1502 506 1546 ac
526 1485 683 1563 judicibus
704 1488 861 1568 nobilium
882 1489 1046 1547 comitatus
1072 1488 1289 1562 zagrabiensis,
1312 1488 1386 1546 item
1408 1488 1476 1548 uni·

189 1595 304 1654 versis
319 1594 532 1666 birsagiorum
551 1594 749 1653 exactoribus
765 1598 829 1653 tarn
845 1595 959 1653 nostris
975 1609 1071 1668 quam
1087 1594 1221 1652 aliorum
1239 1606 1476 1668 quotocumque

186 1701 403 1777 presentibus
424 1705 456 1760 et
477 1699 590 1760 futuris
612 1701 724 1760 harum
740 1701 819 1759 serie
833 1701 1013 1760 firmissime
1029 1702 1220 1775 precipimus
1236 1706 1266 1759 et
1280 1699 1474 1775 mandamus,

185 1813 359 1885 quatenus
380 1812 570 1866 memoratos
592 1805 738 1883 jndicem,
760 1805 879 1885 juratos
909 1813 939 1866 et
968 1808 1129 1868 universos
1159 1809 1243 1866 cives
1274 1813 1304 1865 et
1336 1806 1475 1882 hospites

183 1907 358 1995 (predicte
393 1914 527 1974 civitatis
561 1907 678 1992 nostre)
710 1914 833 1973 racione
857 1916 1083 1989 premissorum
1106 1915 1315 1988 birsagiorum
1339 1929 1396 1987 per
1417 1926 1500 1973 nos¹
1555 1919 1561 1926 '

182 2020 288 2099 ipsis,
323 2025 360 2081 ut
391 2021 583 2096 premittitur
616 2021 755 2093 graciose
784 2021 1006 2091 relaxatorum,
1045 2021 1125 2080 intra
1149 2025 1179 2079 et
1201 2025 1288 2079 extra
1310 2018 1471 2096 judicium,

184 2132 266 2189 tam
291 2128 325 2187 in
346 2127 495 2204 personis,
518 2103 751 2197 hereditatibus,
782 2126 938 2201 rebusque
969 2132 998 2185 et
1028 2127 1119 2199 bonis
1149 2127 1290 2201 ipsomm
1322 2140 1472 2200 quorum·

164 2214 339 2309 ‘cumque
362 2232 517 2308 impedire
538 2237 570 2292 et
592 2232 767 2306 molestare,
788 2232 997 2307 impedirique
1020 2237 1050 2291 et
1072 2234 1232 2291 molestari
1255 2232 1357 2290 facere
1372 2232 1474 2290 nulla·

190 2345 294 2402 tenus
316 2340 504 2415 presumatis
526 2354 583 2398 nec
605 2338 673 2397 sitis
694 2340 762 2398 ausi
784 2338 880 2398 modo
910 2340 1050 2413 aliquali.
1083 2339 1249 2409 Presentes¹
1272 2339 1371 2398 eciam
1402 2344 1473 2412 post

191 2447 367 2519 lecturam,
383 2462 508 2521 semper
523 2443 614 2530 reddi
627 2442 773 2522 jubemus
788 2446 988 2520 presentanti.
1005 2446 1121 2504 Datum
1133 2446 1255 2504 Posonii
1285 2444 1362 2503 feria
1378 2445 1472 2503 tercia

190 2553 349 2631 proxima
371 2558 442 2612 ante
464 2551 578 2610 festum
601 2552 685 2610 beati
706 2552 831 2611 Martini
855 2553 994 2627 episcopi
1018 2558 1048 2611 et
1071 2551 1265 2611 contessoris.
1300 2544 1392 2612 Anno
1416 2551 1471 2609 do·

147 2674 150 2679 ·
194 2659 280 2719 ruini
303 2658 473 2717 millesimo
496 2657 801 2733 quadringentesimo
824 2660 981 2717 tricesimo
1004 2660 1120 2732 quinto.
1144 2659 1323 2731 Regnorum
1353 2664 1472 2716 nostro·

196 2781 274 2824 rum
297 2760 378 2823 anno
401 2765 560 2837 Hungarie
583 2769 638 2823 etc.
662 2764 768 2824 XLIX.
791 2765 1006 2824 Romanorum
1030 2764 1126 2823 XXV.
1143 2754 1469 2836 Bohemie'sedecimo,

200 2871 337 2946 imperio
359 2886 434 2928 vero
458 2871 562 2930 tercio.

309 3006 443 3071 Originale
455 3007 483 3057 in
501 3006 597 3066 charta,
617 3023 729 3061 exesum.
748 3011 781 3058 In
800 3011 914 3074 margine
933 3010 1049 3059 inferiori
1068 3010 1221 3074 impressum
1240 3016 1279 3058 est
1298 3006 1421 3072 sigillum.
1440 3009 1472 3056 In

203 3096 298 3147 archiv.
317 3095 365 3149 lib.
382 3111 435 3159 reg.
454 3097 524 3148 civit.
543 3096 724 3161 zagrabieusis.

816 3293 873 3358 91.

309 3433 390 3481 Anno
412 3445 486 3498 1435,
506 3446 531 3494 9.
552 3433 706 3485 novembris.
727 3435 841 3483 Posonii.

207 3555 416 3633 Sagarinundus,
439 3559 616 3633 Hungariac
638 3567 685 3618 etc.
708 3579 771 3630 rex,
794 3561 918 3633 capitulo
940 3561 1069 3617 ecclesiae
1090 3561 1182 3620 Albae
1212 3565 1319 3635 regalis
1341 3561 1471 3632 attondat,

209 3673 240 3723 ut
260 3666 356 3724 virum
378 3667 481 3736 mittat,
504 3667 639 3741 quicum
663 3665 754 3740 psius
777 3667 870 3740 legato
892 3668 1106 3725 corrmrunitatir
1127 3670 1253 3726 ciuitatis
1272 3672 1374 3727 rnorrlr's
1396 3668 1470 3727 Gre-

384 3773 474 3845 ccnsis
489 3774 680 3846 possessiones
701 3772 860 3831 rcumbulct
879 3791 1034 3847 earumque
1055 3785 1144 3831 nactas
1166 3784 1291 3835 renovet.

307 3914 525 3990 sigismundus
547 3916 597 3976 dei
620 3918 723 3990 gracia
746 3917 961 3975 Romanorum
977 3919 1156 3992 imperator.
1172 3936 1296 3993 semper
1312 3926 1469 3992 augustus,

205 4035 240 4079 ac
263 4022 430 4095 Hungarie,
453 4022 609 4094 Bohemie,
632 4023 803 4095 Dalmacie,
827 4023 955 4082 Croacic
986 4030 1042 4083 etc.
1074 4043 1137 4085 rex.
1168 4025 1328 4084 Fidelibus
1357 4028 1471 4084 nostris

203 4128 341 4203 capitulo
361 4129 489 4187 ecclesie
512 4130 595 4187 Albe
617 4129 740 4202 regalis,
764 4130 896 4188 salutem
920 4135 950 4189 et
984 4132 1130 4203 graciam.
1166 4133 1287 4189 Dicitur
1316 4131 1407 4189 nobis
1438 4131 1469 4189 in

202 4234 343 4310 personis
366 4234 508 4294 fidelium
531 4240 709 4294 nostrorum
733 4233 852 4311 judicis,
875 4235 1057 4313 juratorum,
1092 4243 1329 4312 ceterorumque
1351 4237 1468 4295 civium

202 4344 233 4400 et
254 4341 430 4401 incolarum
453 4342 587 4400 civitatis
610 4349 715 4401 nostre
737 4343 1036 4402 montisGrecensis
1059 4344 1097 4402 de
1120 4345 1279 4417 Zagrabia,
1311 4342 1470 4418 quomodo

201 4446 312 4507 eadem
334 4448 445 4507 civitas
465 4453 572 4507 nostra
594 4449 748 4523 legittima
778 4451 1029 4509 reambuiacione
1064 4458 1093 4510 et
1129 4458 1283 4510 metarum
1313 4451 1469 4510 ereccionc

200 4560 233 4615 et
252 4554 456 4614 renoracione
478 4553 652 4629 plurimum
677 4554 835 4630 indigeret,
859 4572 954 4632 super
976 4572 1039 4631 quo
1055 4558 1198 4617 fidelitati
1217 4565 1320 4617 vestro
1335 4557 1469 4617 firmiter
