3278 5348
646 433 720 490 Doc.
736 434 790 508 32‘.
818 463 854 474 -
880 431 936 490 An.
961 445 1050 508 1422.
1438 453 1472 512 3¹

212 649 447 719 contumeliam,
478 653 618 706 nostram
648 647 794 706 iniuriam
825 644 1064 721 permaximam,
1094 650 1192 706 nostri
1222 642 1298 708 cleri
1328 651 1480 710 lamenta·

214 751 312 812 bilem
336 754 575 828 oppressionem
597 768 707 825 ymmo
729 758 761 810 et
789 752 888 827 ipsius
918 758 1022 811 nostre
1051 768 1165 827 sponse
1195 757 1403 828 zagrabiensis
1432 773 1480 816 ec-

213 860 303 919 clesie
340 858 543 930 kathedralis,
577 858 628 917 cui
659 857 764 917 divina
799 857 982 933 disponente
1011 849 1177 917 clemencia
1211 861 1243 918 in
1273 862 1480 923 solicitudinis

213 972 334 1039 partem
360 966 463 1024 vocati
486 964 681 1040 presidemus
703 965 848 1036 inmeriti,
872 973 1046 1023 extremum
1069 972 1283 1040 contemptum
1305 983 1358 1026 seu
1385 970 1480 1028 iactu·

211 1086 283 1129 ram
306 1087 366 1146 per
390 1071 463 1130 illos
485 1070 718 1130 malediccionis
741 1071 917 1146 alumpnos,
948 1071 1096 1144 nepharie
1128 1071 1317 1146 prodicionis
1349 1075 1480 1149 baiulos,

207 1179 296 1237 cives
319 1178 404 1250 illos,
425 1177 542 1237 incolas
564 1193 600 1235 ac
623 1177 771 1251 hospites,
793 1175 921 1254 judices,
943 1174 1060 1252 juratos
1083 1182 1113 1235 et
1128 1178 1269 1236 homines
1291 1195 1327 1237 ac
1342 1195 1481 1239 commu-

200 1286 345 1344 nitatem
361 1298 471 1343 eorum
485 1284 670 1356 sacrilegam
686 1288 716 1342 et
732 1281 885 1341 Gomorre
900 1282 1037 1357 populos
1049 1283 1088 1341 de
1099 1290 1205 1342 monte
1221 1284 1366 1344 Grecensi
1383 1302 1482 1361 prope

200 1390 331 1449 dictam
356 1389 551 1463 Zagrabiam,
575 1388 779 1463 multipharie
803 1387 973 1461 multisque
996 1388 1097 1447 modis
1128 1396 1158 1447 et
1187 1391 1309 1448 vicibus
1340 1394 1481 1465 nequiter

194 1497 415 1571 perpetratis,
438 1495 492 1568 qui
514 1509 577 1553 non
599 1493 790 1553 attendentes
813 1499 866 1551 aut
888 1493 987 1552 oculis
1019 1498 1131 1553 mentis
1161 1511 1214 1553 seu
1245 1496 1350 1555 debite
1384 1499 1481 1556 consi·

204 1601 393 1660 deracionis
415 1601 468 1659 vel
491 1600 605 1658 saltem
625 1600 759 1658 racionis
782 1602 813 1657 et
834 1600 998 1658 rectissimi
1028 1615 1102 1672 erga
1131 1617 1164 1658 se
1198 1601 1305 1660 iudicii
1339 1602 1482 1661 modera-

212 1709 306 1766 mine
331 1705 567 1782 perpendenteS,
591 1703 675 1779 quod
698 1710 803 1763 sancta
833 1709 933 1763 mater
964 1706 1092 1763 ecclesia
1123 1720 1180 1763 suo
1210 1722 1334 1780 semper
1357 1723 1471 1782 sponso

207 1814 274 1887 qui
297 1813 440 1871 Christus
463 1818 517 1884 est,
540 1811 675 1870 ineffalis
697 1811 815 1870 amoris
838 1809 1002 1869 dulcedine
1032 1811 1178 1884 copulata
1208 1812 1249 1869 ab
1281 1813 1350 1886 ipso
1380 1831 1483 1873 susce·

205 1919 300 1994 perit
324 1919 413 1978 dotes
435 1919 646 1993 amplissimas
679 1919 856 1991 graciarum
892 1918 1034 1975 ubertate
1069 1916 1216 1985 fecundas
1246 1925 1277 1976 et
1308 1920 1483 1992 specialiter

218 2026 300 2083 inter
323 2040 375 2082 eas
397 2024 585 2083 beneficium
606 2024 750 2097 insignite
773 2024 937 2095 libertatis,
961 2023 1107 2097 quodque
1131 2025 1197 2097 ipse
1221 2024 1362 2083 Christus
1392 2026 1483 2084 illam

220 2131 448 2204 peramabilem
482 2145 629 2206 sponsam
660 2130 726 2187 eius
760 2129 908 2188 fidelibus
942 2130 1070 2203 populis
1105 2130 1206 2187 libero
1237 2147 1360 2205 preesse
1383 2132 1485 2190 voluit

220 2235 359 2296 dominio
381 2244 412 2295 et
433 2237 549 2295 habere
572 2242 758 2310 potestatem
781 2237 813 2295 in
828 2236 976 2310 singulos,
992 2236 1091 2294 veluti
1106 2237 1137 2294 in
1154 2235 1245 2308 filios,
1261 2251 1322 2295 non
1338 2238 1483 2311 cuiquam

225 2349 274 2401 aut
289 2344 428 2402 cuiusvis
451 2343 593 2402 servituti
615 2343 785 2414 subiacere,
808 2343 859 2415 ita,
890 2349 925 2400 ut
948 2343 1037 2400 illam
1059 2343 1160 2401 cuncti
1183 2341 1291 2400 fideles
1314 2342 1382 2417 filii,
1406 2360 1484 2417 quos

226 2448 322 2508 eidem
345 2455 507 2523 regenerat
529 2448 653 2507 assidue
675 2449 803 2524 spiritus
826 2449 923 2507 sancti
946 2450 1050 2521 gracia
1072 2449 1213 2507 uberime
1238 2449 1409 2520 fecundata,
1421 2466 1483 2509 non

227 2551 366 2614 inmerito
389 2557 479 2614 sicuti
500 2563 632 2614 matrem
656 2561 687 2613 et
709 2555 869 2614 dominam
892 2570 981 2613 suam
1004 2555 1192 2614 honorarent
1207 2557 1292 2614 omni
1307 2558 1483 2615 reverencia

226 2669 345 2722 econtra
368 2662 467 2721 filiali.
491 2661 572 2720 Cum
595 2664 652 2721 hec
675 2662 715 2720 sit
737 2663 853 2735 utique,
877 2667 972 2736 prout
993 2667 1047 2733 est,
1071 2661 1184 2720 dilecta
1207 2662 1301 2733 illiuS,
1338 2663 1485 2720 columba

222 2766 282 2829 eius
308 2768 349 2826 de
373 2770 513 2828 cavernis
535 2769 680 2841 macerie,
704 2766 737 2826 id
761 2773 807 2826 est
837 2768 934 2826 latere
963 2770 1029 2826 eius
1060 2770 1253 2827 sanctissimo
1283 2768 1485 2842 progrediens

215 2878 268 2936 Seu
295 2873 470 2949 procedens
492 2880 528 2932 ut
551 2889 666 2948 sponsa
689 2872 727 2931 de
751 2874 848 2933 cubili
870 2889 927 2932 suo
950 2879 981 2932 et
1004 2875 1034 2932 in
1059 2875 1115 2932 illo
1148 2875 1312 2947 requiescit
1347 2875 1403 2932 hec
1436 2890 1486 2933 co·

208 2968 332 3042 lumba
358 2981 432 3052 eius,
457 2980 538 3039 circa
561 2993 655 3052 quam
680 2984 710 3036 et
731 2980 796 3037 eius
820 2979 978 3037 ministros
1001 2980 1099 3054 ipsius
1121 2986 1231 3053 utpute
1263 2981 1434 3038 honoribus
1457 2987 1487 3038 et

199 3070 421 3149 libertatibus
445 3085 584 3162 preditos
606 3100 660 3143 cor
683 3085 748 3143 eius
771 3084 929 3158 invigilat,
953 3086 1004 3143 hic
1034 3089 1080 3143 est
1110 3092 1196 3144 ortus
1227 3084 1360 3158 denique
1389 3087 1487 3159 ipsius

191 3180 335 3255 fertilis
371 3197 401 3250 et
432 3192 582 3265 irriguus,
616 3190 647 3248 in
678 3191 766 3249 cuius
800 3191 961 3248 suavitatis
993 3190 1088 3248 odore
1122 3191 1268 3264 precipue
1307 3190 1487 3261 delectatur,

187 3300 308 3362 Quinc
332 3312 428 3373 poma
449 3297 555 3370 gustui
577 3296 676 3369 ipsius
699 3301 770 3354 sunt
794 3294 887 3353 valde
910 3296 1012 3369 sipida
1035 3302 1065 3353 et
1096 3301 1229 3369 accepta.
1260 3295 1323 3353 Nec
1354 3297 1487 3354 contenti

180 3390 326 3476 iidem,
352 3403 436 3477 quon
459 3402 537 3462 anas
560 3402 599 3460 ne
626 3417 707 3460 anno
741 3400 859 3460 nomint
883 3402 1196 3459 ucccnxxxxvu
1220 3403 1296 3461 citra
1317 3402 1368 3460 vet
1396 3403 1488 3472 nura,

182 3497 297 3575 inito
322 3515 356 3567 et
376 3509 605 3568 communicato
628 3509 708 3566 inter
731 3524 764 3566 se
787 3510 889 3583 prius·
898 3509 1092 3581 malignandi
1116 3523 1151 3565 ac
1175 3507 1247 3566 forti
1271 3514 1302 3565 et
1317 3514 1440 3565 maturo
1456 3508 1488 3566 id

183 3612 362 3681 faciendi
384 3612 491 3674 habito
514 3616 594 3674 inter
616 3631 649 3673 se
671 3615 867 3688 iniquissimo
890 3621 920 3672 et
944 3614 1003 3672 deo
1026 3630 1061 3672 ac
1084 3614 1263 3672 hominibus
1286 3614 1395 3671 odioso
1418 3629 1489 3672 con·

184 3728 295 3787 ailio
319 3719 500 3780 huiusmodi
523 3727 628 3779 sancte
651 3723 760 3780 matris
781 3722 910 3779 ecclesie
933 3736 987 3778 sua
1012 3726 1151 3779 materna
1174 3721 1297 3794 pietate,
1321 3734 1383 3791 qua
1406 3718 1489 3777 filios

186 3841 295 3892 tuos
320 3833 388 3886 tam
410 3842 518 3886 amore
540 3829 727 3886 suavissimo
751 3828 866 3899 lovere,
890 3843 985 3901 quam
1008 3829 1142 3886 uberum
1167 3827 1246 3884 lacte
1262 3841 1389 3884 suorum
1407 3826 1490 3883 alere

189 3935 387 3998 consuevit
409 3933 595 4009 inpudenter
617 3940 803 4007 contempta,
826 3934 866 3993 ad
890 3948 1000 3992 sonum
1025 3935 1153 3992 maioris
1174 3948 1325 4006 campane
1349 3933 1490 4005 ipsorum

198 4041 354 4120 publice
376 4047 406 4099 et
428 4041 514 4099 clara
537 4041 607 4098 luce
630 4039 701 4112 diei,
724 4041 833 4098 erectis
856 4042 990 4099 cruentis
1014 4041 1153 4114 ipsorum
1178 4039 1313 4111 vexillis,
1337 4038 1491 4096 hostiliter

202 4162 321 4210 manu
344 4153 465 4205 arrnata
487 4146 527 4204 de
550 4144 690 4220 predicta
709 4147 842 4218 civitate,
866 4146 893 4203 si
914 4145 974 4204 dici
1006 4145 1118 4203 debeat
1139 4150 1168 4202 et
1192 4151 1336 4214 meretur,
1368 4143 1491 4201 descen·

207 4256 336 4314 dentes
359 4253 391 4313 in
414 4251 589 4326 capitulum
611 4252 750 4310 eiusdem
779 4252 916 4323 ecclesie,
940 4266 1048 4324 ymmo
1080 4258 1110 4308 et
1140 4258 1241 4309 totum
1271 4250 1391 4307 clerum
1418 4249 1492 4306 civi-

214 4362 300 4420 tatis
322 4366 427 4417 nostre
457 4357 672 4431 Zagrabiensis
704 4356 892 4416 deseviendo
922 4357 1106 4428 inimaniter,
1129 4357 1161 4414 in
1189 4356 1290 4413 curias
1323 4362 1352 4412 et
1382 4354 1492 4412 domos

219 4464 368 4525 eiusdem
391 4465 522 4539 capituli
544 4481 600 4523 nec
622 4479 683 4523 non
706 4462 987 4539 prebendariorum
1011 4479 1149 4535 suorum,
1172 4464 1323 4535 nequiter,
1339 4461 1447 4518 dolose
1463 4464 1494 4517 et

223 4571 444 4632 fraudulenter
468 4585 555 4629 more
578 4571 782 4646 vispillonum
806 4572 966 4641 irruentes,
991 4569 1170 4629 huiusmodi
1193 4568 1337 4625 dominos
1360 4571 1391 4623 et
1424 4580 1494 4637 pre-

226 4677 396 4737 bendarios
413 4677 510 4752 ipsius
533 4677 663 4753 capituli
685 4694 722 4736 ac
755 4678 885 4735 clericos
907 4691 925 4735 a
949 4677 1087 4734 maximo
1119 4691 1219 4748 usque
1254 4673 1292 4730 ad
1327 4672 1493 4729 minimum

229 4784 377 4843 omnibus
399 4784 494 4842 rebus
517 4789 548 4842 et
570 4784 661 4843 bonis
683 4784 825 4859 ipsorum
857 4788 888 4841 et
922 4783 1084 4858 presertim
1115 4781 1216 4852 libris,
1246 4777 1366 4848 litteris,
1396 4775 1494 4834 bullis

232 4890 420 4964 apostolicis,
441 4891 662 4964 instrumentis,
691 4887 823 4967 juribus,
846 4890 995 4962 vestibus,
1018 4887 1210 4962 argenteriis,
1232 4883 1379 4960 pecuniis,
1403 4882 1495 4956 vinis,
