3278 5348
511 433 586 495 Duc.
611 443 676 509 177.
700 429 764 510 178
784 466 826 476 -
850 435 906 491 An.
930 444 1144 511 1453-1454.
1398 453 1456 508 ²41

193 651 359 723 Augustini
384 650 576 722 degencium,
600 649 639 707 ad
663 651 844 708 instanciam
868 649 992 707 discreti
1016 649 1076 707 viri
1100 648 1218 706 domini
1243 649 1362 707 Nicolai
1396 650 1460 725 ple·

193 755 268 813 bani
290 756 419 815 ecclesie
442 757 537 813 sancti
562 756 658 813 Marci
681 755 720 812 dc
748 762 854 814 monte
877 754 991 813 Gerecz
1015 755 1137 812 racione
1161 762 1270 827 quarte
1293 771 1346 813 seu
1371 770 1462 813 cano-

193 862 262 920 nice
291 863 446 935 porcionis
477 861 517 919 de
550 860 743 919 funeralibus
774 862 835 920 sibi
865 861 1004 933 legitime
1034 861 1252 933 provenientis,
1284 860 1410 934 publice
1434 867 1463 918 et

192 965 355 1024 manifeste
370 967 709 1025 excommunicavimus
725 973 755 1024 et
771 968 1073 1025 excommunicatum
1091 964 1157 1022 fore
1174 967 1461 1039 pronunciavimus.

191 1072 226 1131 In
250 1075 348 1131 robur
372 1074 466 1146 igitur
490 1073 715 1145 premissorum
740 1073 934 1146 presentibus
958 1071 1104 1129 duximus
1125 1072 1228 1145 sigilla
1243 1077 1348 1130 nostra
1364 1087 1460 1146 appo-

191 1179 299 1237 nenda
324 1180 440 1237 Datum
464 1178 615 1252 Zagrabie
631 1180 727 1236 tercio
750 1177 800 1236 die
816 1179 941 1237 termini
958 1180 1119 1251 prenotati.
1146 1179 1235 1236 Anno
1252 1178 1370 1236 domini
1387 1179 1457 1236 mil·

196 1286 308 1344 lesimo
331 1284 435 1343 CCCC
459 1285 717 1358 quinquagesimo
741 1285 843 1343 tercie.

300 1419 435 1483 Originale
454 1420 481 1469 in
500 1419 596 1477 charta,
622 1421 650 1468 iu
677 1421 791 1483 margine
816 1421 931 1469 inferiori
951 1421 998 1468 tria
1017 1421 1160 1483 imppressa
1178 1420 1271 1484 sigilla.
1295 1424 1327 1469 In
1346 1422 1460 1470 archivio

190 1507 237 1561 lib.
257 1524 309 1571 reg.
329 1508 377 1557 civ.
397 1508 496 1572 zagrab.

793 1685 872 1753 17⁷.

297 1774 377 1823 Anno
399 1786 473 1839 1453-

295 1904 386 1961 Anno
424 1916 515 1978 1453.
550 1903 656 1960 Fassio
691 1903 866 1976 perennalis
901 1909 1101 1961 executorum
1136 1904 1309 1962 testamenti
1334 1904 1455 1962 Nicolai

188 2007 321 2067 condam
352 2010 481 2079 sutoris,
513 2009 590 2067 civis
619 2009 843 2080 zagrabiensis,
874 2024 968 2082 super
999 2016 1081 2067 terra
1110 2010 1249 2068 eiusdem
1272 2010 1400 2068 arrabili
1426 2011 1456 2067 in

188 2114 346 2172 territorio
370 2114 450 2172 dicte
473 2115 608 2172 civitatis
631 2114 840 2187 zagrabiensis
861 2131 954 2188 penes
971 2124 1085 2173 terram
1101 2116 1270 2174 arrabilem
1287 2117 1453 2189 hospitalis

187 2220 278 2279 civici
303 2221 508 2278 inhonorem
532 2221 561 2278 b.
584 2221 700 2277 Mariae
732 2220 861 2292 virginis
891 2222 1038 2292 extructi,
1062 2223 1218 2292 habitam,
1250 2237 1308 2296 pro
1332 2222 1452 2279 Thoma

188 2341 286 2400 aeque
319 2327 386 2384 cive
416 2326 625 2399 zagrabiensi‚
654 2341 712 2400 pro
737 2327 862 2399 triginta
887 2327 1010 2385 duobus
1033 2327 1097 2385 tlor.
1121 2329 1204 2399 auri,
1229 2342 1334 2385 coram
1358 2328 1455 2400 magi-

187 2438 285 2490 stratu
310 2432 372 2490 loci
394 2433 558 2491 celebrata.

292 2572 324 2620 In
344 2571 440 2620 archiv.
459 2573 530 2635 regui
550 2572 635 2622 Cront.
654 2570 723 2621 Slav.
744 2570 830 2623 Dalm.
850 2572 911 2619 Act.
931 2572 987 2619 Soc.
1005 2572 1078 2635 Jesu,
1099 2572 1172 2621 Fasc.
1195 2572 1233 2621 16.
1255 2587 1291 2621 ur.
1315 2571 1353 2621 tii.

773 2801 854 2868 178.

291 2943 371 2991 Anno
393 2955 468 3007 1454,
489 2954 529 2992 20.
549 2942 618 2991 maii.
638 2942 786 3004 Ligrahiac.

185 3050 360 3119 Frriiericus,
389 3051 480 3109 Ciliac
501 3069 589 3109 coines
613 3058 641 3108 cl
662 3048 764 3111 battus.
786 3052 816 3106 in
839 3068 938 3121 carisa,
962 3068 1036 3123 qtinc
1052 3051 1128 3107 ahter
1142 3052 1366 3107 ritrrttnunt'iatcm
1383 3052 1449 3107 ciui-

403 3159 471 3215 tatis
493 3167 521 3215 et
542 3158 712 3235 chm'ngum
735 3158 843 3231 agriter,
868 3158 969 3213 ilerum
993 3158 1065 3213 diem
1088 3159 1237 3215 cottslilm'l.

289 3302 352 3359 Nos
375 3302 548 3360 Fridericus
572 3301 621 3359 dei
644 3303 747 3374 gracia
769 3302 856 3372 Cilic,
882 3302 1098 3374 Ortemburge‚
1122 3302 1311 3375 Zagorieque
1335 3317 1447 3375 comes,

184 3424 301 3466 necnon
325 3409 411 3480 regni
434 3408 597 3466 Sclauonie
620 3409 726 3465 banus.
751 3410 898 3465 liemorie
915 3408 1179 3478 commendamus,
1197 3408 1279 3481 quod
1299 3409 1448 3467 albertus

184 3514 337 3573 litteratus
360 3514 398 3571 dc
422 3514 551 3584 Galaad,
576 3530 633 3587 pro
658 3515 782 3585 egregio
800 3515 973 3586 llennyngh
998 3514 1035 3570 de
1060 3514 1272 3572 Ztvmzedwar
1288 3531 1359 3572 cum
1375 3530 1447 3588 pro-

183 3622 345 3679 curatoriis
365 3621 476 3678 litteris
500 3622 612 3678 nostris
635 3622 675 3677 ab
700 3637 768 3685 una,
792 3622 865 3678 item
891 3635 948 3693 pro
971 3619 1081 3696 judice,
1107 3619 1215 3695 juratis
1239 3630 1268 3678 et
1292 3623 1444 3680 universis

183 3728 304 3785 civibus
327 3726 460 3785 civitatis
485 3728 598 3783 montis
622 3726 782 3783 Grecensis
806 3726 844 3783 de
866 3727 951 3783 iuxta
975 3726 1169 3798 Zagrabiam,
1208 3729 1353 3799 magister
1385 3729 1446 3783 ¹tla-

183 3833 280 3905 thyas,
303 3834 440 3891 notarius
465 3832 545 3891 dicte
568 3833 700 3890 civitatis
725 3833 837 3890 montis
861 3833 1022 3890 (irecensis
1058 3834 1202 3890 similiter
1233 3850 1303 3890 eum
1336 3849 1446 3906 procu-

181 3940 305 3998 ratoriis
336 3939 448 3997 litteris
479 3941 591 3996 nostris
623 3945 710 4012 parte
741 3940 780 3995 ab
804 3939 910 4010 altera,
943 3955 1048 3996 coram
1073 3940 1163 3996 nobis
1187 3940 1351 4009 constituti,
1376 3947 1446 3995 sunt

181 4045 312 4104 confessi
335 4046 366 4103 in
396 4045 477 4102 hunc
509 4043 653 4101 modum:
686 4044 768 4116 quod
802 4046 860 4118 ipsi
889 4045 1110 4102 discussionem
1136 4054 1165 4101 et
1185 4045 1445 4101 deliberacionem

181 4150 343 4209 cuiusdam
373 4167 472 4221 cause,
504 4168 564 4224 que
588 4153 666 4210 inter
699 4152 852 4225 prefatum
887 4154 1044 4224 egregium
1072 4152 1244 4223 llennvngh
1269 4153 1309 4208 ab
1334 4168 1393 4208 una
1416 4159 1445 4207 et

180 4258 258 4315 inter
281 4268 470 4316 memoratos
494 4256 636 4337 judicem,
660 4257 786 4335 juratos,
811 4261 955 4331 civesque
980 4262 1111 4316 civitatis
1138 4259 1249 4315 montis
1284 4258 1444 4314 (irecensis

180 4371 268 4437 parte
292 4364 332 4420 ab
356 4365 454 4422 altera
479 4366 563 4422 iuxta
588 4367 810 4423 continenciam
843 4366 1015 4423 litterarum
1049 4364 1205 4435 magnifici
1237 4364 1358 4421 comitis
1391 4364 1445 4419 La·

179 4468 271 4528 dislai
305 4468 344 4527 de
378 4471 505 4542 Palocz‚
538 4469 648 4546 judicis
684 4474 767 4529 curie
798 4474 880 4543 regie
914 4472 1200 4546 prorogatoriarum
1231 4486 1325 4543 super
1357 4468 1445 4527 iactis

179 4574 210 4633 in
231 4575 343 4634 litteris
366 4578 479 4635 nostris
511 4579 827 4637 transmissionalibus
858 4580 1024 4641 contentis.
1058 4581 1087 4636 in
1118 4579 1234 4635 octavis
1269 4576 1336 4633 t‘esti
1362 4578 1444 4633 beati

179 4680 306 4755 Georgii
328 4685 464 4741 martiris
485 4700 590 4742 coram
615 4685 722 4742 eodem
747 4683 848 4759 judice
873 4688 956 4743 curie
981 4686 1064 4755 regie
1088 4685 1273 4742 vertebatur.
1302 4682 1340 4740 de
1372 4698 1442 4755 par·

179 4788 261 4846 cium
287 4795 524 4861 procuratorum
548 4792 707 4848 voluntate
731 4790 767 4847 ad
793 4800 918 4849 octavas
947 4791 1014 4847 testi
1044 4793 1125 4847 beati
1152 4790 1278 4860 Georgii
1305 4789 1444 4846 martiris

176 4894 209 4951 in
239 4900 348 4952 octava
379 4895 577 4954 revolucione
608 4899 733 4954 annuali
766 4903 910 4955 venturas
944 4897 1062 4968 absque
1086 4898 1170 4952 omni
1203 4896 1383 4965 gravamine
1415 4902 1444 4951 et

1341 5022 1376 5058 Ἡ)
