3278 5348
185 384 247 459 2⁸4
590 379 663 436 Dec.
687 390 754 454 225.
781 412 820 422 -
845 379 902 437 An.
927 374 1021 456 1462.

181 605 285 657 nostre
308 603 473 673 propterea
496 602 638 673 porrecte
660 597 823 666 maiestati,
847 604 913 653 tum
937 596 1035 653 eciam
1056 610 1114 669 pro
1130 594 1355 656 reiormacione
1369 598 1431 656 eius

182 704 253 763 dem
277 705 413 776 claustri,
444 705 528 778 quod
552 705 582 763 in
607 704 745 761 maxima
768 704 815 760 sui
839 709 928 776 parte
952 703 1196 776 quamplurimis
1217 703 1348 763 edificiis
1369 709 1431 778 eget

181 810 298 869 vadum
321 812 353 869 in
376 811 502 868 flumine
524 810 618 882 Zawy
642 810 744 879 situm,
761 808 845 882 quod
870 809 1042 881 vulgariter
1065 808 1182 866 vadum
1206 811 1290 883 regis
1313 816 1434 871 vocatur.

182 932 281 991 prope
304 918 461 975 civitatem
484 923 623 975 nostram
646 915 761 973 montis
784 915 945 973 Grecensis
968 916 1063 973 simul
1087 930 1158 972 cum
1175 917 1295 975 cunctis
1310 915 1433 974 eiusden

182 1024 254 1081 vadi
279 1024 473 1094 utilitatibus,
497 1022 710 1096 proventibus,
734 1021 979 1079 obvencionibus
1000 1028 1031 1080 et
1060 1022 1260 1096 pertinenciis
1292 1037 1350 1097 pro
1380 1038 1436 1096 pre

182 1129 246 1187 fato
277 1130 412 1187 claustro
443 1131 526 1187 beati
557 1128 678 1187 Nicolai
709 1127 901 1199 confessoris,
934 1133 1218 1202 consequenterque
1249 1127 1332 1187 dicto
1362 1127 1437 1186 fratri

182 1236 347 1293 Eustochio
370 1237 477 1309 priori,
493 1250 611 1293 necnon
635 1235 787 1293 universis
810 1235 880 1293 aliis
903 1234 1053 1293 fratribus
1075 1236 1107 1293 in
1130 1234 1242 1293 eodem
1259 1234 1437 1308 degentibus

182 1340 272 1398 adie
304 1342 368 1412 illo,
401 1358 462 1415 quo
491 1343 551 1416 ipsi
585 1341 696 1400 fratres
727 1341 899 1399 dominium
930 1341 1003 1399 dicti
1026 1342 1098 1399 vadi
1125 1342 1347 1415 adipiscentur,
1370 1340 1439 1400 intra

182 1448 321 1520 spacium
354 1448 490 1521 quinque
520 1449 713 1520 integrorum
744 1462 897 1505 annorum
927 1455 997 1521 post
1029 1464 1093 1506 sese
1116 1449 1300 1507 immediate
1322 1464 1439 1521 sequen·

183 1554 265 1610 cium
289 1554 510 1628 computando,
527 1556 635 1627 vigore
658 1556 792 1612 aliarum
816 1555 990 1613 litterarum
1005 1560 1183 1613 nostrarum
1199 1554 1440 1613 donacionalium

182 1658 292 1716 exinde
315 1659 532 1730 confectarum,
559 1660 736 1719 dederimus
767 1668 797 1718 et
832 1662 1062 1732 contulerimus,
1098 1661 1296 1734 velimusque
1326 1659 1440 1718 eosdem

183 1765 294 1822 fratres
324 1767 355 1823 in
388 1766 560 1824 dominium
591 1768 664 1825 dicti
688 1767 760 1825 vadi
784 1784 840 1842 per
862 1773 1002 1825 nostrum
1026 1774 1056 1824 et
1079 1772 1220 1825 vestrum
1243 1768 1385 1826 homines
1407 1767 1440 1824 le

182 1872 303 1942 gittime
326 1871 425 1929 facere
445 1873 607 1932 introduci.
624 1874 696 1931 ideo
714 1873 855 1932 fidelitati
873 1882 973 1932 vestre
989 1874 1120 1933 firmiter
1136 1873 1340 1948 precipiendo
1365 1888 1440 1931 man·

183 1977 302 2048 damus,
327 1986 477 2052 quatenus
501 1987 640 2037 vestrum
660 1981 789 2038 mittatis
805 1981 964 2037 hominem
981 1995 1038 2054 pro
1054 1980 1232 2038 testimonio
1248 1981 1440 2054 fidedignum

183 2098 245 2156 quo
269 2093 409 2156 presente
433 2085 594 2143 Ladislaus
618 2085 656 2142 de
681 2086 815 2159 Byzerio,
838 2087 890 2143 vel
913 2087 1066 2167 Johannes
1090 2085 1127 2143 de
1151 2086 1280 2160 Gepew,
1304 2093 1357 2144 aut
1388 2087 1441 2142 lla·

185 2189 263 2246 thias
294 2196 323 2247 et
346 2189 528 2264 Stephanus,
553 2192 788 2264 Ladomerychy
820 2193 902 2262 dicti,
937 2209 989 2250 seu
1013 2191 1188 2266 Stephanus
1212 2192 1374 2264 Thewrelr‚
1396 2208 1439 2250 seu

183 2295 344 2352 Ladislaus
368 2303 397 2353 et
420 2297 579 2355 Baithesar
602 2298 640 2356 de
664 2298 907 2368 Thwrlralowcz,
935 2299 1004 2356 aliis
1020 2299 1209 2370 absentibus,
1225 2300 1323 2356 homo
1339 2305 1440 2361 noster.

183 2400 221 2457 ad
245 2400 337 2459 facies
361 2403 491 2475 predicti
515 2404 586 2462 vadi
611 2406 719 2462 vicinis
743 2411 773 2462 et
796 2407 1016 2463 commetaneis
1040 2405 1178 2463 eiusdem
1203 2406 1359 2463 universis
1374 2403 1441 2463 inibi

183 2508 334 2579 legittime
358 2511 533 2567 convocatis
557 2519 585 2567 et
611 2512 805 2584 presentibus
837 2511 1018 2582 accedendo,
1050 2511 1225 2569 introducat
1258 2517 1440 2569 memoratos

184 2612 295 2671 iratres
319 2616 349 2671 in
381 2615 552 2673 dominium
589 2617 736 2687 ciusdem,
771 2625 945 2690 statuatque
979 2618 1062 2674 idem
1093 2617 1209 2675 eisdem
1245 2618 1342 2675 simul
1379 2631 1441 2674 cum

182 2720 299 2777 cunctis
334 2722 430 2795 ipsius
465 2724 650 2780 utilitatibus
681 2730 711 2781 et
742 2726 936 2798 pertinenciis
971 2725 1171 2797 quibuslibet,
1195 2726 1351 2798 premisso
1381 2723 1441 2800 jure

183 2826 258 2897 ipsis
290 2827 495 2899 incumbente,
521 2831 758 2903 possidendum,
789 2832 814 2888 si
844 2847 905 2888 non
937 2830 1028 2888 luerit
1052 2831 1285 2889 contradictum.
1323 2831 1441 2889 Contra·

182 2933 314 2989 dictores
337 2948 421 3004 ver0,
438 2935 463 2991 si
485 2936 538 3007 qui
561 2935 683 3007 fuerint,
700 2943 806 2995 evocet
829 2936 954 2995 eosdem
977 2941 1083 2993 contra
1103 2942 1264 2995 annotatos
1281 2936 1393 2996 fratres
1416 2937 1441 2994 in

182 3039 372 3110 presenciam
398 3040 551 3098 banorum
575 3044 626 3100 vel
652 3044 873 3101 vicebanorum
905 3044 990 3115 regni
1015 3045 1111 3102 nostri
1135 3043 1301 3102 Sclauonie
1326 3045 1365 3102 ad
1390 3051 1441 3101 ter·

183 3144 300 3199 minum
325 3154 551 3217 competentem
576 3151 730 3206 racionem
757 3151 794 3206 de
819 3151 978 3223 premissis
1001 3150 1184 3208 reddituros.
1221 3152 1258 3208 lit
1283 3156 1442 3225 postquam

183 3247 359 3303 huiusmodi
382 3250 621 3312 introduccionis
645 3263 674 3312 et
698 3257 875 3313 statucionis
898 3257 1008 3313 seriem
1033 3273 1104 3313 cum
1129 3256 1394 3315 contradictorum
1418 3264 1442 3314 et

182 3360 390 3424 evocatorum,
414 3357 439 3411 si
463 3359 515 3428 qui
541 3360 659 3426 suerint,
684 3363 918 3435 vicinorumque
942 3369 971 3420 et
995 3370 1289 3433 commetancorum,
1306 3366 1360 3437 qui
1378 3380 1442 3437 pre·

183 3459 275 3514 misse
305 3461 466 3517 statucioni
497 3464 664 3524 intererunt
696 3470 888 3540 nominibus,
920 3471 1113 3541 terminoque
1139 3470 1305 3541 assignato,
1330 3470 1440 3528 eisdem

184 3564 271 3620 banis
302 3565 352 3620 vel
384 3566 540 3624 vicebanis
575 3575 658 3643 regni
692 3576 787 3631 nostri
819 3575 982 3632 Sclauonie
1005 3574 1118 3648 prefati
1140 3590 1196 3632 suo
1219 3575 1316 3633 modo
1339 3576 1443 3634 rescri-

184 3670 270 3725 batis.
303 3671 416 3727 Dntum
450 3672 533 3729 llucle
565 3677 613 3732 die
643 3679 797 3737 dominico
832 3681 976 3754 proximo
1008 3688 1077 3755 post
1108 3681 1222 3738 festum
1253 3682 1442 3741 Ascensionis

183 3776 308 3834 domini.
327 3779 415 3832 Anno
433 3779 570 3836 eiusdem
588 3785 757 3842 millesimo
774 3788 1079 3859 (quadringentesimo
1094 3788 1288 3860 sexagesimo
1307 3790 1443 3847 secundo.

289 3947 331 4008 (A
352 3948 447 4011 tergo).
485 3946 643 4003 Fidelibus
674 3950 787 4004 nostris
820 3950 958 4021 capitulo
989 3949 1116 4007 ecclesie
1147 3952 1358 4022 zagrabiensis
1392 3965 1444 4026 pro

182 4052 334 4124 religiosis
359 4052 506 4112 fratribus
530 4054 646 4110 ordinis
672 4054 903 4111 l’rcdicatorum
928 4056 959 4112 in
983 4057 1118 4113 claustro
1142 4057 1224 4113 beati
1241 4056 1363 4117 Nicolai
1379 4074 1443 4116 con·

183 4160 306 4218 sessoris
330 4161 479 4233 Zagrabie
504 4161 640 4228 fundate,
666 4160 858 4232 degentibus,
882 4162 1107 4220 introductoria
1130 4170 1160 4219 et
1183 4166 1357 4223 statutoria.

288 4405 421 4469 Originale
448 4407 474 4454 in
503 4407 597 4454 charta.
628 4407 659 4452 In
678 4407 792 4468 margine
811 4406 926 4454 inferiori
945 4407 1097 4470 impressum
1115 4414 1154 4454 est
1171 4405 1287 4470 sigillum
1307 4409 1395 4458 maius.
1414 4408 1442 4455 Iu

181 4496 296 4544 archivio
317 4495 361 4545 lib.
382 4511 433 4558 reg.
453 4496 501 4543 civ.
520 4495 618 4557 zagrab.
