3256 5346
261 478 325 556 484
676 475 749 532 Doc.
767 469 843 550 365.
871 471 981 530 -An
1013 483 1104 548 1492.

259 695 386 766 antiquo
409 692 619 766 spectantibus
643 700 673 748 et
695 690 850 764 pertinere
871 689 1066 760 debentibus,
1089 693 1262 746 memorate
1284 689 1409 762 capelle
1432 689 1529 746 sancti

259 800 386 873 spiritus
409 803 438 855 et
462 813 517 870 per
539 811 728 870 consequens
751 794 888 852 eiusdem
912 795 1025 854 rectori
1040 794 1227 852 remittimus
1244 800 1275 851 et
1291 796 1529 868 reassignamus‚

261 913 291 962 et
313 905 533 962 nichilominus
556 909 655 960 totum
688 909 717 959 et
740 916 832 959 omne
853 900 902 978 jus
925 908 1076 973 nostrum,
1099 902 1126 958 si
1150 899 1234 974 quod
1259 901 1292 958 in
1315 900 1437 959 eisdem
1456 916 1529 974 qua·

261 1009 467 1081 litercumque
501 1009 696 1080 haberemus,
731 1008 833 1065 eidem
868 1008 989 1082 capelle
1012 1018 1042 1066 et
1076 1023 1133 1081 per
1155 1021 1347 1080 consequens
1371 1007 1529 1077 moderno,

262 1117 439 1188 cunctisque
472 1114 584 1172 futuris
615 1115 786 1173 rectoribus
808 1113 945 1172 eiusdem
970 1115 1002 1172 in
1024 1120 1209 1188 perpetuam
1232 1113 1457 1172 eleemosinam
1479 1114 1529 1171 de·

261 1221 373 1289 dimus,
397 1221 580 1279 donavimus
596 1228 626 1278 et
649 1221 846 1293 contulimus,
864 1222 962 1280 immo
978 1220 1096 1293 damus,
1119 1221 1271 1278 donamus
1294 1228 1325 1278 et
1341 1220 1528 1279 conferimus

260 1325 329 1402 jure
352 1334 502 1400 perpetuo
525 1334 555 1384 et
571 1328 601 1384 in
613 1328 838 1400 sempiternum
854 1326 985 1399 tenendi,
1002 1326 1179 1401 possidendi
1198 1328 1315 1401 pariter
1338 1333 1369 1385 et
1384 1326 1528 1396 habendi,

262 1433 302 1489 ab
326 1433 412 1491 omni
434 1438 463 1490 et
494 1434 604 1506 quavis
626 1432 841 1508 jurisdiccione
864 1441 1041 1492 nostrorum
1064 1433 1234 1492 oficialium
1258 1449 1529 1508 quorumcumque

263 1539 294 1596 in
318 1538 408 1596 dictis
430 1545 531 1597 castro
553 1546 659 1597 nostro
683 1538 803 1596 Meilwe
826 1547 856 1597 et
879 1540 1003 1598 civitate
1026 1547 1131 1598 nostra
1155 1541 1270 1598 montis
1286 1540 1452 1599 Grecensis
1470 1554 1525 1614 pro

262 1651 402 1716 tempore
433 1645 605 1702 constitutis
636 1651 666 1702 et
697 1645 983 1704 constituendorum
1007 1647 1129 1720 penitus
1152 1650 1182 1703 et
1205 1646 1332 1704 omnino
1357 1647 1526 1704 eximentes

262 1755 478 1809 etavertantes
494 1751 605 1807 harum
628 1757 813 1823 nostrarum,
844 1753 958 1824 quibus
981 1754 1107 1810 absente
1130 1753 1235 1824 sigillo
1265 1759 1374 1810 nostro
1408 1753 1526 1819 maiori,

261 1856 387 1913 anulare
418 1861 570 1913 secretum
593 1863 733 1914 nostrum
763 1865 809 1915 est
845 1872 1027 1931 appensum,
1051 1858 1159 1931 vigore
1182 1864 1213 1916 et
1236 1858 1415 1916 testimonio
1449 1859 1528 1916 litte·

263 1940 371 2018 rarum
382 1961 543 2020 mediante.
567 1963 682 2019 Datum
707 1963 737 2019 in
761 1962 900 2035 predicta
923 1969 1029 2021 nostra
1044 1965 1168 2022 civitate
1183 1965 1298 2065 mirantis
1311 1963 1475 2023 Grecensis
1498 1965 1527 2021 in

263 2065 340 2125 festo
356 2067 445 2125 beate
476 2069 670 2139 hlargarethe
708 2069 839 2149 virginis
865 2076 895 2126 et
918 2070 1061 2127 martiris.
1086 2072 1175 2128 Anno
1208 2070 1328 2128 domini
1358 2071 1527 2129 millesimo

262 2172 565 2246 quadringentesimo
587 2175 787 2246 nonagesimo
811 2175 954 2233 secundo.

370 2328 392 2374 E
412 2334 573 2390 transumpto
596 2325 721 2376 Vladislai
735 2329 802 2391 regis
821 2330 853 2377 de
866 2344 933 2378 anno
956 2342 1030 2394 1495.
1050 2331 1080 2378 In
1101 2330 1196 2382 archiv.
1216 2331 1262 2382 lib.
1282 2349 1334 2397 reg.
1355 2335 1404 2383 civ.
1428 2334 1525 2398 zagrab.

857 2578 947 2643 363.

370 2719 450 2768 Anno
472 2731 546 2782 1492,
567 2731 598 2783 25
626 2718 700 2783 Julii.
721 2719 751 2766 In
771 2718 903 2769 Gudovec.

263 2847 291 2905 A
313 2847 453 2904 Ladr'slao
482 2847 515 2903 dc
545 2847 712 2921 Egcrvara,
743 2846 901 2905 Slavoniac
923 2846 1006 2916 bano,
1029 2842 1186 2919 capitulum
1208 2847 1395 2919 zagrabiense
1410 2850 1526 2922 petitur,

284 2961 318 3010 ut
336 2955 470 3011 sacellum
493 2972 514 3012 s.
537 2955 655 3027 spiritus
677 2955 707 3010 in
723 2955 912 3026 possessiones
927 2952 1138 3028 jobagionales,
1161 2953 1227 3009 olim
1250 2962 1361 3029 raptas,
1384 2955 1506 3014 inducat.

371 3115 486 3171 Amicis
517 3115 580 3171 suis
603 3115 789 3188 reverendis,
812 3116 951 3188 capitulo
975 3116 1102 3174 ecclesie
1125 3116 1341 3189 zagrabiensis,
1366 3118 1525 3176 Ladislaus

264 3219 302 3278 de
324 3221 498 3291 Egerwara‚
527 3236 692 3293 regnorum
726 3220 896 3291 Dalmacie,
924 3221 1051 3280 Croacie
1082 3227 1113 3280 et
1135 3221 1299 3280 Sclauonie
1322 3223 1432 3296 banus,
1455 3225 1527 3282 ami·

263 3327 372 3383 eiciam
396 3334 537 3399 paratam
562 3343 633 3384 cum
657 3329 782 3385 honore.
807 3327 928 3385 Dicitur
951 3329 1041 3386 nobis
1065 3329 1097 3386 in
1114 3342 1245 3402 persona
1260 3330 1455 3388 honorabilis
1471 3330 1526 3387 riri

263 3433 423 3490 Michaelis
454 3433 492 3491 de
522 3434 863 3506 Zenthgyewrghwara,
895 3435 1024 3492 rectoris
1048 3436 1234 3508 parochialis
1262 3436 1393 3495 ecclesie
1428 3443 1527 3494 sancte

264 3540 458 3610 Margarethe
481 3540 609 3612 virginis
633 3549 662 3597 et
686 3540 821 3598 martiris
845 3539 883 3597 de
906 3540 1057 3598 suburbio
1081 3541 1215 3598 civitatis
1228 3542 1342 3598 montis
1359 3541 1525 3611 Grecensis,

263 3645 421 3717 quomodo
444 3647 560 3719 ipsein
585 3646 758 3704 dominium
781 3646 988 3719 quarumdam
1013 3653 1146 3719 quatuor
1162 3648 1335 3705 sessionum
1351 3646 1526 3723 jobagiona·

263 3751 340 3806 lium
374 3753 404 3808 in
438 3754 629 3824 possessione
660 3753 886 3810 Chemomercz
918 3759 1035 3822 vocata,
1067 3754 1099 3809 in
1130 3769 1264 3826 quarum
1298 3769 1359 3811 una
1400 3754 1525 3827 quidam

263 3855 415 3928 Domyan,
439 3858 469 3916 in
493 3858 626 3915 secunda
651 3857 786 3929 lllathko,
809 3859 841 3916 in
864 3860 957 3917 tercia
981 3858 1098 3916 Gwrlto
1114 3865 1145 3916 et
1161 3860 1191 3916 in
1208 3866 1319 3932 quarta
1335 3860 1436 3918 Lucas
1452 3861 1524 3918 olim

261 3959 441 4036 jobagiones
464 3963 664 4022 residenciam
700 3965 888 4035 habuissent,
923 3966 1049 4022 omnino
1085 3967 1116 4022 in
1151 3966 1300 4023 comitatu
1333 3965 1524 4038 zagrabieusi

263 4070 474 4142 existencium,
499 4070 685 4139 habitarum,
721 4072 824 4143 ipsum
860 4070 1022 4128 dominum
1053 4072 1238 4129 Michaelem
1260 4078 1292 4128 et
1321 4074 1525 4147 prescriptam

263 4175 424 4231 ecclesiam
463 4190 551 4232 suam
588 4185 650 4232 tam
686 4178 794 4248 vigore
830 4178 1005 4235 litterarum
1048 4178 1179 4236 illustris
1218 4178 1338 4236 domini
1381 4180 1525 4262 Johannis

263 4277 389 4336 Coruini
423 4279 508 4337 ducis
543 4288 597 4338 etc.
641 4299 736 4354 quam
776 4284 840 4340 alio
884 4284 985 4341 omnis
1019 4282 1095 4359 juris
1134 4284 1225 4341 titulo
1262 4287 1523 4354 concernencium,

261 4384 412 4455 legittime
436 4386 552 4443 vellent
576 4389 717 4457 introire;
747 4405 841 4462 super
865 4404 928 4460 quo
959 4390 1131 4447 amiciciam
1163 4395 1301 4447 vestram
1332 4392 1526 4465 presentibus

262 4492 396 4561 petimus
421 4491 592 4564 diligenter,
617 4500 768 4567 quatenus
791 4502 930 4552 vestrum
955 4497 1084 4553 mittatis
1100 4497 1259 4554 hominem
1276 4510 1335 4569 pro
1352 4499 1525 4557 testimonio

261 4595 464 4668 fidedignum‚
499 4613 561 4670 quo
585 4605 735 4672 presente,
773 4601 933 4659 Balthasar
968 4601 1006 4658 de
1039 4601 1236 4673 Mykchewcz
1267 4603 1322 4660 vel
1355 4602 1526 4679 Stephanus

261 4700 381 4758 Kasnar
403 4702 441 4758 de
465 4701 651 4776 Glawnycza
675 4713 728 4763 aut
752 4706 904 4778 Georgius
920 4706 959 4765 de
975 4707 1128 4767 Schitario
1141 4709 1210 4767 aliis
1225 4708 1420 4781 absentibus,
1435 4712 1526 4768 homo

260 4812 372 4876 noster,
396 4807 433 4863 ad
466 4808 559 4866 facies
590 4812 833 4884 prescriptarum
866 4821 999 4886 quatuor
1024 4816 1196 4872 sessionum
1224 4812 1474 4890 jobagionalium
1498 4816 1527 4873 in

261 4919 403 4970 annotata
428 4916 618 4986 possessione
642 4918 867 4977 Chernomercz
891 4922 1084 4994 situatarum,
1108 4921 1218 4979 vicinis
1241 4928 1272 4979 et
1307 4923 1526 4981 commetaneis
