3278 5348
602 364 674 421 Doc.
699 360 749 422 28.
776 395 814 409 -
840 365 896 425 An.
921 378 1010 441 1420.

289 838 369 886 Anao
392 850 465 900 1420,
487 851 509 887 2.
529 840 649 891 octobris.
671 841 818 906 Zagrabiae.

182 1015 217 1071 In
241 1034 338 1086 creusa,
362 1035 450 1089 quam
472 1019 657 1075 commmitas
674 1019 778 1077 montis
800 1018 954 1078 Grccmsis
969 1020 999 1075 in
1022 1020 1177 1093 capitulum
1194 1019 1307 1093 agebat,
1331 1021 1444 1077 comites

182 1139 379 1212 zngrrrbienses
404 1158 462 1197 sese
488 1149 655 1214 potestatem
689 1144 896 1201 communitatis
930 1145 960 1200 in
994 1147 1040 1201 ius
1074 1143 1218 1201 vocandae
1251 1150 1309 1200 nin
1340 1144 1446 1202 habere

725 1269 912 1342 profitentur.

288 1481 350 1537 Nos
373 1479 571 1539 Sebastianus
595 1481 634 1538 de
657 1482 812 1539 Karmach
837 1487 867 1540 et
898 1481 1006 1540 Petrus
1041 1480 1079 1538 de
1113 1480 1293 1550 Cruemche,
1319 1482 1448 1538 comites

180 1587 394 1658 zagrabienses
418 1604 453 1645 ac
475 1587 593 1664 judices
616 1590 770 1647 nobilium
801 1589 940 1646 eiusdem
972 1591 1145 1646 comitatus.
1178 1588 1329 1644 Memorie
1363 1601 1448 1644 com·

182 1692 366 1750 mandamus
403 1711 458 1768 per
494 1702 659 1768 presentes,
693 1695 776 1768 quod
812 1711 885 1752 cum
913 1695 1097 1753 honorabile
1120 1693 1291 1768 capitulum
1317 1693 1447 1751 ecclesie

181 1799 388 1869 zagrabiensis
422 1799 566 1875 judicem,
590 1799 706 1874 juratos
729 1810 759 1858 et
785 1802 946 1858 universos
979 1801 1058 1857 cives
1082 1799 1215 1857 civitatis
1238 1800 1353 1856 montis
1371 1798 1447 1857 Gre-

186 1905 284 1960 censis
308 1904 346 1962 de
370 1908 454 1964 iuxta
479 1908 663 1980 Zagrabiam
687 1908 727 1965 ad
752 1917 909 1981 presentes
932 1913 1057 1964 octavas
1080 1906 1151 1964 festi
1173 1907 1343 1964 nativitatis
1359 1906 1448 1963 beate

183 2011 280 2068 Marie
303 2012 432 2085 virginis
456 2016 486 2071 in
511 2015 701 2088 presenciam
727 2014 844 2071 domini
868 2015 965 2072 nostri
988 2014 1120 2072 Dionisii
1143 2013 1216 2070 bani
1237 2017 1322 2069 certo
1353 2010 1447 2069 modo

183 2117 213 2173 in
237 2132 361 2175 causam
384 2120 561 2191 atrahendo,
585 2128 691 2178 contra
715 2120 840 2178 eosdem
871 2136 962 2193 agere
994 2126 1024 2177 et
1057 2133 1231 2193 proponere
1261 2118 1446 2185 voluissent;

183 2227 255 2279 tunc
278 2225 353 2281 certi
377 2228 479 2284 nuncii
503 2229 619 2284 civium
644 2226 781 2285 eiusdem
806 2227 940 2284 civitatis
962 2227 1052 2284 nobis
1077 2208 1202 2283 insede
1234 2231 1339 2281 nostra
1367 2221 1447 2299 judi·

182 2329 275 2385 ciaria
299 2332 329 2386 in
351 2332 466 2390 eisdem
491 2335 608 2390 octavis
640 2331 856 2408 judicantibus,
891 2338 1033 2390 nostrum
1065 2330 1262 2407 judiciarium
1297 2335 1328 2386 et
1361 2312 1447 2403 regbi

183 2433 335 2491 nobilium
352 2438 514 2496 nobiscum
530 2438 735 2514 judicancium
753 2439 911 2496 adieuntes
926 2442 1136 2511 conspectum,
1153 2436 1304 2509 quasdam
1328 2436 1447 2494 litteras

184 2536 301 2596 domini
326 2546 422 2600 nostri
446 2544 635 2617 Sigismundi
659 2548 750 2617 regis,
766 2560 859 2602 unam
878 2544 1106 2618 privilegialem
1123 2549 1153 2599 et
1168 2543 1263 2599 aliam
1280 2547 1446 2615 patentem,

183 2646 372 2719 terciamque
407 2654 571 2724 prescripti
606 2652 722 2710 domini
753 2653 851 2710 nostri
885 2652 959 2709 bani
990 2650 1134 2708 similiter
1166 2655 1323 2723 patentem
1354 2663 1445 2722 super

184 2749 381 2811 libertatibus
405 2757 544 2828 ipsorum
568 2761 685 2817 civium
708 2759 871 2828 confectas,
895 2758 988 2816 iidem
1013 2758 1116 2814 nuncii
1139 2756 1254 2814 civium
1277 2755 1382 2813 nobis·
1397 2771 1447 2812 ex·

184 2855 359 2931 hibuerunt,
384 2864 413 2919 in
439 2866 680 2939 quibusquidem
706 2866 817 2924 litteris
840 2866 920 2922 inter
943 2870 1043 2922 cetera
1066 2862 1099 2921 id
1123 2861 1206 2920 clare
1220 2859 1360 2919 vidimus
1377 2875 1448 2918 con·

184 2963 281 3036 imeri,
306 2968 388 3040 quod
413 2971 519 3028 nullus
543 2973 696 3030 banorum
721 2971 771 3030 vel
795 2973 1018 3030 vicebanorum
1041 2985 1095 3027 seu
1119 2969 1269 3026 comitum
1300 2967 1376 3025 dicti
1399 2980 1448 3024 co·

183 3070 309 3129 miratus
334 3091 392 3148 pro
416 3082 555 3151 tempore
579 3080 817 3136 constitutorum
840 3078 966 3135 eosdem
990 3078 1073 3134 cives
1095 3074 1302 3133 communiter
1325 3073 1377 3131 vel
1401 3071 1446 3132 di-

183 3177 276 3234 visim
300 3180 337 3236 ad
363 3183 543 3242 instanciam
568 3201 844 3258 quorumcumque,
867 3183 981 3260 judicio
1005 3185 1145 3257 ipsorum
1175 3185 1276 3239 astare
1299 3179 1449 3254 compelli

184 3280 283 3341 facere
306 3298 576 3364 presumpmerent
601 3291 695 3350 modo
711 3292 848 3364 aliquali,
865 3308 920 3348 nec
937 3292 1056 3348 litteras
1071 3288 1281 3363 inquisitorias
1308 3287 1448 3360 quipiam

184 3390 305 3447 nobiles
328 3400 380 3450 aut
404 3398 464 3454 viri
488 3399 685 3456 ecclesiastici
709 3398 859 3455 adversus
882 3397 1007 3455 eosdem
1039 3397 1122 3454 cives
1145 3396 1176 3452 in
1200 3393 1450 3466 quibuscumque

184 3494 273 3553 iactis
295 3502 413 3571 possint
438 3503 538 3563 iacere
562 3507 715 3575 emanari;
740 3506 764 3563 si
789 3520 863 3561 vero
886 3505 1026 3576 quipiam
1055 3503 1218 3576 quitquam
1241 3499 1374 3557 accionis
1397 3498 1450 3555 vel

184 3605 353 3674 questionis
386 3610 535 3668 haberent
570 3611 621 3668 vel
657 3613 773 3669 habere
803 3610 1028 3685 pretenderent,
1063 3608 1094 3667 id
1118 3608 1149 3666 in
1182 3604 1343 3680 presencia
1366 3605 1451 3677 regie

184 3711 353 3770 maiestatis
377 3721 429 3772 aut
453 3719 593 3788 magistri
617 3718 869 3775 thavarnieorum
892 3716 1046 3788 regalium
1070 3712 1216 3787 prosequi
1247 3709 1397 3768 deberent
1422 3715 1451 3768 et

184 3824 359 3876 tenerentur
382 3821 489 3879 ordine
511 3822 588 3898 juris
612 3825 788 3881 observato.
813 3823 876 3880 Nos
899 3823 993 3894 igitur
1016 3835 1150 3877 unacum
1181 3817 1329 3892 predictis
1363 3817 1451 3890 regni

183 3924 351 3995 nobilibus,
375 3928 449 3984 visis
472 3929 584 3986 litteris
608 3931 775 4001 premissis,
802 3928 938 4003 prefatos
962 3929 1044 3984 cives
1068 3924 1206 4001 judicare
1240 3939 1296 3981 nec
1329 3923 1452 3981 litteras

182 4026 343 4103 judiciales
367 4034 417 4089 vel
441 4034 517 4091 alias
542 4036 625 4108 ipsos
650 4036 854 4108 inpugnantes
877 4034 1040 4091 extradere
1071 4048 1126 4089 seu
1161 4028 1317 4088 extradari
1349 4028 1452 4087 facere

183 4135 339 4207 audentes,
367 4146 523 4212 presentes
548 4141 666 4198 litteras
690 4148 809 4198 nostras
834 4139 949 4197 eisdem
974 4138 1078 4215 judici,
1102 4137 1212 4214 juratis
1243 4141 1273 4194 et
1297 4136 1453 4193 universis

184 4244 305 4301 civibus
324 4246 421 4318 ipsius
446 4247 583 4304 civitatis
606 4249 635 4305 in
658 4248 868 4305 testimonium
902 4249 1126 4319 premissorum
1162 4243 1308 4301 duximus
1344 4256 1453 4300 conce·

184 4350 309 4423 dendas,
343 4353 456 4426 quibus
481 4354 585 4426 sigilla
608 4361 712 4412 nostra
737 4370 753 4410 a
776 4359 864 4425 tergo
896 4354 1119 4427 impressimus.
1149 4351 1266 4407 Datum
1301 4347 1454 4420 Zagrabie

184 4457 305 4515 decimo
339 4464 449 4516 octavo
484 4459 534 4517 die
568 4465 748 4517 octavarum
783 4459 853 4517 festi
883 4460 1053 4517 nativitatis
1087 4458 1177 4514 beate
1200 4455 1296 4513 Marie
1320 4455 1450 4527 virginis

184 4563 403 4636 predictarum.
428 4566 517 4622 Anno
540 4563 658 4623 domini
682 4566 851 4624 millesimo
876 4565 1180 4639 quadringentesimo
1205 4561 1370 4634 vigesimo.
1443 4578 1447 4583 ·

291 4750 424 4814 Originale
442 4752 470 4800 in
488 4752 584 4806 charta.
604 4752 631 4800 A
651 4759 723 4818 tergo
741 4753 850 4819 vestigia
868 4752 944 4803 trium
960 4752 1114 4819 sigillorum.
1132 4751 1165 4799 In
1184 4747 1280 4799 archiv.
1295 4745 1451 4799 incLAcad.

184 4839 280 4892 Scient.
299 4840 367 4891 Slav.
388 4841 477 4895 merid.
