3278 5348
614 435 688 494 Doc.
712 429 781 510 163.
807 467 848 477 —
872 435 930 493 An.
954 445 1044 511 1452.
1392 449 1450 504 aas

181 652 486 726 pronunciacionem,
508 666 544 708 ac
567 649 714 709 mandato
738 650 945 722 omnibusque
975 650 1045 708 aliis
1068 654 1098 707 et
1121 648 1252 721 singulis
1282 648 1453 722 premissis,

184 756 262 815 dum
286 757 339 829 sic,
361 761 398 815 ut
428 756 630 832 premittitur,
664 772 722 831 per
756 754 914 830 prefatum
948 753 1111 813 dominum
1142 753 1343 813 Benedictum
1374 754 1455 829 epis·

182 876 301 938 copum
332 861 442 921 fierent
474 868 505 921 et
539 867 713 936 agerentur,
747 877 882 920 unacum
916 860 1139 934 prenominatis
1175 860 1305 918 testibus
1327 876 1455 935 presens

181 967 320 1040 interfui,
345 984 443 1042 eaque
467 969 571 1027 omnia
606 975 636 1026 et
658 967 780 1042 singula
814 967 859 1025 sic
892 965 961 1025 fieri
984 966 1050 1025 vidi
1089 972 1119 1025 et
1153 965 1269 1037 audivi,
1301 965 1373 1025 ideo
1396 966 1455 1025 hoc

186 1091 314 1149 presens
337 1076 503 1150 publicum
525 1077 775 1147 instrumentum,
800 1090 850 1132 me
873 1074 965 1132 certis
988 1079 1197 1148 preoccupato
1228 1072 1373 1146 negociis,
1397 1088 1454 1147 per

185 1181 286 1240 alium
307 1182 445 1241 fideliter
467 1183 629 1257 scriptum,
653 1180 764 1240 exinde
798 1179 925 1253 conieci,
962 1179 1125 1253 publicavi
1156 1184 1187 1236 et
1221 1179 1252 1238 in
1282 1179 1363 1237 hanc
1396 1194 1453 1253 pu·

186 1287 306 1346 blicam
332 1286 468 1346 formam
491 1288 598 1362 redegi
620 1303 656 1346 ac
679 1287 718 1345 de
741 1286 889 1345 mandato
913 1284 1027 1360 prefati
1058 1284 1176 1343 domini
1197 1283 1354 1343 Benedicti
1375 1285 1456 1359 epis·

184 1393 256 1468 copi
279 1408 376 1452 manu
399 1395 529 1468 propria
553 1393 734 1468 subscripsi,
757 1393 908 1466 signoque
931 1397 962 1450 et
991 1392 1117 1449 nomine
1147 1390 1260 1448 nostris
1290 1391 1390 1449 solitis
1425 1393 1456 1449 et

185 1500 341 1558 consuetis
364 1515 499 1558 unacum
523 1500 713 1574 appensione
733 1499 832 1572 sigilli
866 1498 940 1557 dicti
972 1497 1091 1555 domini
1121 1496 1278 1555 Benedicti
1313 1496 1454 1572 episcopi

184 1606 378 1678 consignavi,
402 1611 530 1678 rogatus
553 1613 583 1665 et
604 1606 772 1680 requisitus
795 1605 827 1663 in
849 1604 945 1663 fidem
969 1609 999 1662 et
1022 1602 1234 1662 testimonium
1260 1603 1401 1661 omnium
1424 1607 1455 1660 et

185 1712 384 1785 singulorum
408 1713 642 1786 premissorum.

293 1820 335 1885 (A
354 1818 450 1886 tergo).
473 1818 619 1877 Exhibite
643 1818 720 1876 mihi
740 1816 907 1875 Valentino
930 1816 1066 1891 plebano
1089 1816 1204 1875 montis
1226 1813 1388 1874 Grecensis
1410 1814 1456 1872 vi·

186 1926 306 1998 gesima
329 1924 380 1983 die
403 1925 518 1983 mensis
541 1922 682 2001 januarii
705 1926 795 1983 Anno
819 1923 939 1982 domini
959 1922 1153 1980 MCCCCLX
1176 1926 1295 1996 quartu.

204 2078 208 2085 ·
293 2061 427 2126 Originale
445 2062 473 2110 in
491 2061 647 2118 membrana,
667 2077 682 2110 a
700 2076 764 2110 zona
783 2061 879 2110 sericea
897 2059 973 2108 rubra
992 2059 1087 2124 pendet
1106 2058 1221 2122 sigillum
1239 2058 1356 2124 episcopi
1373 2059 1456 2106 Bene·

186 2151 310 2203 dicti,'1n
328 2150 397 2202 arch.
416 2167 473 2202 ven.
491 2151 578 2216 Capit.
597 2150 698 2214 zagrab.

786 2343 869 2411 163.

295 2486 376 2533 Anno
398 2496 472 2549 1452,
493 2495 516 2549 5.
534 2484 617 2548 Junii.
637 2482 786 2549 Zagrabiae.
1283 2540 1286 2546 ι

192 2594 299 2653 Coram
321 2594 445 2668 copimlo
467 2593 584 2667 zogrob.
608 2590 752 2652 Nicolous
773 2593 808 2651 dc
831 2594 991 2652 Beleslooec
1014 2602 1043 2651 et
1062 2593 1225 2653 Camarina
1242 2596 1380 2665 Proodil,
1396 2596 1457 2656 ez'ros

178 2684 260 2759 filio,
283 2702 303 2739 a
325 2683 523 2740 communitate
544 2683 670 2740 civitatis
690 2681 858 2740 documenta
872 2684 1061 2756 posscsstom‘s
1083 2685 1274 2758 oppignorata
1297 2685 1354 2742 sibi
1373 2686 1455 2743 resti·

654 2779 718 2830 tuto
741 2789 800 2830 esse
813 2772 999 2844 profitentur.

294 2898 358 2956 Nos
381 2899 555 2972 capitulum
578 2898 706 2957 ecclesie
727 2899 943 2972 zagrabiensis.
964 2900 1114 2958 Memorie
1130 2900 1385 2959 commendamus
1402 2917 1458 2976 per

188 3011 355 3079 presentes,
379 3003 463 3078 quod
487 3004 643 3076 Nicolaus,
666 3004 751 3063 filius
774 3004 947 3064 Sebastiam
978 3006 1017 3064 de
1048 3006 1238 3065 Belezlowca
1269 3022 1305 3065 ac
1338 3007 1457 3067 nobilis

188 3111 316 3170 domina
339 3111 510 3169 Katherina
532 3117 651 3183 uocata,
675 3110 742 3169 filia
765 3111 905 3169 eiusdem
920 3112 1051 3184 Nicolai,
1067 3112 1126 3171 filii
1141 3111 1323 3185 Sebastiani,
1347 3113 1457 3172 relicta

189 3233 265 3275 vero
299 3217 433 3276 condam
466 3216 602 3291 Georgii,
638 3216 697 3276 filii
731 3217 810 3275 olim
840 3217 961 3276 Nicolai
984 3218 1101 3277 literati
1123 3218 1198 3277 dicti
1221 3219 1396 3292 Prawdych
1419 3219 1457 3278 de

188 3323 354 3396 Drenowa,
377 3324 408 3382 in
431 3324 573 3398 ipsorum
597 3338 633 3381 ac
656 3324 762 3394 Marci,
785 3317 918 3402 N(icolai
941 3318 983 3402 et)
1006 3323 1143 3398 Georgii,
1166 3325 1305 3384 filiorum
1326 3325 1459 3400 predicti

189 3429 321 3488 condam
344 3429 472 3502 Georgii
494 3430 677 3503 Prawdych,
701 3446 740 3488 ex
762 3430 872 3489 eadem
895 3431 1021 3489 domina
1038 3431 1206 3490 Katherina
1223 3434 1457 3507 progenitorum

189 3536 339 3611 personis,
364 3536 510 3595 oneribus
533 3536 717 3595 eorumdem
741 3542 771 3596 et
793 3538 1029 3610 gravaminibus
1052 3554 1109 3612 per
1131 3539 1236 3597 omnia
1259 3540 1290 3597 in
1317 3555 1349 3597 se
1373 3541 1458 3615 ipsos

190 3643 366 3717 assumptis,
401 3642 441 3700 ad
476 3649 615 3701 nostram
649 3644 857 3718 personaliter
890 3645 1046 3703 venientes
1081 3646 1289 3719 presenciam,
1327 3645 1460 3704 confessi

189 3755 261 3808 sunt
283 3748 420 3807 oraculis
438 3749 509 3807 vive
532 3751 618 3808 vocis
642 3765 750 3808 eorum
774 3751 805 3808 in
827 3750 909 3808 hunc
932 3750 1075 3810 modum:
1098 3752 1183 3825 quod
1207 3753 1278 3825 quia
1302 3754 1363 3811 viri
1386 3768 1459 3827 pro·

189 3854 256 3912 ridi
288 3861 319 3913 et
352 3855 473 3913 honesti
506 3855 642 3938 Jacobus
673 3855 841 3930 Eberspek,
872 3856 957 3915 filius
982 3857 1089 3928 Vlrici,
1113 3856 1216 3933 judex,
1240 3856 1396 3933 juratique
1419 3874 1454 3916 ac

189 3961 359 4020 consiliarii
382 3968 413 4019 et
434 3961 572 4020 universi
596 3964 679 4021 cives
702 3979 737 4020 ac
759 3969 823 4021 tota
842 3965 1049 4022 communitas
1080 3965 1197 4022 civium
1226 3971 1255 4021 et
1285 3965 1459 4022 incolarum

190 4080 226 4124 ac
248 4065 494 4125 inhabitatorum
518 4068 653 4126 civitatis
676 4070 790 4127 montis
806 4068 968 4127 Grecensis
985 4069 1024 4128 de
1038 4067 1125 4145 juxta
1142 4069 1335 4142 Zagrabiam,
1352 4085 1459 4128 omnes

189 4178 220 4229 et
242 4173 369 4246 quasvis
392 4174 512 4232 litteras
536 4179 566 4232 et
599 4175 740 4248 quelibet
774 4175 923 4234 litteralia
957 4176 1162 4233 instrumenta
1196 4176 1292 4249 ipsius
1327 4176 1460 4234 condam

190 4278 319 4353 Georgii
342 4279 525 4354 Prawdych,
549 4282 647 4355 patris
669 4283 816 4341 videlicet
840 4283 995 4340 dictorum
1019 4283 1122 4354 Marci,
1141 4282 1261 4340 Nicolai
1277 4287 1306 4340 et
1323 4282 1459 4355 Georgii,

191 4383 308 4444 facturn
342 4386 558 4445 universarum
593 4389 824 4463 possessionum
861 4395 890 4447 et
925 4390 1110 4464 porcionum
1145 4389 1457 4463 possessionariarum

189 4490 331 4550 eiusdam
343 4492 474 4551 condam
491 4494 618 4567 Georgii
633 4495 815 4568 Prawdych,
831 4496 1010 4570 nuperrime
1025 4494 1171 4565 defuncti,
1187 4511 1223 4552 ae
1239 4501 1460 4570 consequenter

190 4598 374 4656 eorumdem
397 4600 503 4673 Marci,
527 4601 648 4661 Nicolai
671 4608 702 4660 et
725 4602 853 4676 Georgii
876 4604 907 4661 in
939 4601 1080 4677 predicta
1111 4602 1266 4660 Drenowa
1298 4617 1352 4660 seu
1382 4602 1460 4660 alias

188 4703 295 4762 ubiuis
327 4704 507 4765 habitarum
540 4713 570 4766 et
605 4709 808 4767 existencium
839 4708 1062 4783 quoquomodo
1098 4714 1315 4767 concernentes
1340 4713 1369 4765 et
1393 4714 1458 4766 tan·

190 4816 304 4883 gentes,
328 4827 388 4885 que
411 4813 443 4870 in
466 4814 611 4873 manibus
632 4822 662 4873 et
685 4820 839 4890 potestate
861 4817 1003 4890 ipsorum
1027 4812 1148 4889 judicis,
1177 4812 1362 4889 juratorum,
1386 4829 1457 4874 con·

189 4915 380 4976 siliariorum
403 4926 434 4977 et
456 4920 675 4980 universorum
701 4922 819 4981 civium
841 4937 877 4979 ac
901 4920 998 4980 tocius
1021 4923 1251 4980 communitatis
1273 4921 1457 4981 eorumdem

1355 5044 1391 5099 15
