3278 5348
611 392 683 450 Doc.
701 386 757 467 38.
784 422 822 433 —
847 388 903 446 An.
927 402 1017 466 1423.

305 498 490 506 .-..——--
895 495 951 499 -..
985 490 1440 499 1—.-—..-—--—-.—.——

781 601 842 667 38.

287 720 367 769 Anno
389 732 463 783 1423,
478 732 501 783 3.
521 718 671 768 decembris.
691 716 787 768 Albae.

187 821 379 878 Comomuitas
401 821 475 877 (tait.
498 819 600 876 monta
629 816 781 876 Cretensis
802 834 897 874 coram
920 816 1045 889 capitula
1068 815 1180 873 albensi
1199 821 1321 881 recusat,
1343 832 1381 872 ne
1389 812 1443 889 Jo

181 910 292 966 baanes
308 910 450 982 episcopus
465 916 493 965 et
506 906 688 981 Rudolphus,
705 906 765 962 eius
773 906 885 978 frater,
909 905 1015 962 nobiles
1037 903 1071 960 de
1093 904 1194 973 Alban,
1217 921 1255 959 ex
1277 901 1445 976 quibusdam

203 997 410 1054 communitatis
424 995 658 1070 possessionibus,
681 1012 755 1067 quas
777 994 836 1050 illis
858 1012 912 1050 rex
935 993 1007 1050 dono
1029 994 1119 1063 cessit,
1133 993 1267 1067 fructum
1290 992 1418 1064 capiant.

287 1122 350 1180 Nos
373 1122 546 1195 capitulum
570 1121 697 1178 ecclesie
721 1120 874 1177 Alliensis.
898 1119 1047 1176 Memorie
1070 1117 1336 1187 commendamus,
1361 1113 1446 1189 quod

182 1229 352 1298 Farcasius‚
377 1227 462 1285 filius
492 1226 602 1299 Egidii,
636 1227 752 1284 nobilis
775 1226 924 1295 Clokuch‚
956 1225 1033 1282 civis
1063 1225 1198 1282 civitatis
1233 1223 1348 1281 montis
1372 1220 1449 1280 Gre-

181 1336 279 1392 censis
310 1333 348 1390 de
372 1333 532 1404 ingratia,
567 1334 597 1390 in
631 1346 696 1402 su0,
731 1332 1012 1403 universorumque
1047 1331 1163 1388 civium
1197 1344 1253 1386 seu
1286 1329 1449 1402 hospitum

182 1440 262 1497 dicte
286 1440 420 1497 civitatis
444 1438 661 1509 zagrabiensis,
696 1451 802 1493 coram
826 1437 916 1494 nobis
940 1437 1146 1509 personaliter
1168 1436 1363 1504 constitutus,
1393 1449 1451 1507 per

98 1586 103 1595 ·
184 1546 314 1602 modum
351 1544 584 1618 protestacionis
615 1550 644 1600 et
680 1542 902 1616 prohibitionis
936 1543 1027 1599 nobis
1061 1540 1264 1614 significando
1298 1540 1450 1611 narravit,

182 1652 340 1725 quomodo
364 1652 576 1708 serenissimus
600 1651 745 1722 princeps
769 1648 914 1706 dominus
937 1648 1163 1721 sigismundus
1187 1647 1237 1705 dei
1259 1648 1365 1719 gracia
1388 1646 1449 1704 Ro·

182 1773 346 1815 manorum
370 1774 433 1827 rex,
466 1771 590 1829 semper
623 1761 780 1828 augustus,
816 1770 851 1813 ac
887 1755 1053 1828 Hungarie‚
1088 1753 1242 1825 Boliemie,
1277 1754 1450 1823 Dalmacie,

183 1864 311 1922 Croacie
347 1870 415 1921 etc„
434 1879 497 1932 rex,
532 1862 677 1919 dominus
712 1868 816 1919 noster
845 1861 1004 1931 naturalis,
1038 1862 1231 1935 possesiones
1263 1859 1450 1917 eorumdem

180 1971 296 2029 civium
320 1975 349 2026 et
373 1969 506 2026 civitatis
531 1968 706 2036 Kralewch‚
731 1966 897 2038 Kobilyalr,
921 1966 1072 2038 Zwiblya‚
1105 1967 1221 2041 pariter
1253 1965 1449 2023 Nouakouch

181 2077 272 2133 aliter
295 2073 385 2150 Cerja
410 2080 534 2132 vocatas
569 2088 667 2147 prope
692 2072 875 2145 Bosyakovo
907 2073 990 2143 sitas,
1021 2074 1095 2130 item
1120 2073 1213 2129 villas
1236 2087 1289 2129 seu
1326 2087 1450 2144 posses·

181 2183 281 2240 siones
305 2180 453 2252 Dedychi,
485 2179 614 2251 Bythein
645 2179 897 2251 Chernomercliy
928 2184 958 2237 et
992 2185 1109 2237 ceteras
1141 2179 1205 2235 eius
1236 2178 1451 2252 possessiones

183 2289 321 2347 eiusdem
346 2288 463 2345 civitati
488 2294 517 2343 et
541 2286 679 2344 eiusdem
714 2287 835 2343 civibus
866 2301 923 2357 per
955 2285 1062 2359 plures
1086 2299 1174 2357 reges
1196 2283 1356 2356 Hungan'e
1378 2298 1450 2357 gra·

181 2396 262 2452 ciose
286 2394 372 2451 datas
396 2400 425 2450 et
455 2400 663 2466 perpetuatas,
694 2390 954 2449 reverendissimo
985 2392 1016 2448 in
1038 2390 1161 2448 Christo
1192 2390 1282 2463 patri,
1320 2388 1450 2447 domino

180 2501 320 2583 Johanni‚
346 2500 492 2571 episcopo
523 2497 672 2556 moderno
702 2496 893 2569 zagrabiensi
924 2511 959 2552 ac
984 2495 1161 2568 Rudolph0,
1186 2495 1260 2552 filiis
1283 2494 1449 2570 Rudolphi

182 2607 219 2663 de
244 2607 346 2662 Alben
369 2613 398 2661 et
422 2604 459 2661 de
485 2604 689 2678 Medo-'ewam
722 2605 796 2661 item
827 2603 1037 2676 possessiones
1060 2617 1113 2659 seu
1137 2602 1231 2671 viltas
1263 2601 1450 2661 eorumdem

181 2712 296 2769 civium
320 2719 349 2767 et
373 2711 521 2767 civitatis:
556 2710 749 2782 Petrowyna
780 2709 920 2766 Ilrascha
951 2714 981 2764 et
1004 2706 1213 2780 Silyakowina
1244 2715 1451 2782 nuncupatas,

181 2816 263 2872 ultra
287 2815 416 2872 ssuvium
440 2815 529 2871 Zawe
553 2816 688 2883 situatas,
720 2815 880 2871 nobilibus
913 2815 989 2871 viris
1018 2814 1174 2884 Ladisiao,
1206 2814 1274 2871 filio
1309 2813 1449 2872 Simonis

181 2922 282 2979 Thoth
307 2931 337 2978 et
359 2922 499 3004 Johanni‚
532 2921 599 2978 filio
632 2922 792 2978 laurencii
822 2922 967 2978 similiter
995 2920 1097 2977 Thoth
1122 2920 1159 2978 de
1183 2919 1385 2980 Zomzedwar
1408 2921 1449 2979 ab

182 3029 257 3101 ipsis
281 3029 402 3084 civibus
426 3034 455 3084 et
471 3028 693 3084 communitate
709 3027 881 3096 alienando,
907 3026 1049 3096 dedisset,
1072 3026 1219 3085 donasset
1241 3033 1271 3084 et
1295 3034 1450 3101 perpetuo

182 3134 362 3190 contulisset
385 3134 415 3189 in
439 3133 645 3207 preiuiicium
681 3135 890 3208 universitatis
922 3133 1134 3206 predictorum
1166 3134 1280 3191 civium
1306 3139 1336 3190 et
1360 3133 1450 3192 dam·

182 3255 255 3295 num
278 3240 370 3295 vaide
394 3255 550 3311 magnum.
583 3239 673 3298 Unde
697 3239 776 3296 facta
801 3241 889 3311 gravi
925 3241 1153 3313 protestacione
1175 3239 1315 3315 prefatus
1338 3240 1450 3299 Farca·

184 3345 247 3399 sius
271 3359 326 3400 suo
350 3352 379 3401 et
403 3347 588 3416 nominibus,
612 3347 728 3417 quibus
749 3361 854 3420 supra,
888 3351 1086 3418 prenotatam
1120 3346 1283 3404 dominum
1304 3351 1449 3404 nostram

182 3448 415 3519 Sigismundum
439 3466 544 3522 regem
567 3453 607 3507 ab
631 3452 809 3509 huiusmodi
832 3451 1010 3523 donacione,
1035 3453 1205 3510 collacione
1228 3459 1258 3510 et
1280 3458 1451 3527 perpetua·

182 3556 268 3611 cione
292 3555 502 3626 predictarum
527 3559 755 3629 possessionum
787 3568 816 3615 et
848 3560 998 3616 villarum
1031 3574 1066 3615 ac
1088 3565 1268 3617 cunctarum
1292 3560 1450 3633 pertinen·

182 3661 300 3717 ciarum
324 3660 512 3727 earumdem,
546 3672 733 3720 memoratos
768 3666 852 3721 viros
876 3664 1038 3722 dominum
1061 3666 1235 3748 Johannem
1257 3667 1444 3739 episcopum

182 3781 217 3823 ac
242 3766 454 3839 liudolplium,
478 3767 580 3825 filium
595 3769 762 3842 Rudolphi‚
786 3772 884 3828 immo
905 3771 1085 3829 Ladislaum
1109 3779 1138 3830 et
1153 3771 1328 3854 Johannem
1344 3773 1449 3832 Thoth

183 3873 223 3928 ab
247 3873 459 3945 occupacione,
491 3874 677 3946 <letencionc,
712 3879 916 3949 usurpacione
946 3884 975 3935 et
999 3878 1061 3935 alia
1092 3879 1202 3951 quavis
1235 3894 1326 3937 causa
1350 3880 1390 3938 ad
1415 3899 1449 3941 se

183 3978 361 4050 receptione
385 3993 419 4034 ac
443 3995 563 4050 usuum,
588 3980 744 4038 fructuum
769 3990 798 4040 et
822 3985 1035 4055 quarumlibet
1067 3985 1238 4043 utilitatum
1262 3987 1446 4047 earumdem

185 4085 386 4157 percepcione
421 4092 451 4141 et
487 4086 753 4160 percipifaccione,
784 4089 924 4161 aliosque
959 4092 1117 4163 quoslibet
1140 4108 1193 4149 seu
1220 4093 1250 4148 in
1274 4091 1450 4152 dominium

183 4191 321 4262 ipsarum
346 4193 574 4263 possessionum
599 4209 634 4250 ac
658 4194 807 4251 villarum
825 4202 854 4251 et
871 4198 1131 4268 pertinenciarum
1149 4196 1339 4269 earumdem,
1364 4202 1451 4259 omni

183 4306 212 4353 et
236 4296 443 4369 quovismodo
468 4306 519 4355 aut
551 4301 672 4370 quesito
705 4301 809 4357 colore
841 4318 894 4358 seu
926 4304 1049 4375 ingenio
1084 4304 1322 4375 intromissione,
1360 4304 1450 4366 factis

183 4403 233 4459 vel
259 4402 376 4471 fiendis,
409 4405 570 4475 prohibuit
604 4406 842 4465 contradicendo
873 4415 902 4465 et
926 4410 1112 4468 contradixit
1146 4410 1317 4468 inhibendo
1341 4427 1448 4471 coram

183 4508 272 4564 nobis
297 4508 472 4566 testimonio
507 4512 701 4582 presencium
740 4513 902 4573 mediante.
941 4516 1056 4572 Datum
1084 4516 1160 4574 feria
1192 4525 1279 4574 sexta
1303 4520 1450 4591 proxima

183 4621 252 4686 post
276 4611 389 4671 festum
414 4614 496 4671 beati
521 4615 643 4673 Andree
667 4619 810 4690 apostoli.
836 4623 923 4678 Anno
948 4620 1065 4678 domini
1096 4622 1268 4680 millesimo
1300 4625 1447 4696 quadrin-

182 4721 352 4791 gentesimo
377 4721 527 4792 vigesimo
551 4723 654 4781 tercio.

290 4840 312 4887 E
333 4840 406 4903 copia
425 4839 543 4904 simplici.
565 4843 595 4889 In
615 4842 710 4893 archiv.
730 4844 860 4910 archiepp.
880 4848 980 4911 zagrab.
