3278 5348
543 531 550 537 .
611 438 687 496 Duc.
709 432 761 513 75.¹
781 469 824 479 —
848 437 904 494 An.
931 431 1021 515 14341.
1387 456 1452 517 ··99

190 649 284 713 brari
307 654 546 713 commissarum
581 657 612 711 et
643 645 874 726 dispositarum,
908 658 1007 711 certas
1030 652 1237 725 possessiones
1261 652 1474 726 Kralyowcr„

184 761 305 834 Cherye
340 760 382 818 ad
413 760 543 817 eandem
579 758 763 831 Kralyowcz
798 760 1012 832 pertinentem,
1048 774 1120 816 cum
1151 760 1268 817 tributo
1292 761 1323 817 in
1346 760 1454 817 eadem

182 867 303 941 Cherye
327 860 410 939 ¹erigi
433 866 534 937 solito,
557 857 697 923 necnon
719 860 895 936 Kobylyalr,
919 862 1070 937 Zwyblye
1093 872 1123 923 et
1147 865 1245 923 Narth
1279 871 1401 924 vocatas
1424 868 1455 924 in

182 974 331 1032 comitatu
354 965 548 1045 zagrabiensi
571 971 744 1041 existentes
766 984 847 1043 quas
862 971 929 1043 ipse
946 970 1079 1028 condam
1095 970 1240 1028 dominus
1257 972 1455 1030 Eberhardus

183 1072 349 1154 episcopiis
373 1079 452 1136 inter
474 1078 552 1135 alias
574 1077 782 1150 possessiones
805 1091 823 1133 a
844 1078 1038 1134 serenissimo
1062 1076 1197 1149 domino,
1222 1076 1348 1135 domino
1363 1077 1456 1149 Sigis-

180 1180 304 1244 rnundo'
325 1186 539 1243 Romanorum
562 1185 761 1259 imperatore,
777 1198 901 1256 semper
917 1189 1056 1256 augusto,
1079 1198 1114 1241 ac
1128 1183 1288 1257 Hungarie
1304 1190 1359 1243 etc.
1374 1186 1455 1261 rege,
1479 1255 1484 1261 Ι

106 1352 110 1357 ,
183 1290 311 1349 domino
343 1284 452 1349 nostro
487 1291 643 1362 gracioso,
676 1289 801 1347 labores
835 1290 1007 1358 maximos,
1040 1288 1151 1359 fatigas
1186 1296 1216 1347 et
1250 1306 1456 1364 expensarum

184 1404 329 1472 sumptus
352 1396 596 1455 innumerabiles
617 1410 680 1452 non
703 1396 768 1452 sine
790 1395 839 1451 sui
863 1396 1003 1468 corporis
1023 1394 1141 1452 tediosa
1159 1395 1369 1468 inquietudine
1384 1396 1457 1453 sub·

186 1503 288 1561 eundo
322 1509 354 1560 et
384 1501 569 1573 sufferendo,
593 1502 712 1559 sibiae
735 1499 867 1558 condam
891 1500 1062 1558 reverendo
1086 1502 1116 1557 in
1142 1500 1265 1559 Christo
1289 1504 1379 1575 patri,
1403 1502 1465 1560 dos

181 1611 272 1667 mino
296 1609 438 1692 Johanni'
454 1609 599 1667 similiter
622 1610 769 1682 episcopo
792 1606 992 1677 zagrabiensi,
1016 1624 1072 1665 nec
1095 1622 1155 1664 non
1173 1608 1263 1665 Petro
1279 1614 1309 1665 et
1323 1608 1457 1691 Johanni

187 1717 276 1774 banis
310 1716 471 1774 Dalmacie
506 1721 536 1772 et
571 1712 729 1784 Chroacie,
765 1712 914 1770 iratribus
944 1714 1120 1771 carnalibus
1152 1715 1248 1786 ipsius
1287 1714 1456 1790 Rodolphi,

177 1816 307 1896 'ipsique
331 1821 500 1895 Rodolpho
524 1825 555 1878 et
576 1822 640 1878 suis
662 1819 829 1878 heredibus
865 1820 896 1876 in
930 1825 1116 1893 perpetuum
1151 1821 1353 1894 impetrasset,
1385 1835 1456 1878 cum

185 1928 336 1987 universis
357 1923 540 1984 earumdem
563 1926 790 2000 possessionum
808 1925 999 1997 Kralyowcz,
1013 1925 1141 2013 Cherye,
1158 1926 1275 1998 tributi,
1292 1926 1457 2001 Kobilyah,
1481 1932 1484 1937 ’

189 2034 337 2106 Zwyblye
361 2040 390 2091 et
413 2033 512 2099 Narth
535 2033 653 2091 vocatis
676 2032 872 2101 utilitatibus,
897 2032 987 2088 terris
1010 2031 1155 2089 videlicet
1168 2032 1349 2104 arabilibus,
1366 2033 1457 2093 cultis

188 2146 218 2197 et
250 2141 384 2211 incultis,
418 2140 515 2211 silvis,
551 2134 657 2213 p'ratis,
691 2139 881 2209 nemoribus,
906 2141 1003 2211 aquis,
1026 2154 1240 2211 aquarumque
1264 2139 1455 2212 decursibus,

188 2247 374 2305 molendinis
408 2253 438 2304 et
471 2246 548 2304 locis
581 2246 843 2316 molendinorum,
879 2247 1042 2319 piscaturis
1077 2262 1113 2303 ac
1136 2247 1253 2303 cunctis
1276 2247 1456 2305 earumdem

188 2354 383 2425 utilitatibus,
418 2348 646 2424 emolumentis,
677 2353 944 2411 fructuositatibus
968 2353 1078 2425 quovis
1102 2354 1226 2410 nomine
1249 2354 1392 2411 vocitatis
1416 2353 1456 2411 ad

186 2460 310 2518 easdem
333 2456 363 2517 et
385 2456 470 2517 idem
493 2460 534 2517 ab
557 2461 685 2533 antiquo
708 2460 919 2533 spectantibus
944 2475 1015 2516 cum
1039 2461 1124 2516 omni
1148 2475 1184 2516 eo
1205 2457 1280 2532 jure,
1304 2473 1366 2531 quo
1383 2476 1453 2532 pre·

188 2562 267 2625 dicte
298 2568 504 2640 possessiones
527 2571 557 2623 et
579 2567 733 2624 tributum
756 2566 795 2623 ad
820 2567 924 2639 ipsum
947 2565 1151 2638 liodolphum
1174 2580 1306 2638 suosque
1329 2565 1457 2622 heredes

189 2689 225 2730 ex
248 2674 418 2730 collacione
442 2680 472 2730 et
495 2669 663 2730 donacione
686 2671 799 2745 prefati
823 2671 941 2729 domini
972 2672 1068 2728 nostri
1091 2673 1288 2744 imperatoris
1310 2672 1362 2728 vel
1382 2687 1458 2743 quo-

190 2795 322 2852 cumque
345 2779 407 2836 alio
431 2778 525 2836 modo
549 2780 737 2853 pertinerent
760 2783 790 2835 et
813 2777 1044 2835 dinoscerentur
1067 2780 1220 2850 pertinere
1243 2793 1301 2850 pro
1317 2780 1457 2852 ipsorum

188 2885 319 2943 condam
344 2885 543 2943 dominorum
558 2885 732 2943 Eberhardi
755 2891 784 2942 et
799 2884 948 2966 Johannis
964 2885 1184 2958 episcoporum
1200 2900 1236 2942 ac
1252 2901 1305 2942 sue
1323 2886 1458 2959 proprie,

189 2992 409 3065 heredumque,
433 3007 572 3049 necnon
595 2991 791 3065 prelatorum
815 2991 897 3048 Petri
920 2997 950 3048 et
972 2992 1120 3072 Johannis
1143 2992 1305 3063 banorum,
1322 2992 1456 3050 aliorum

192 3099 288 3156 eciam
310 3097 446 3157 fratrum
469 3113 597 3156 suorum
621 3098 721 3166 salute
744 3103 773 3154 et
796 3097 935 3155 remedio
959 3099 1068 3168 anime,
1093 3099 1125 3158 in
1148 3099 1271 3169 signum
1288 3073 1456 3156 elemosine

190 3212 219 3262 et
240 3211 391 3279 perpetue
414 3204 592 3263 donacionis
616 3204 689 3262 dicti
713 3205 820 3262 altaris
854 3210 956 3261 sancte
979 3205 1078 3261 crucis
1102 3219 1137 3260 ac
1161 3205 1300 3276 ipsarum
1324 3204 1457 3262 duarum

190 3312 355 3369 missarum
378 3311 617 3382 continuacione,
641 3310 880 3369 honorabilibus
902 3310 987 3379 viris,
1011 3309 1145 3367 dominis
1173 3310 1326 3367 canonicis
1346 3309 1387 3366 ‘de
1400 3320 1459 3368 ‘ca-
1476 3316 1505 3328 “’

192 3418 300 3490 pitulo·
324 3416 405 3475 dicte
440 3419 567 3475 ecclesie
600 3418 824 3489 zagrahiensis
844 3423 873 3473 et
905 3434 960 3490 per
992 3431 1179 3489 consequens
1203 3415 1342 3488 predicto
1366 3417 1458 3474 altari

189 3529 291 3580 sancte
310 3524 435 3595 crucis,
470 3540 526 3580 nec
559 3537 621 3581 non
643 3525 769 3596 ,rectori
805 3520 954 3596 ejusdem,
977 3522 1093 3593 altaris,
1126 3520 1212 3596 juxta
1236 3522 1457 3592 limitacionem

191 3628 371 3687 eorumdem
394 3629 593 3687 dominorum
617 3631 836 3688 canonicorum
860 3625 996 3703 predicte
1019 3629 1148 3709 ecclesie
1171 3609 1380 3709 zagrabiensis
1400 3644 1458 3711 pro

191 3740 331 3810 tempore
354 3736 574 3811 constituendis
597 3716 627 3795 et
649 3737 858 3811 disponendis,
883 3736 1025 3807 dedisset,
1049 3736 1192 3792 donasset
1215 3741 1245 3791 et
1262 3736 1459 3808 contulisset,

190 3842 286 3900 immo
328 3858 433 3901 coram
466 3845 559 3902 nobis
589 3843 691 3915 dedit,
706 3843 835 3916 donavit
858 3849 887 3900 et
910 3843 1041 3899 contulit
1063 3840 1131 3917 jure
1154 3848 1305 3916 perpetuo
1328 3848 1358 3899 et
1381 3844 1456 3900 irre·

189 3950 374 4008 vacabiliter
392 3948 547 4022 tenendas,
564 3949 765 4023 possidendas
790 3951 905 4022 pariter
928 3957 958 4005 et
982 3948 1150 4015 habendas,
1174 3949 1220 4004 nil
1243 3947 1327 4024 iuris,
1352 3950 1458 4022 nilque

191 4056 389 4129 proprietatis
412 4057 442 4112 in
468 4054 584 4114 eisdem
609 4057 855 4130 possessionibus
878 4063 908 4112 et
932 4056 1049 4113 tributo
1069 4056 1128 4111 sibi
1152 4061 1183 4112 et
1206 4057 1268 4113 suis
1292 4057 1459 4114 heredibus

190 4176 225 4218 ac
248 4162 384 4235 posteris
404 4162 536 4220 ulterius
559 4161 756 4232 reservando,
780 4161 832 4218 sed
853 4168 952 4219 totum
967 4160 1016 4237 jus
1032 4139 1219 4234 omnemque
1236 4164 1458 4235 proprietatem

190 4267 370 4325 earumdem
394 4268 624 4341 possessionum
649 4275 678 4326 et
703 4268 810 4325 tributi
835 4270 864 4324 in
902 4269 1089 4340 prescriptos
1121 4267 1264 4325 dominos
1296 4269 1457 4325 canonicos

191 4374 320 4447 capituli
342 4372 422 4431 dicte
445 4374 573 4433 ecclesie
596 4375 802 4447 zagrabiensis
824 4390 859 4431 ac
883 4375 980 4431 altare
1004 4382 1106 4432 sancte
1127 4375 1226 4432 crucis
1250 4380 1457 4446 prenotatam,

189 4496 246 4537 nec
277 4494 339 4538 non
371 4486 525 4539 rectorem
554 4479 694 4557 ejusdem
725 4480 841 4551 altaris,
873 4482 925 4549 sic,
957 4488 990 4538 ut
1023 4481 1223 4554 premittitur,
1253 4495 1310 4552 per
1333 4479 1458 4536 eosdem

192 4585 333 4645 dominos
368 4587 547 4644 instituendi
583 4589 705 4662 penitus
740 4586 969 4657 transferendo;
1008 4588 1174 4659 omniaque
1205 4586 1302 4642 eciam
1336 4583 1404 4658 jura
1428 4592 1458 4643 et

191 4695 301 4765 quevis
323 4694 471 4753 litteralia
494 4695 698 4752 instrumenta
720 4695 779 4752 sub
804 4710 1001 4767 quacumque
1024 4692 1125 4751 lorma
1140 4692 1312 4750 verborum
1327 4691 1358 4748 iu
1377 4690 1458 4749 facto

190 4799 330 4873 ipsarum
364 4800 595 4874 possessionum
628 4808 658 4858 et
693 4800 802 4859 tributi
825 4816 884 4874 pro
907 4807 995 4875 parte
1019 4814 1074 4856 sua
1098 4814 1134 4856 ac
1156 4792 1285 4856 suorum
1308 4797 1458 4855 heredum

190 4904 329 4965 oonfecta
352 4910 382 4964 et
404 4910 548 4965 emanata
570 4906 599 4964 in
623 4905 672 4982 jus
695 4912 724 4963 et
755 4907 982 4981 proprietatem
1005 4904 1159 4996 dictorum
1185 4903 1384 4961 dominorum
1409 4918 1457 4962 ca·

1354 5003 1373 5042 2
