3278 5348
575 378 908 457 Doc‚168.169.-
934 383 988 440 An.
1013 395 1102 460 1453.

786 593 867 660 168.

295 737 379 786 Anno
402 749 475 802 1453,
497 748 537 800 31.
555 736 673 800 januarii.
694 736 842 799 Zagrabiae.

192 863 365 933 Fridm'cus,
394 862 593 921 Cilioecomes
615 862 764 933 othonus,
786 861 858 920 diem
881 851 1126 921 constitutam'r'n
1155 881 1244 920 causa
1278 880 1353 937 quoe
1383 865 1460 921 inter

136 1020 140 1027 .
182 1042 193 1059 μ
289 971 514 1028 emmunitatem
536 970 663 1028 orbitani
685 978 714 1027 et
734 969 901 1043 Heningrtm
925 970 958 1027 de
982 969 1074 1027 Sused
1094 972 1201 1044 agitur,
1217 978 1369 1044 prorogat.

296 1113 360 1172 Nos
382 1113 557 1174 Fridericus
581 1114 632 1173 dei
653 1114 756 1188 gracie
779 1113 867 1185 Cilie,
899 1115 1102 1188 Ortenburge,
1126 1114 1316 1187 Zagorieque
1351 1128 1455 1172 comes

190 1227 244 1279 ete
268 1235 389 1278 necnon
400 1198 498 1293 ‘regni
521 1219 684 1279 Sclauonie
711 1221 817 1280 banus.
833 1221 952 1278 Damus
969 1235 1026 1293 pro
1041 1221 1200 1292 memoria,
1216 1219 1299 1294 quod
1317 1235 1456 1293 eausam,

194 1341 290 1400 quam
313 1324 417 1402 judex,
440 1324 534 1401 jurati
556 1332 586 1385 et
608 1326 746 1386 universi
762 1327 845 1384 cives
861 1327 995 1385 civitatis
1011 1315 1125 1384 montis
1140 1325 1310 1409 Grecensis'
1318 1326 1356 1383 de
1370 1325 1458 1402 juxta

191 1432 378 1506 Zagrabiam
410 1437 516 1491 contra
547 1433 708 1506 egregium
731 1433 886 1505 Henniigh
909 1432 947 1490 de
971 1431 1170 1490 Zomzedwar
1194 1434 1279 1490 iuxta
1302 1433 1458 1490 continen-

190 1539 270 1597 ciam
306 1538 483 1598 litterarum
510 1544 689 1598 nostrarum
723 1541 1011 1613 prorogatoriarum
1045 1555 1140 1612 super
1171 1539 1260 1597 factis
1291 1540 1322 1596 in
1346 1539 1457 1597 litteris

190 1646 304 1704 nostris
327 1632 476 1705 citatoriis
499 1652 530 1704 et
552 1647 682 1720 capituli
714 1645 842 1704 ecclesie
872 1646 1081 1719 zagrabiensis
1110 1647 1260 1705 contentis
1284 1648 1315 1704 in
1339 1646 1457 1703 octavis

191 1750 260 1809 festi
295 1751 542 1825 Epiphaniarum
575 1752 696 1811 domini
728 1767 856 1810 movere
891 1745 1048 1810 habebant
1080 1767 1185 1810 eoram
1217 1754 1316 1823 nobis,
1340 1753 1370 1810 in
1395 1767 1457 1825 quo

192 1857 289 1915 eciam
325 1859 457 1917 termino
490 1858 573 1917 idem
597 1859 772 1932 Hennyngh
794 1857 908 1935 judicia
932 1875 985 1916 sex
1009 1874 1186 1917 marcarum
1210 1860 1299 1918 nobis
1323 1866 1353 1917 et
1376 1860 1458 1933 parti

192 1962 322 2022 adverse
339 1965 518 2038 persolvere
543 1966 714 2037 tenebatur,
738 1965 775 2023 de
800 1966 960 2023 voluntate
982 1966 1136 2024 nobilium
1160 1967 1247 2039 regni
1269 1965 1308 2022 ad
1332 1970 1458 2024 octavas

196 2067 265 2128 festi
289 2071 372 2128 beati
395 2070 522 2146 Georgii
545 2073 691 2144 martiris,
713 2088 794 2131 nunc
817 2077 971 2145 venturas,
995 2073 1089 2130 simul
1114 2089 1183 2130 curn
1216 2073 1305 2131 dictis
1335 2071 1457 2149 judiciis

194 2173 338 2235 duximus
354 2177 592 2252 prorogandam.
620 2179 777 2237 Presentes
802 2178 906 2251 sigilio
930 2180 1046 2251 egregii
1078 2179 1213 2252 Georgii,
1237 2178 1295 2236 filii
1318 2178 1456 2237 Farlrasii

194 2279 228 2340 de
251 2283 358 2354 Ebres,
382 2286 504 2344 comitis
528 2286 625 2343 nostri
648 2285 854 2358 zagrabiensis
878 2284 1007 2342 lecimus
1039 2282 1219 2359 consignari.
1252 2285 1367 2343 Datum
1403 2285 1457 2342 Za·

194 2388 298 2459 grabie
321 2388 547 2450 decimonono
581 2391 630 2450 die
665 2393 790 2450 termini
825 2394 987 2465 prenotati.
1026 2395 1115 2449 Anno
1141 2392 1260 2450 domini
1285 2392 1455 2450 millesimo

196 2494 446 2569 quadringesimo
469 2499 726 2572 quinquagesimo
750 2500 854 2556 tercio.

296 2611 338 2676 (Α
358 2607 453 2672 tergo),
478 2605 537 2663 Pro
561 2603 672 2680 judice,
695 2602 804 2680 juratis
829 2609 859 2662 et
882 2606 1034 2663 universis
1058 2605 1179 2662 civibus
1194 2605 1327 2662 civitatis
1343 2607 1457 2663 montis

191 2713 353 2776 Greeensis
385 2712 424 2769 de
452 2712 538 2770 iuxta
571 2711 756 2784 Zagrabiam
789 2718 894 2769 eontra
926 2713 1083 2784 egregium
1110 2712 1281 2783 Hennyngh
1307 2711 1345 2768 de
1368 2711 1457 2768 Zom-

184 2823 312 2882 zedwar
334 2819 373 2878 ad
397 2823 524 2876 octavas
547 2816 617 2874 festi
639 2817 723 2876 beati
743 2817 871 2890 Georgii
895 2819 1031 2876 martiris
1056 2819 1275 2891 prorogatorie.

294 2954 430 3020 Originale
448 2955 476 3003 in
494 2953 589 3005 charta.
611 2955 637 3003 A
656 2961 728 3018 tergo
748 2956 884 3019 vestigium
903 2956 1018 3019 oppressi
1038 2955 1124 3018 sigilli.
1157 2957 1188 3002 In
1207 2956 1320 3004 archivio
1339 2954 1384 3004 lib.
1404 2971 1473 3021 reg.⁴

179 3049 234 3099 civ.
254 3046 356 3111 zagrab.

784 3273 867 3338 169.

294 3417 376 3466 Anno
397 3428 472 3481 1453,
492 3416 516 3467 6.
536 3416 628 3466 martii.
648 3416 744 3465 Budae.

191 3547 316 3615 Ulricus,
340 3548 550 3603 tovernicorum
574 3545 715 3616 regalium
738 3545 883 3617 magailer,
909 3547 1105 3602 cnrnmrnitnlr'
1125 3548 1249 3603 caumas
1271 3547 1399 3615 attondat,
1425 3556 1458 3604 ut

321 3652 465 3709 sutoribus
488 3653 517 3708 in
534 3652 671 3725 prt'stt'm's
693 3652 778 3707 etaiam
794 3659 888 3723 porro
911 3652 1053 3721 terrasiam
1074 3671 1173 3725 gerere
1195 3652 1333 3710 concedat.

294 3796 427 3868 Viricus,
460 3796 544 3854 filius
578 3796 704 3878 Joannis
728 3796 766 3852 de
790 3796 913 3866 Kanisa,
939 3813 1055 3854 necnon
1079 3791 1181 3875 (inter)
1213 3799 1290 3854 alios
1315 3800 1455 3869 honorae,

188 3905 420 3963 tavernicorum
443 3903 597 3976 regalium
621 3904 776 3976 magister.
802 3903 930 3960 Dilectis
953 3905 1042 3961 nobis
1068 3906 1143 3961 viris
1178 3904 1327 3977 providis,
1351 3903 1454 3980 judici,

186 4009 295 4087 juratis
327 4016 358 4068 et
391 4010 509 4068 cunctis
544 4010 665 4066 civibus
702 4011 835 4066 civitatis
867 4011 980 4066 montis
999 4010 1165 4067 Greeensis
1189 4018 1218 4067 et
1242 4010 1455 4083 Zagrabiensis
1505 4037 1507 4043 ¹

188 4117 390 4176 dileccionem
416 4131 487 4173 eum
511 4116 619 4173 salute.
643 4117 688 4173 iix
712 4116 848 4173 veridica
872 4117 1027 4173 relacione
1060 4118 1264 4190 percepimus,
1297 4118 1454 4189 quomodo

188 4223 333 4282 videlicet
356 4223 549 4292 universitas,
572 4222 795 4295 disposiciones
820 4229 849 4279 et
874 4224 1118 4290 constituciones,
1142 4239 1240 4296 nuper
1264 4224 1354 4281 nobis
1371 4225 1453 4298 apud

188 4345 243 4388 vos
267 4335 296 4387 et
319 4331 416 4388 vestri
438 4331 469 4386 in
493 4328 596 4388 medio
620 4331 832 4399 existentibus,
860 4331 888 4386 in
917 4330 1074 4387 nonnullis
1099 4331 1312 4387 laboratorum
1337 4336 1366 4386 et
1382 4333 1454 4390 arti·

190 4436 282 4494 ficum
307 4437 337 4493 in
360 4434 471 4494 eodem
495 4437 590 4493 vestri
614 4437 716 4494 medio
742 4437 946 4494 resideneium
972 4435 1074 4507 factae
1101 4453 1155 4509 per
1178 4452 1233 4494 nos
1265 4446 1294 4493 et
1318 4445 1454 4495 vestram

189 4540 443 4600 consuetudinem
467 4548 549 4600 actas
573 4548 603 4600 et
626 4542 800 4617 dispositas
825 4560 881 4616 per
912 4545 994 4616 ipsos
1030 4542 1163 4600 artifices
1198 4548 1227 4600 et
1262 4544 1454 4602 laboratores

189 4662 371 4707 conservare
394 4655 424 4706 et
448 4655 551 4707 tenere
575 4650 701 4707 minime
724 4652 900 4719 curassetis;
940 4649 1051 4707 saltem
1074 4651 1233 4707 universos
1264 4655 1383 4708 sutores
1414 4651 1453 4708 ad

189 4756 312 4814 easdem
356 4755 577 4831 disposiciones
621 4766 650 4815 et
688 4759 922 4816 constituciones
959 4759 1196 4825 astrinxissetis,
1240 4756 1453 4817 consuetudini

189 4862 370 4921 eorumdem
394 4868 534 4922 sutorum
559 4865 589 4921 in
615 4864 820 4937 preiudicium
844 4865 936 4922 valde
959 4880 1061 4938 grave.
1086 4864 1228 4938 Cumque
1245 4879 1299 4922 nos
1316 4864 1453 4939 prelatos
