3278 5348
619 413 694 474 Doc.
715 425 788 489 239·
812 446 856 456 —
879 411 935 470 An.
958 406 1052 489 1465.
1395 426 1454 487 297

186 626 298 687 relicta
322 629 474 702 Thomay,
498 628 643 687 Clemens
665 627 762 699 taber,
784 626 1051 701 Salidmarychya‚
1074 627 1230 701 ceterique
1253 624 1348 703 jurati
1363 626 1456 698 cives,

186 735 411 795 inhabitatores
439 752 476 794 ac
503 741 567 794 tota
597 737 803 794 communitas
832 735 966 793 civitatis
1003 738 1107 792 nostre
1142 734 1257 792 montis
1294 732 1456 791 Grecensis

187 840 228 900 de
251 843 338 900 iuxta
368 842 555 916 Zagrabiam
587 842 618 900 in
649 856 729 900 anno
759 841 846 900 cuius
875 839 941 916 jam
971 841 1122 914 vigesima
1146 841 1272 899 instaret
1295 839 1455 898 revolucio

188 962 289 1022 pravo
312 949 441 1006 consilio
464 955 495 1005 et
517 947 655 1020 maligna
676 946 858 1005 induccione
881 947 1031 1021 ipsorum.
1056 945 1168 1004 turrim
1191 946 1332 1020 ipsorum
1355 958 1450 1017 expo·

187 1053 332 1112 nencium
356 1055 388 1112 iu
411 1053 494 1112 dicta
517 1054 640 1112 civitate
664 1053 777 1111 montis
801 1051 963 1110 Grecensis
986 1052 1126 1110 habitam
1149 1060 1179 1110 et
1201 1053 1397 1122 existentem,
1425 1051 1457 1108 in

189 1173 254 1233 quo
278 1164 419 1233 tempore
434 1158 669 1229 disturbiorum‚
693 1164 763 1216 ante
778 1163 880 1216 metus
902 1157 1086 1228 Turcorum,
1101 1172 1149 1215 res
1171 1164 1202 1216 et
1224 1158 1306 1215 bona
1329 1156 1458 1214 ecclesie

187 1279 298 1323 eorum
330 1265 507 1324 conservari
538 1270 570 1322 et
599 1265 678 1322 tueri
708 1271 939 1336 consveverant,
963 1280 1018 1338 per
1042 1263 1234 1322 Fridericum
1259 1276 1289 1321 et
1312 1263 1456 1320 Vlricum

187 1370 322 1429 comites
352 1370 432 1429 Cilie
463 1370 581 1429 destrui
604 1376 634 1428 et
661 1370 823 1428 anichilari
846 1369 997 1441 fecissent,
1020 1371 1052 1427 in
1075 1385 1137 1444 quo
1159 1369 1275 1428 eisdem
1299 1383 1454 1443 exponen·

189 1476 276 1535 tibus
299 1476 372 1550 plus
395 1492 491 1551 quam
515 1477 652 1550 quinque
675 1475 777 1534 millia
799 1475 988 1534 florenorum
1011 1477 1079 1534 auri
1102 1475 1237 1549 dampna
1260 1475 1456 1533 intullissent.

188 1582 269 1641 item
302 1583 333 1640 in
357 1581 611 1656 Quadragesima‚
635 1582 722 1639 cuius
751 1582 813 1639 iam
845 1582 951 1654 quinta
976 1582 1103 1640 instaret
1126 1581 1284 1640 revolucio
1307 1579 1457 1650 annualis,

188 1688 352 1746 universas
374 1688 485 1745 domos
515 1693 546 1745 et
568 1686 690 1746 edificia
713 1688 744 1745 in
767 1702 839 1746 area
862 1689 1003 1762 ipsorum
1026 1688 1251 1762 exponencium
1276 1687 1306 1745 in
1330 1685 1451 1761 prefata

187 1795 316 1854 civitate
338 1796 452 1853 montis
476 1794 774 1854 Grecensishabitas
794 1794 959 1853 diruissent
982 1800 1013 1852 et
1035 1793 1267 1864 destruxissent,
1291 1792 1453 1864 dirruique

189 1908 222 1959 et
245 1900 370 1970 destrui,
402 1916 438 1958 ac
461 1915 524 1974 quo
547 1901 689 1974 ipsorum
713 1900 879 1974 placuisset
902 1900 1056 1957 voluntati
1079 1898 1230 1970 fecissent,
1254 1899 1286 1956 in
1308 1912 1371 1971 quo
1393 1897 1455 1970 ipsi

187 2016 377 2081 exponentes
401 2007 473 2081 plus
496 2021 592 2080 quam
615 2006 704 2064 mille
727 2006 859 2064 florenos
881 2007 948 2064 auri
965 2006 1102 2080 dampna
1125 2006 1209 2081 passi
1232 2005 1368 2064 fuissent.
1385 2003 1453 2061 Hiis

186 2127 252 2172 non
274 2113 409 2172 contenti
431 2113 513 2172 circa
536 2111 650 2170 festum
675 2113 757 2171 beati
780 2112 939 2170 Michaelis
963 2112 1150 2184 archangeli,
1174 2112 1260 2169 cuius
1283 2111 1346 2168 iam
1369 2109 1455 2168 simi·

186 2219 261 2278 liter
291 2220 399 2293 quinta
428 2219 556 2277 instaret
586 2218 746 2276 revolucio
776 2218 926 2290 annualis,
959 2217 1035 2275 dum
1059 2217 1205 2276 videlicet
1228 2217 1346 2275 dictum
1370 2215 1454 2288 capi·

186 2325 292 2384 tulum
323 2339 380 2400 pro
411 2325 540 2384 decimis
571 2325 717 2383 vinorum
749 2325 966 2399 recolligendis
996 2326 1027 2383 in
1057 2326 1149 2384 solito
1173 2325 1242 2382 loco
1266 2323 1454 2381 concharum

186 2431 399 2503 decimalium,
415 2430 470 2488 ubi
486 2443 558 2489 suos
573 2431 673 2488 solent
693 2430 896 2489 decimatores
912 2431 1074 2502 collocare,
1099 2430 1212 2504 prelati
1233 2427 1337 2505 judex,
1352 2425 1455 2503 jurati,

186 2537 288 2608 cives,
320 2537 543 2596 inhabitatores
573 2552 609 2594 ac
639 2541 703 2595 tota
734 2538 940 2595 communitas
970 2538 1104 2596 civitatis
1134 2537 1295 2607 antedicte,
1320 2535 1456 2593 nescitur

187 2658 253 2717 quo
271 2642 357 2701 ducti
371 2643 491 2717 spiritu,
508 2643 652 2700 manibus
668 2643 794 2701 armatis
810 2649 840 2701 et
856 2644 1053 2716 potenciariis
1076 2644 1106 2700 in
1126 2643 1258 2700 conchas
1274 2638 1453 2699 huiusmodi

187 2750 350 2819 irruentes,
380 2748 582 2807 decimatores
609 2748 765 2823 predictos
791 2750 989 2820 invasissent,
1012 2750 1159 2823 ipsosque
1189 2749 1249 2807 nisi
1278 2748 1350 2820 fuge
1381 2761 1453 2820 pre·

189 2854 271 2913 sidio
287 2855 398 2913 muniti
414 2853 542 2912 luissent
564 2855 738 2914 miserabili
759 2871 833 2913 nece
854 2855 1077 2914 interfecissent
1100 2863 1131 2914 et
1153 2855 1270 2914 ibidem
1295 2853 1454 2928 quoddam

186 2960 366 3035 plaustrum
388 2961 462 3019 vino
477 2966 641 3018 oneratum
658 2974 713 3034 per
737 2960 887 3034 quosdam
912 2977 970 3035 pro
987 2961 1100 3020 debitis
1116 2968 1285 3019 arestatum
1298 2959 1453 3017 violenter

191 3065 403 3125 abduxissent
426 3065 556 3140 Insuper
572 3067 726 3140 prenotati
740 3064 836 3142 judex
854 3073 884 3125 et
898 3066 991 3143 jurati
1008 3068 1091 3126 cives
1106 3082 1141 3125 ae
1158 3072 1222 3124 tota
1245 3065 1452 3124 communitas

187 3172 324 3231 civitatis
354 3171 505 3231 antedicte
535 3172 575 3230 ad
605 3172 805 3246 magnificum
835 3174 902 3257 Jan,
933 3174 1061 3247 Zagorie
1090 3174 1245 3243 comitem,
1273 3178 1344 3230 tunc
1366 3170 1455 3242 regni

188 3276 353 3337 Sclauonie
377 3279 515 3350 banum,
546 3287 753 3350 recurrentes,
785 3281 848 3339 suis
879 3280 966 3339 falsis
997 3288 1027 3339 et
1057 3280 1171 3354 iniquis
1203 3277 1453 3352 suggestionibus

187 3383 322 3443 eundern
343 3384 404 3467 Jan
425 3384 572 3442 comitem
589 3384 788 3455 induxissent,
805 3392 839 3443 ut
855 3388 1038 3445 comitatum
1060 3387 1201 3459 ipsorum
1224 3383 1451 3459 exponencium

187 3489 428 3564 Thoplicensem
448 3494 613 3564 propterea
632 3498 805 3564 occuparet,
823 3491 905 3565 quod
923 3492 1005 3549 idem
1023 3507 1126 3550 comes
1142 3490 1263 3549 fecisset
1286 3497 1316 3548 et
1332 3489 1453 3547 tamdiu

189 3596 373 3669 occupante
404 3595 558 3665 tenuisset,
591 3610 753 3670 quousque
776 3613 830 3655 sue
853 3605 882 3656 et
906 3598 1059 3656 dictorum
1081 3596 1202 3674 judicis,
1224 3595 1398 3672 juratorum
1425 3604 1454 3655 et

187 3701 287 3760 tocius
302 3702 532 3759 communitatis
548 3703 681 3760 civitatis
700 3703 838 3778 predicte
865 3705 1034 3779 placuisset
1057 3706 1220 3775 voluntati,
1245 3706 1275 3762 in
1299 3719 1361 3778 quo
1377 3703 1453 3777 ipsis

188 3807 416 3881 exponentibus
447 3808 519 3881 plus
551 3824 644 3882 quam
676 3810 735 3867 tria
765 3810 867 3869 millia
899 3810 1087 3869 tloreuorum
1111 3812 1176 3869 auri
1201 3810 1337 3884 dampna
1359 3809 1453 3868 intul-

188 3913 304 3984 lissent,
328 3914 469 3989 potencia
493 3914 657 3986 mediante,
681 3915 711 3972 in
736 3916 940 3990 preiudicium
966 3918 1157 3991 prefatorum
1182 3917 1407 3990 exponencium
1423 3922 1452 3973 et

188 4018 361 4093 dampnum
392 4020 486 4078 valde
510 4036 669 4093 magnum.
693 4020 796 4096 Super
819 4038 881 4095 quo
906 4023 1049 4082 fidelitati
1074 4029 1175 4081 vestre
1197 4022 1331 4080 firmiter
1354 4023 1453 4095 preci·

187 4125 307 4199 pientes
340 4125 533 4196 mandamus,
565 4135 716 4199 quatenus
747 4144 843 4185 unum
876 4130 926 4187 vel
959 4129 1036 4186 duos
1068 4145 1084 4185 e
1114 4128 1206 4184 vobis
1230 4127 1454 4195 transmittatis,

187 4230 244 4304 qui
264 4230 305 4288 ab
321 4231 466 4289 omnibus
489 4233 603 4306 quibus
626 4233 779 4292 incumbit
801 4250 919 4292 meram
944 4234 982 4292 de
1005 4234 1165 4308 premissis
1188 4234 1365 4305 experiatur
1389 4248 1453 4289 cer·

186 4335 328 4397 titudinis
358 4338 530 4409 veritatem,
561 4354 657 4412 quam
689 4340 814 4398 tandem
846 4342 934 4414 regni
964 4340 1127 4399 Sclauonie
1159 4340 1247 4397 banis
1278 4353 1334 4396 suo
1359 4337 1453 4395 modo

185 4443 373 4502 rescribatis.
404 4444 519 4502 Datum
543 4445 627 4503 Bude
651 4447 682 4504 in
710 4446 865 4505 dominica
888 4448 1103 4506 Reminiscere.
1128 4449 1216 4504 Anno
1240 4445 1357 4503 domini
1382 4443 1453 4501 mil·

185 4549 298 4608 tesimo
321 4549 625 4624 quadringentesimo
648 4554 843 4627 sexagesimo
860 4556 976 4629 quinto.
990 4554 1089 4627 Regni
1112 4553 1209 4612 nostri
1230 4565 1311 4610 anno
1327 4557 1446 4621 octavo,

185 4656 398 4714 coronacionis
422 4673 496 4716 vero
520 4659 631 4732 primo.

293 4794 317 4841 E
336 4800 496 4860 bansumpto
514 4794 641 4860 Stephani
664 4795 787 4845 Bicchele
804 4805 830 4846 et
848 4798 992 4861 Augustini
1010 4797 1142 4847 Porlrolab
1160 4797 1282 4846 comitum
1300 4796 1400 4859 zagrab.
1421 4797 1452 4851 In

184 4878 282 4934 archiv.
302 4896 358 4934 ven.
377 4881 464 4949 Cepit.
480 4884 582 4949 aagreb.
603 4885 665 4938 nce
685 4884 749 4954 Cap.
767 4892 820 4937 aut.
838 4886 899 4939 tusc.
922 4899 961 4939 10.
980 4902 1018 4940 nr.
1039 4887 1063 4939 8.
