<?xml version="1.0" encoding="UTF-8"?>
<!DOCTYPE html PUBLIC "-//W3C//DTD XHTML 1.0 Transitional//EN"
    "http://www.w3.org/TR/xhtml1/DTD/xhtml1-transitional.dtd">
<html xmlns="http://www.w3.org/1999/xhtml" xml:lang="en" lang="en">
 <head>
  <title>
</title>
<meta http-equiv="Content-Type" content="text/html;charset=utf-8" />
  <meta name='ocr-system' content='tesseract 3.04.00' />
  <meta name='ocr-capabilities' content='ocr_page ocr_carea ocr_par ocr_line ocrx_word'/>
</head>
<body>
  <div class='ocr_page' id='page_1' title='image "./monumentahistor01laszgoog_0706.png"; bbox 0 0 3278 5348; ppageno 0'>
   <div class='ocr_carea' id='block_1_1' title="bbox 189 410 1024 498">
    <p class='ocr_par' dir='ltr' id='par_1_1' title="bbox 189 410 1024 498">
     <span class='ocr_line' id='line_1_1' title="bbox 189 410 1024 498; baseline 0 -27"><span class='ocrx_word' id='word_1_1' title='bbox 189 423 250 498; x_wconf 81' lang='lat'><strong>438</strong></span> <span class='ocrx_word' id='word_1_2' title='bbox 593 416 667 474; x_wconf 85' lang='lat' dir='ltr'><strong>Doc.</strong></span> <span class='ocrx_word' id='word_1_3' title='bbox 692 425 760 493; x_wconf 75' lang='lat'><em>345.</em></span> <span class='ocrx_word' id='word_1_4' title='bbox 787 447 824 457; x_wconf 88' lang='lat'><em>—</em></span> <span class='ocrx_word' id='word_1_5' title='bbox 852 410 1024 492; x_wconf 73' lang='lat' dir='ltr'><strong>An1487.</strong></span> 
     </span>
    </p>
   </div>
   <div class='ocr_carea' id='block_1_2' title="bbox 179 629 1454 4210">
    <p class='ocr_par' dir='ltr' id='par_1_2' title="bbox 179 629 1454 4210">
     <span class='ocr_line' id='line_1_2' title="bbox 186 629 1453 706; baseline -0.006 -12"><span class='ocrx_word' id='word_1_6' title='bbox 186 636 346 706; x_wconf 90' lang='lat' dir='ltr'><strong>nominati,</strong></span> <span class='ocrx_word' id='word_1_7' title='bbox 370 633 408 691; x_wconf 93' lang='lat' dir='ltr'><strong>ad</strong></span> <span class='ocrx_word' id='word_1_8' title='bbox 434 633 556 705; x_wconf 89' lang='lat' dir='ltr'><strong>regium</strong></span> <span class='ocrx_word' id='word_1_9' title='bbox 587 632 785 688; x_wconf 91' lang='lat' dir='ltr'><strong>statutorium</strong></span> <span class='ocrx_word' id='word_1_10' title='bbox 811 630 992 688; x_wconf 87' lang='lat' dir='ltr'><strong>mandatum</strong></span> <span class='ocrx_word' id='word_1_11' title='bbox 1019 630 1200 701; x_wconf 77' lang='lat' dir='ltr'><strong>transmissi,</strong></span> <span class='ocrx_word' id='word_1_12' title='bbox 1224 629 1302 688; x_wconf 84' lang='lat' dir='ltr'><strong>feria</strong></span> <span class='ocrx_word' id='word_1_13' title='bbox 1324 629 1453 687; x_wconf 89' lang='lat' dir='ltr'><strong>secunda</strong></span> 
     </span>
     <span class='ocr_line' id='line_1_3' title="bbox 187 735 1450 817; baseline -0.008 -16"><span class='ocrx_word' id='word_1_14' title='bbox 187 744 330 817; x_wconf 86' lang='lat' dir='ltr'><strong>proxima</strong></span> <span class='ocrx_word' id='word_1_15' title='bbox 360 750 430 798; x_wconf 91' lang='lat' dir='ltr'><strong>ante</strong></span> <span class='ocrx_word' id='word_1_16' title='bbox 465 739 578 797; x_wconf 80' lang='lat' dir='ltr'><strong>festum</strong></span> <span class='ocrx_word' id='word_1_17' title='bbox 612 739 837 811; x_wconf 88' lang='lat' dir='ltr'><strong>assumpcionis</strong></span> <span class='ocrx_word' id='word_1_18' title='bbox 872 739 961 795; x_wconf 91' lang='lat' dir='ltr'><strong>beate</strong></span> <span class='ocrx_word' id='word_1_19' title='bbox 984 739 1080 795; x_wconf 81' lang='lat' dir='ltr'><strong>llarie</strong></span> <span class='ocrx_word' id='word_1_20' title='bbox 1117 737 1257 809; x_wconf 84' lang='lat' dir='ltr'><strong>virginis,</strong></span> <span class='ocrx_word' id='word_1_21' title='bbox 1291 737 1323 794; x_wconf 94' lang='lat' dir='ltr'><strong>in</strong></span> <span class='ocrx_word' id='word_1_22' title='bbox 1345 735 1450 794; x_wconf 89' lang='lat' dir='ltr'><strong>eodem</strong></span> 
     </span>
     <span class='ocr_line' id='line_1_4' title="bbox 187 843 1454 921; baseline -0.006 -15"><span class='ocrx_word' id='word_1_23' title='bbox 187 864 267 906; x_wconf 90' lang='lat' dir='ltr'><strong>anno</strong></span> <span class='ocrx_word' id='word_1_24' title='bbox 303 848 457 921; x_wconf 89' lang='lat' dir='ltr'><strong>preterita,</strong></span> <span class='ocrx_word' id='word_1_25' title='bbox 492 845 531 902; x_wconf 90' lang='lat' dir='ltr'><strong>ad</strong></span> <span class='ocrx_word' id='word_1_26' title='bbox 566 844 660 902; x_wconf 87' lang='lat' dir='ltr'><strong>iacies</strong></span> <span class='ocrx_word' id='word_1_27' title='bbox 695 845 941 918; x_wconf 91' lang='lat' dir='ltr'><strong>prescriptarum</strong></span> <span class='ocrx_word' id='word_1_28' title='bbox 966 844 1197 918; x_wconf 88' lang='lat' dir='ltr'><strong>possessionum</strong></span> <span class='ocrx_word' id='word_1_29' title='bbox 1220 843 1404 914; x_wconf 82' lang='lat' dir='ltr'><strong>Petrowyna</strong></span> <span class='ocrx_word' id='word_1_30' title='bbox 1426 850 1454 898; x_wconf 91' lang='lat' dir='ltr'><strong>et</strong></span> 
     </span>
     <span class='ocr_line' id='line_1_5' title="bbox 187 948 1451 1025; baseline -0.005 -14"><span class='ocrx_word' id='word_1_31' title='bbox 187 954 343 1025; x_wconf 88' lang='lat' dir='ltr'><strong>Hrazthya</strong></span> <span class='ocrx_word' id='word_1_32' title='bbox 360 958 539 1009; x_wconf 85' lang='lat' dir='ltr'><strong>vocatarum</strong></span> <span class='ocrx_word' id='word_1_33' title='bbox 564 951 680 1025; x_wconf 90' lang='lat' dir='ltr'><strong>pariter</strong></span> <span class='ocrx_word' id='word_1_34' title='bbox 703 948 890 1021; x_wconf 85' lang='lat' dir='ltr'><strong>accedentes,</strong></span> <span class='ocrx_word' id='word_1_35' title='bbox 914 949 1158 1022; x_wconf 89' lang='lat' dir='ltr'><strong>earumdemque</strong></span> <span class='ocrx_word' id='word_1_36' title='bbox 1181 949 1294 1006; x_wconf 83' lang='lat' dir='ltr'><strong>vicinis</strong></span> <span class='ocrx_word' id='word_1_37' title='bbox 1318 954 1349 1005; x_wconf 91' lang='lat' dir='ltr'><strong>et</strong></span> <span class='ocrx_word' id='word_1_38' title='bbox 1371 962 1451 1005; x_wconf 90' lang='lat' dir='ltr'><strong>com·</strong></span> 
     </span>
     <span class='ocr_line' id='line_1_6' title="bbox 187 1053 1451 1128; baseline -0.006 -10"><span class='ocrx_word' id='word_1_39' title='bbox 187 1059 336 1118; x_wconf 89' lang='lat' dir='ltr'><strong>metaneis</strong></span> <span class='ocrx_word' id='word_1_40' title='bbox 366 1059 518 1115; x_wconf 88' lang='lat' dir='ltr'><strong>universis</strong></span> <span class='ocrx_word' id='word_1_41' title='bbox 550 1057 626 1114; x_wconf 92' lang='lat' dir='ltr'><strong>inibi</strong></span> <span class='ocrx_word' id='word_1_42' title='bbox 658 1056 811 1128; x_wconf 83' lang='lat' dir='ltr'>legittime</span> <span class='ocrx_word' id='word_1_43' title='bbox 841 1056 1018 1113; x_wconf 87' lang='lat' dir='ltr'><strong>convocatis</strong></span> <span class='ocrx_word' id='word_1_44' title='bbox 1049 1065 1078 1112; x_wconf 90' lang='lat' dir='ltr'><strong>et</strong></span> <span class='ocrx_word' id='word_1_45' title='bbox 1104 1054 1309 1128; x_wconf 85' lang='lat' dir='ltr'><strong>presentibus,</strong></span> <span class='ocrx_word' id='word_1_46' title='bbox 1333 1053 1451 1111; x_wconf 88' lang='lat' dir='ltr'><strong>easdem</strong></span> 
     </span>
     <span class='ocr_line' id='line_1_7' title="bbox 188 1159 1451 1240; baseline -0.006 -17"><span class='ocrx_word' id='word_1_47' title='bbox 188 1166 397 1240; x_wconf 89' lang='lat' dir='ltr'><strong>possessiones</strong></span> <span class='ocrx_word' id='word_1_48' title='bbox 420 1179 490 1220; x_wconf 90' lang='lat' dir='ltr'><strong>curn</strong></span> <span class='ocrx_word' id='word_1_49' title='bbox 515 1163 632 1220; x_wconf 80' lang='lat' dir='ltr'><strong>cunctis</strong></span> <span class='ocrx_word' id='word_1_50' title='bbox 656 1162 795 1236; x_wconf 88' lang='lat' dir='ltr'><strong>ipsarum</strong></span> <span class='ocrx_word' id='word_1_51' title='bbox 820 1161 1007 1219; x_wconf 79' lang='lat' dir='ltr'><strong>utilitatibus</strong></span> <span class='ocrx_word' id='word_1_52' title='bbox 1030 1168 1060 1218; x_wconf 92' lang='lat' dir='ltr'><strong>et</strong></span> <span class='ocrx_word' id='word_1_53' title='bbox 1078 1159 1276 1236; x_wconf 82' lang='lat' dir='ltr'><strong>pertinenciis</strong></span> <span class='ocrx_word' id='word_1_54' title='bbox 1306 1160 1451 1218; x_wconf 84' lang='lat' dir='ltr'><strong>universis</strong></span> 
     </span>
     <span class='ocr_line' id='line_1_8' title="bbox 187 1266 1446 1340; baseline -0.007 -9"><span class='ocrx_word' id='word_1_55' title='bbox 187 1315 224 1331; x_wconf 87' lang='lat'><strong>..</strong></span> <span class='ocrx_word' id='word_1_56' title='bbox 248 1317 254 1329; x_wconf 92' lang='lat'>.</span> <span class='ocrx_word' id='word_1_57' title='bbox 279 1271 459 1328; x_wconf 89' lang='lat' dir='ltr'><strong>memoratis</strong></span> <span class='ocrx_word' id='word_1_58' title='bbox 483 1270 605 1326; x_wconf 89' lang='lat' dir='ltr'><strong>civibus</strong></span> <span class='ocrx_word' id='word_1_59' title='bbox 630 1268 710 1326; x_wconf 93' lang='lat' dir='ltr'><strong>dicte</strong></span> <span class='ocrx_word' id='word_1_60' title='bbox 733 1269 866 1325; x_wconf 90' lang='lat' dir='ltr'><strong>civitatis</strong></span> <span class='ocrx_word' id='word_1_61' title='bbox 890 1269 1004 1325; x_wconf 87' lang='lat' dir='ltr'><strong>montis</strong></span> <span class='ocrx_word' id='word_1_62' title='bbox 1028 1266 1191 1325; x_wconf 89' lang='lat' dir='ltr'><strong>Grecensis</strong></span> <span class='ocrx_word' id='word_1_63' title='bbox 1215 1273 1368 1340; x_wconf 91' lang='lat' dir='ltr'><strong>perpetuo</strong></span> <span class='ocrx_word' id='word_1_64' title='bbox 1391 1275 1446 1322; x_wconf 87' lang='lat' dir='ltr'><strong>sta·</strong></span> 
     </span>
     <span class='ocr_line' id='line_1_9' title="bbox 187 1372 1446 1450; baseline -0.005 -16"><span class='ocrx_word' id='word_1_65' title='bbox 187 1384 314 1446; x_wconf 91' lang='lat' dir='ltr'><strong>tuentes,</strong></span> <span class='ocrx_word' id='word_1_66' title='bbox 348 1374 548 1450; x_wconf 90' lang='lat' dir='ltr'><strong>possidendas</strong></span> <span class='ocrx_word' id='word_1_67' title='bbox 573 1375 757 1444; x_wconf 85' lang='lat' dir='ltr'><strong>statuissent,</strong></span> <span class='ocrx_word' id='word_1_68' title='bbox 786 1374 874 1431; x_wconf 92' lang='lat' dir='ltr'><strong>nullo</strong></span> <span class='ocrx_word' id='word_1_69' title='bbox 898 1373 1123 1431; x_wconf 88' lang='lat' dir='ltr'><strong>contradictore</strong></span> <span class='ocrx_word' id='word_1_70' title='bbox 1146 1379 1329 1446; x_wconf 87' lang='lat' dir='ltr'><strong>apparente.</strong></span> <span class='ocrx_word' id='word_1_71' title='bbox 1353 1372 1446 1445; x_wconf 84' lang='lat' dir='ltr'><strong>Quas·</strong></span> 
     </span>
     <span class='ocr_line' id='line_1_10' title="bbox 187 1479 1447 1555; baseline -0.003 -17"><span class='ocrx_word' id='word_1_72' title='bbox 187 1482 315 1555; x_wconf 92' lang='lat' dir='ltr'><strong>quidem</strong></span> <span class='ocrx_word' id='word_1_73' title='bbox 339 1481 427 1537; x_wconf 90' lang='lat' dir='ltr'><strong>binas</strong></span> <span class='ocrx_word' id='word_1_74' title='bbox 450 1481 568 1537; x_wconf 89' lang='lat' dir='ltr'><strong>litteras</strong></span> <span class='ocrx_word' id='word_1_75' title='bbox 592 1485 622 1537; x_wconf 91' lang='lat' dir='ltr'><strong>et</strong></span> <span class='ocrx_word' id='word_1_76' title='bbox 645 1481 749 1536; x_wconf 94' lang='lat' dir='ltr'><strong>omnia</strong></span> <span class='ocrx_word' id='word_1_77' title='bbox 773 1480 805 1537; x_wconf 93' lang='lat' dir='ltr'><strong>in</strong></span> <span class='ocrx_word' id='word_1_78' title='bbox 828 1480 871 1537; x_wconf 88' lang='lat' dir='ltr'><strong>eis</strong></span> <span class='ocrx_word' id='word_1_79' title='bbox 890 1486 1039 1550; x_wconf 91' lang='lat' dir='ltr'><strong>contenta,</strong></span> <span class='ocrx_word' id='word_1_80' title='bbox 1056 1479 1323 1551; x_wconf 89' lang='lat' dir='ltr'><strong>donacionemque</strong></span> <span class='ocrx_word' id='word_1_81' title='bbox 1345 1485 1375 1535; x_wconf 91' lang='lat' dir='ltr'><strong>et</strong></span> <span class='ocrx_word' id='word_1_82' title='bbox 1390 1485 1447 1534; x_wconf 91' lang='lat' dir='ltr'><strong>sta·</strong></span> 
     </span>
     <span class='ocr_line' id='line_1_11' title="bbox 188 1584 1448 1660; baseline -0.003 -15"><span class='ocrx_word' id='word_1_83' title='bbox 188 1589 343 1645; x_wconf 89' lang='lat' dir='ltr'><strong>tucionem</strong></span> <span class='ocrx_word' id='word_1_84' title='bbox 368 1587 611 1660; x_wconf 89' lang='lat' dir='ltr'><strong>prescriptarum</strong></span> <span class='ocrx_word' id='word_1_85' title='bbox 645 1586 875 1659; x_wconf 91' lang='lat' dir='ltr'><strong>possessionum</strong></span> <span class='ocrx_word' id='word_1_86' title='bbox 906 1584 1091 1656; x_wconf 87' lang='lat' dir='ltr'><strong>Petrowyna</strong></span> <span class='ocrx_word' id='word_1_87' title='bbox 1116 1589 1146 1642; x_wconf 89' lang='lat' dir='ltr'><strong>et</strong></span> <span class='ocrx_word' id='word_1_88' title='bbox 1169 1586 1327 1656; x_wconf 80' lang='lat' dir='ltr'><strong>Hrazthya</strong></span> <span class='ocrx_word' id='word_1_89' title='bbox 1351 1592 1448 1659; x_wconf 89' lang='lat' dir='ltr'><strong>patro·</strong></span> 
     </span>
     <span class='ocr_line' id='line_1_12' title="bbox 186 1690 1449 1766; baseline -0.002 -16"><span class='ocrx_word' id='word_1_90' title='bbox 186 1694 267 1750; x_wconf 91' lang='lat' dir='ltr'><strong>cinio</strong></span> <span class='ocrx_word' id='word_1_91' title='bbox 294 1693 538 1766; x_wconf 90' lang='lat' dir='ltr'><strong>prescriptarum</strong></span> <span class='ocrx_word' id='word_1_92' title='bbox 562 1692 738 1748; x_wconf 91' lang='lat' dir='ltr'><strong>litterarum</strong></span> <span class='ocrx_word' id='word_1_93' title='bbox 775 1706 901 1748; x_wconf 87' lang='lat' dir='ltr'><strong>suarum</strong></span> <span class='ocrx_word' id='word_1_94' title='bbox 935 1691 1180 1765; x_wconf 83' lang='lat' dir='ltr'><strong>privilegialium</strong></span> <span class='ocrx_word' id='word_1_95' title='bbox 1204 1690 1288 1748; x_wconf 87' lang='lat' dir='ltr'><strong>idern</strong></span> <span class='ocrx_word' id='word_1_96' title='bbox 1313 1690 1449 1747; x_wconf 92' lang='lat' dir='ltr'><strong>dominus</strong></span> 
     </span>
     <span class='ocr_line' id='line_1_13' title="bbox 187 1796 1448 1871; baseline -0.003 -14"><span class='ocrx_word' id='word_1_97' title='bbox 187 1798 405 1871; x_wconf 90' lang='lat' dir='ltr'><strong>Sigismundus</strong></span> <span class='ocrx_word' id='word_1_98' title='bbox 429 1814 483 1855; x_wconf 89' lang='lat' dir='ltr'><strong>rex</strong></span> <span class='ocrx_word' id='word_1_99' title='bbox 508 1844 514 1856; x_wconf 95' lang='lat'><strong>.</strong></span> <span class='ocrx_word' id='word_1_100' title='bbox 538 1845 544 1856; x_wconf 92' lang='lat'>.</span> <span class='ocrx_word' id='word_1_101' title='bbox 568 1843 575 1856; x_wconf 91' lang='lat'><strong>.</strong></span> <span class='ocrx_word' id='word_1_102' title='bbox 598 1804 627 1855; x_wconf 92' lang='lat' dir='ltr'><strong>et</strong></span> <span class='ocrx_word' id='word_1_103' title='bbox 651 1797 872 1855; x_wconf 82' lang='lat' dir='ltr'><strong>confirmasset.</strong></span> <span class='ocrx_word' id='word_1_104' title='bbox 898 1798 1034 1855; x_wconf 87' lang='lat' dir='ltr'><strong>Alterius</strong></span> <span class='ocrx_word' id='word_1_105' title='bbox 1058 1804 1160 1855; x_wconf 90' lang='lat' dir='ltr'><strong>autenr</strong></span> <span class='ocrx_word' id='word_1_106' title='bbox 1192 1799 1345 1871; x_wconf 91' lang='lat' dir='ltr'><strong>ipsarum,</strong></span> <span class='ocrx_word' id='word_1_107' title='bbox 1368 1796 1448 1853; x_wconf 88' lang='lat' dir='ltr'><strong>vide·</strong></span> 
     </span>
     <span class='ocr_line' id='line_1_14' title="bbox 187 1902 1449 1979; baseline -0.002 -17"><span class='ocrx_word' id='word_1_108' title='bbox 187 1905 258 1963; x_wconf 90' lang='lat' dir='ltr'><strong>licet</strong></span> <span class='ocrx_word' id='word_1_109' title='bbox 289 1904 427 1979; x_wconf 90' lang='lat' dir='ltr'><strong>predicte</strong></span> <span class='ocrx_word' id='word_1_110' title='bbox 459 1904 583 1961; x_wconf 89' lang='lat' dir='ltr'><strong>domine</strong></span> <span class='ocrx_word' id='word_1_111' title='bbox 615 1905 711 1961; x_wconf 86' lang='lat' dir='ltr'><strong>Marie</strong></span> <span class='ocrx_word' id='word_1_112' title='bbox 747 1905 860 1976; x_wconf 85' lang='lat' dir='ltr'><strong>regine,</strong></span> <span class='ocrx_word' id='word_1_113' title='bbox 888 1903 993 1975; x_wconf 89' lang='lat' dir='ltr'><strong>sigillo</strong></span> <span class='ocrx_word' id='word_1_114' title='bbox 1023 1903 1162 1960; x_wconf 90' lang='lat' dir='ltr'><strong>eiusdem</strong></span> <span class='ocrx_word' id='word_1_115' title='bbox 1185 1904 1225 1959; x_wconf 91' lang='lat' dir='ltr'><strong>ab</strong></span> <span class='ocrx_word' id='word_1_116' title='bbox 1250 1904 1332 1960; x_wconf 90' lang='lat' dir='ltr'><strong>intus</strong></span> <span class='ocrx_word' id='word_1_117' title='bbox 1355 1902 1386 1960; x_wconf 93' lang='lat' dir='ltr'><strong>in</strong></span> <span class='ocrx_word' id='word_1_118' title='bbox 1407 1902 1449 1959; x_wconf 92' lang='lat' dir='ltr'><strong>in·</strong></span> 
     </span>
     <span class='ocr_line' id='line_1_15' title="bbox 187 2010 1449 2083; baseline -0.002 -15"><span class='ocrx_word' id='word_1_119' title='bbox 187 2010 294 2069; x_wconf 84' lang='lat' dir='ltr'><strong>feriori</strong></span> <span class='ocrx_word' id='word_1_120' title='bbox 329 2011 470 2083; x_wconf 85' lang='lat' dir='ltr'><strong>margine</strong></span> <span class='ocrx_word' id='word_1_121' title='bbox 505 2011 693 2083; x_wconf 89' lang='lat' dir='ltr'><strong>consignata,</strong></span> <span class='ocrx_word' id='word_1_122' title='bbox 729 2011 808 2067; x_wconf 90' lang='lat' dir='ltr'><strong>hanc</strong></span> <span class='ocrx_word' id='word_1_123' title='bbox 843 2010 1005 2067; x_wconf 86' lang='lat' dir='ltr'><strong>verbalem</strong></span> <span class='ocrx_word' id='word_1_124' title='bbox 1036 2010 1182 2066; x_wconf 89' lang='lat' dir='ltr'><strong>servabat</strong></span> <span class='ocrx_word' id='word_1_125' title='bbox 1213 2010 1449 2067; x_wconf 85' lang='lat' dir='ltr'><strong>continenciam:</strong></span> 
     </span>
     <span class='ocr_line' id='line_1_16' title="bbox 187 2114 1447 2188; baseline -0.002 -14"><span class='ocrx_word' id='word_1_126' title='bbox 187 2118 285 2174; x_wconf 84' lang='lat' dir='ltr'><strong>Maria</strong></span> <span class='ocrx_word' id='word_1_127' title='bbox 308 2116 357 2173; x_wconf 89' lang='lat' dir='ltr'><strong>dei</strong></span> <span class='ocrx_word' id='word_1_128' title='bbox 391 2117 494 2188; x_wconf 84' lang='lat' dir='ltr'><strong>gracia</strong></span> <span class='ocrx_word' id='word_1_129' title='bbox 528 2117 633 2188; x_wconf 91' lang='lat' dir='ltr'><strong>regina</strong></span> <span class='ocrx_word' id='word_1_130' title='bbox 666 2116 834 2188; x_wconf 91' lang='lat' dir='ltr'><strong>Hungarie‚</strong></span> <span class='ocrx_word' id='word_1_131' title='bbox 866 2116 1036 2186; x_wconf 88' lang='lat' dir='ltr'><strong>Dalmacie,</strong></span> <span class='ocrx_word' id='word_1_132' title='bbox 1064 2114 1191 2172; x_wconf 91' lang='lat' dir='ltr'><strong>Croacie</strong></span> <span class='ocrx_word' id='word_1_133' title='bbox 1214 2122 1269 2173; x_wconf 93' lang='lat' dir='ltr'><strong>etc.</strong></span> <span class='ocrx_word' id='word_1_134' title='bbox 1294 2116 1447 2173; x_wconf 87' lang='lat' dir='ltr'><strong>Fidelibus</strong></span> 
     </span>
     <span class='ocr_line' id='line_1_17' title="bbox 186 2215 1448 2293; baseline -0.002 -13"><span class='ocrx_word' id='word_1_135' title='bbox 186 2223 250 2280; x_wconf 90' lang='lat' dir='ltr'><strong>suis</strong></span> <span class='ocrx_word' id='word_1_136' title='bbox 284 2221 449 2293; x_wconf 84' lang='lat' dir='ltr'><strong>magnifico</strong></span> <span class='ocrx_word' id='word_1_137' title='bbox 484 2222 553 2278; x_wconf 88' lang='lat' dir='ltr'><strong>viro</strong></span> <span class='ocrx_word' id='word_1_138' title='bbox 589 2222 715 2279; x_wconf 88' lang='lat' dir='ltr'><strong>domino</strong></span> <span class='ocrx_word' id='word_1_139' title='bbox 749 2222 875 2279; x_wconf 89' lang='lat' dir='ltr'><strong>Detrico</strong></span> <span class='ocrx_word' id='word_1_140' title='bbox 911 2215 1035 2293; x_wconf 77' lang='lat' dir='ltr'><strong>B&#39;wbek,</strong></span> <span class='ocrx_word' id='word_1_141' title='bbox 1059 2221 1144 2293; x_wconf 91' lang='lat' dir='ltr'><strong>regni</strong></span> <span class='ocrx_word' id='word_1_142' title='bbox 1168 2223 1267 2278; x_wconf 87' lang='lat' dir='ltr'><strong>nostri</strong></span> <span class='ocrx_word' id='word_1_143' title='bbox 1290 2221 1448 2279; x_wconf 86' lang='lat' dir='ltr'><strong>Sclauonie</strong></span> 
     </span>
     <span class='ocr_line' id='line_1_18' title="bbox 186 2327 1447 2386; baseline -0.002 -1"><span class='ocrx_word' id='word_1_144' title='bbox 186 2329 268 2386; x_wconf 91' lang='lat' dir='ltr'><strong>bano</strong></span> <span class='ocrx_word' id='word_1_145' title='bbox 292 2335 321 2386; x_wconf 92' lang='lat' dir='ltr'><strong>et</strong></span> <span class='ocrx_word' id='word_1_146' title='bbox 345 2329 495 2386; x_wconf 88' lang='lat' dir='ltr'><strong>vicebano</strong></span> <span class='ocrx_word' id='word_1_147' title='bbox 518 2328 656 2385; x_wconf 88' lang='lat' dir='ltr'><strong>eiusdem</strong></span> <span class='ocrx_word' id='word_1_148' title='bbox 682 2335 712 2385; x_wconf 94' lang='lat' dir='ltr'><strong>et</strong></span> <span class='ocrx_word' id='word_1_149' title='bbox 741 2327 930 2385; x_wconf 83' lang='lat' dir='ltr'><strong>officialibus</strong></span> <span class='ocrx_word' id='word_1_150' title='bbox 965 2327 1149 2384; x_wconf 85' lang='lat' dir='ltr'><strong>eorumdem</strong></span> <span class='ocrx_word' id='word_1_151' title='bbox 1180 2329 1212 2384; x_wconf 92' lang='lat' dir='ltr'><strong>in</strong></span> <span class='ocrx_word' id='word_1_152' title='bbox 1235 2328 1447 2385; x_wconf 90' lang='lat' dir='ltr'><strong>exaccionibus</strong></span> 
     </span>
     <span class='ocr_line' id='line_1_19' title="bbox 185 2432 1444 2507; baseline -0.001 -16"><span class='ocrx_word' id='word_1_153' title='bbox 185 2434 437 2491; x_wconf 90' lang='lat' dir='ltr'><strong>mardurinarum</strong></span> <span class='ocrx_word' id='word_1_154' title='bbox 467 2449 503 2491; x_wconf 93' lang='lat' dir='ltr'><strong>ac</strong></span> <span class='ocrx_word' id='word_1_155' title='bbox 533 2434 724 2491; x_wconf 91' lang='lat' dir='ltr'><strong>decimarum</strong></span> <span class='ocrx_word' id='word_1_156' title='bbox 760 2449 929 2507; x_wconf 86' lang='lat' dir='ltr'><strong>porcorum</strong></span> <span class='ocrx_word' id='word_1_157' title='bbox 959 2432 1208 2505; x_wconf 88' lang='lat' dir='ltr'><strong>procedentibus,</strong></span> <span class='ocrx_word' id='word_1_158' title='bbox 1240 2435 1356 2506; x_wconf 88' lang='lat' dir='ltr'><strong>quibus</strong></span> <span class='ocrx_word' id='word_1_159' title='bbox 1379 2448 1444 2506; x_wconf 93' lang='lat' dir='ltr'><strong>pre·</strong></span> 
     </span>
     <span class='ocr_line' id='line_1_20' title="bbox 185 2538 1443 2612; baseline -0.001 -15"><span class='ocrx_word' id='word_1_160' title='bbox 185 2548 286 2598; x_wconf 92' lang='lat' dir='ltr'><strong>sentes</strong></span> <span class='ocrx_word' id='word_1_161' title='bbox 310 2540 521 2610; x_wconf 91' lang='lat' dir='ltr'><strong>ostenduntur,</strong></span> <span class='ocrx_word' id='word_1_162' title='bbox 538 2541 670 2597; x_wconf 91' lang='lat' dir='ltr'><strong>salutern</strong></span> <span class='ocrx_word' id='word_1_163' title='bbox 696 2547 726 2597; x_wconf 93' lang='lat' dir='ltr'><strong>et</strong></span> <span class='ocrx_word' id='word_1_164' title='bbox 741 2541 887 2612; x_wconf 85' lang='lat' dir='ltr'><strong>graciam.</strong></span> <span class='ocrx_word' id='word_1_165' title='bbox 911 2540 945 2597; x_wconf 88' lang='lat' dir='ltr'><strong>ln</strong></span> <span class='ocrx_word' id='word_1_166' title='bbox 968 2540 1108 2612; x_wconf 88' lang='lat' dir='ltr'><strong>personis</strong></span> <span class='ocrx_word' id='word_1_167' title='bbox 1132 2540 1352 2597; x_wconf 90' lang='lat' dir='ltr'><strong>universorum</strong></span> <span class='ocrx_word' id='word_1_168' title='bbox 1374 2538 1443 2597; x_wconf 84' lang='lat' dir='ltr'><strong>lide·</strong></span> 
     </span>
     <span class='ocr_line' id='line_1_21' title="bbox 186 2646 1446 2720; baseline -0.002 -16"><span class='ocrx_word' id='word_1_169' title='bbox 186 2647 265 2704; x_wconf 90' lang='lat' dir='ltr'><strong>lium</strong></span> <span class='ocrx_word' id='word_1_170' title='bbox 290 2647 405 2704; x_wconf 90' lang='lat' dir='ltr'><strong>civium</strong></span> <span class='ocrx_word' id='word_1_171' title='bbox 430 2652 460 2703; x_wconf 91' lang='lat' dir='ltr'><strong>et</strong></span> <span class='ocrx_word' id='word_1_172' title='bbox 476 2648 634 2720; x_wconf 90' lang='lat' dir='ltr'><strong>hospitum</strong></span> <span class='ocrx_word' id='word_1_173' title='bbox 648 2656 825 2704; x_wconf 87' lang='lat' dir='ltr'><strong>nostrorum</strong></span> <span class='ocrx_word' id='word_1_174' title='bbox 839 2647 972 2704; x_wconf 87' lang='lat' dir='ltr'><strong>civitatis</strong></span> <span class='ocrx_word' id='word_1_175' title='bbox 993 2653 1097 2703; x_wconf 90' lang='lat' dir='ltr'><strong>nostre</strong></span> <span class='ocrx_word' id='word_1_176' title='bbox 1114 2646 1333 2716; x_wconf 85' lang='lat' dir='ltr'><strong>zagrabiensis‚</strong></span> <span class='ocrx_word' id='word_1_177' title='bbox 1349 2656 1446 2704; x_wconf 90' lang='lat' dir='ltr'><strong>nostre</strong></span> 
     </span>
     <span class='ocr_line' id='line_1_22' title="bbox 185 2749 1447 2826; baseline 0 -17"><span class='ocrx_word' id='word_1_178' title='bbox 185 2752 276 2810; x_wconf 91' lang='lat' dir='ltr'><strong>datur</strong></span> <span class='ocrx_word' id='word_1_179' title='bbox 307 2752 439 2824; x_wconf 90' lang='lat' dir='ltr'><strong>intelligi</strong></span> <span class='ocrx_word' id='word_1_180' title='bbox 472 2754 633 2822; x_wconf 88' lang='lat' dir='ltr'><strong>maiestati,</strong></span> <span class='ocrx_word' id='word_1_181' title='bbox 658 2752 816 2825; x_wconf 92' lang='lat' dir='ltr'><strong>quomodo</strong></span> <span class='ocrx_word' id='word_1_182' title='bbox 849 2768 905 2809; x_wconf 88' lang='lat' dir='ltr'><strong>vos</strong></span> <span class='ocrx_word' id='word_1_183' title='bbox 937 2768 1030 2826; x_wconf 88' lang='lat' dir='ltr'><strong>super</strong></span> <span class='ocrx_word' id='word_1_184' title='bbox 1054 2749 1233 2826; x_wconf 89' lang='lat' dir='ltr'><strong>jobagiones</strong></span> <span class='ocrx_word' id='word_1_185' title='bbox 1257 2753 1398 2826; x_wconf 88' lang='lat' dir='ltr'><strong>ipsorum</strong></span> <span class='ocrx_word' id='word_1_186' title='bbox 1420 2754 1447 2809; x_wconf 92' lang='lat' dir='ltr'><strong>in</strong></span> 
     </span>
     <span class='ocr_line' id='line_1_23' title="bbox 184 2859 1448 2932; baseline -0.002 -14"><span class='ocrx_word' id='word_1_187' title='bbox 184 2875 292 2918; x_wconf 92' lang='lat' dir='ltr'><strong>eorum</strong></span> <span class='ocrx_word' id='word_1_188' title='bbox 318 2860 531 2932; x_wconf 88' lang='lat' dir='ltr'><strong>posesionibus</strong></span> <span class='ocrx_word' id='word_1_189' title='bbox 549 2860 731 2931; x_wconf 80' lang='lat' dir='ltr'><strong>Petrowyna</strong></span> <span class='ocrx_word' id='word_1_190' title='bbox 747 2868 777 2916; x_wconf 91' lang='lat' dir='ltr'><strong>et</strong></span> <span class='ocrx_word' id='word_1_191' title='bbox 792 2859 950 2930; x_wconf 84' lang='lat' dir='ltr'><strong>llrazthya</strong></span> <span class='ocrx_word' id='word_1_192' title='bbox 974 2865 1210 2929; x_wconf 90' lang='lat' dir='ltr'><strong>commorantes,</strong></span> <span class='ocrx_word' id='word_1_193' title='bbox 1228 2874 1284 2931; x_wconf 93' lang='lat' dir='ltr'><strong>per</strong></span> <span class='ocrx_word' id='word_1_194' title='bbox 1306 2859 1448 2916; x_wconf 84' lang='lat' dir='ltr'><strong>illustris·</strong></span> 
     </span>
     <span class='ocr_line' id='line_1_24' title="bbox 184 2964 1444 3038; baseline 0.002 -17"><span class='ocrx_word' id='word_1_195' title='bbox 184 2965 296 3022; x_wconf 89' lang='lat' dir='ltr'><strong>simum</strong></span> <span class='ocrx_word' id='word_1_196' title='bbox 323 2966 497 3038; x_wconf 89' lang='lat' dir='ltr'><strong>principem</strong></span> <span class='ocrx_word' id='word_1_197' title='bbox 520 2964 681 3021; x_wconf 89' lang='lat' dir='ltr'><strong>dominum</strong></span> <span class='ocrx_word' id='word_1_198' title='bbox 706 2964 940 3037; x_wconf 74' lang='lat' dir='ltr'><strong>sigismundum</strong></span> <span class='ocrx_word' id='word_1_199' title='bbox 971 2979 1085 3035; x_wconf 89' lang='lat' dir='ltr'><strong>regem,</strong></span> <span class='ocrx_word' id='word_1_200' title='bbox 1109 2971 1284 3021; x_wconf 89' lang='lat' dir='ltr'><strong>consortem</strong></span> <span class='ocrx_word' id='word_1_201' title='bbox 1307 2977 1444 3023; x_wconf 80' lang='lat' dir='ltr'><strong>nostrum</strong></span> 
     </span>
     <span class='ocr_line' id='line_1_25' title="bbox 183 3070 1447 3144; baseline 0.001 -16"><span class='ocrx_word' id='word_1_202' title='bbox 183 3071 387 3137; x_wconf 88' lang='lat' dir='ltr'><strong>carissimum,</strong></span> <span class='ocrx_word' id='word_1_203' title='bbox 411 3085 468 3144; x_wconf 92' lang='lat' dir='ltr'><strong>pro</strong></span> <span class='ocrx_word' id='word_1_204' title='bbox 500 3085 608 3128; x_wconf 88' lang='lat' dir='ltr'><strong>eorum</strong></span> <span class='ocrx_word' id='word_1_205' title='bbox 640 3070 787 3128; x_wconf 84' lang='lat' dir='ltr'><strong>fidelibus</strong></span> <span class='ocrx_word' id='word_1_206' title='bbox 817 3072 954 3128; x_wconf 91' lang='lat' dir='ltr'><strong>serviciis</strong></span> <span class='ocrx_word' id='word_1_207' title='bbox 986 3079 1137 3144; x_wconf 89' lang='lat' dir='ltr'><strong>perpetuo</strong></span> <span class='ocrx_word' id='word_1_208' title='bbox 1169 3071 1244 3144; x_wconf 88' lang='lat' dir='ltr'><strong>ipsis</strong></span> <span class='ocrx_word' id='word_1_209' title='bbox 1273 3071 1395 3129; x_wconf 90' lang='lat' dir='ltr'><strong>donatis</strong></span> <span class='ocrx_word' id='word_1_210' title='bbox 1419 3079 1447 3129; x_wconf 91' lang='lat' dir='ltr'><strong>et</strong></span> 
     </span>
     <span class='ocr_line' id='line_1_26' title="bbox 183 3176 1445 3250; baseline 0.002 -18"><span class='ocrx_word' id='word_1_211' title='bbox 183 3177 315 3247; x_wconf 90' lang='lat' dir='ltr'><strong>collatis,</strong></span> <span class='ocrx_word' id='word_1_212' title='bbox 347 3176 542 3233; x_wconf 88' lang='lat' dir='ltr'><strong>mardurinas</strong></span> <span class='ocrx_word' id='word_1_213' title='bbox 566 3183 595 3232; x_wconf 88' lang='lat' dir='ltr'><strong>et</strong></span> <span class='ocrx_word' id='word_1_214' title='bbox 628 3176 765 3233; x_wconf 89' lang='lat' dir='ltr'><strong>decimas</strong></span> <span class='ocrx_word' id='word_1_215' title='bbox 795 3193 962 3250; x_wconf 89' lang='lat' dir='ltr'><strong>porcorum</strong></span> <span class='ocrx_word' id='word_1_216' title='bbox 996 3176 1098 3234; x_wconf 90' lang='lat' dir='ltr'><strong>dicare</strong></span> <span class='ocrx_word' id='word_1_217' title='bbox 1129 3184 1159 3233; x_wconf 91' lang='lat' dir='ltr'><strong>et</strong></span> <span class='ocrx_word' id='word_1_218' title='bbox 1190 3177 1273 3249; x_wconf 89' lang='lat' dir='ltr'><strong>exigi</strong></span> <span class='ocrx_word' id='word_1_219' title='bbox 1298 3176 1445 3249; x_wconf 80' lang='lat' dir='ltr'><strong>faceretis,</strong></span> 
     </span>
     <span class='ocr_line' id='line_1_27' title="bbox 183 3282 1447 3354; baseline 0.002 -15"><span class='ocrx_word' id='word_1_220' title='bbox 183 3297 255 3339; x_wconf 90' lang='lat' dir='ltr'><strong>curn</strong></span> <span class='ocrx_word' id='word_1_221' title='bbox 280 3289 391 3352; x_wconf 90' lang='lat' dir='ltr'><strong>tamen,</strong></span> <span class='ocrx_word' id='word_1_222' title='bbox 416 3293 449 3339; x_wconf 93' lang='lat' dir='ltr'><strong>ut</strong></span> <span class='ocrx_word' id='word_1_223' title='bbox 473 3288 577 3339; x_wconf 91' lang='lat' dir='ltr'><strong>nostre</strong></span> <span class='ocrx_word' id='word_1_224' title='bbox 602 3282 700 3339; x_wconf 81' lang='lat' dir='ltr'><strong>fertur</strong></span> <span class='ocrx_word' id='word_1_225' title='bbox 725 3284 885 3354; x_wconf 88' lang='lat' dir='ltr'><strong>maiestati,</strong></span> <span class='ocrx_word' id='word_1_226' title='bbox 911 3282 1088 3341; x_wconf 89' lang='lat' dir='ltr'><strong>huiusmodi</strong></span> <span class='ocrx_word' id='word_1_227' title='bbox 1112 3282 1285 3340; x_wconf 90' lang='lat' dir='ltr'><strong>dicaciones</strong></span> <span class='ocrx_word' id='word_1_228' title='bbox 1308 3289 1340 3341; x_wconf 89' lang='lat' dir='ltr'><strong>et</strong></span> <span class='ocrx_word' id='word_1_229' title='bbox 1363 3301 1447 3342; x_wconf 88' lang='lat' dir='ltr'><strong>exac-</strong></span> 
     </span>
     <span class='ocr_line' id='line_1_28' title="bbox 182 3389 1445 3465; baseline 0.002 -20"><span class='ocrx_word' id='word_1_230' title='bbox 182 3389 284 3445; x_wconf 90' lang='lat' dir='ltr'><strong>ciones</strong></span> <span class='ocrx_word' id='word_1_231' title='bbox 310 3389 375 3447; x_wconf 93' lang='lat' dir='ltr'><strong>ullo</strong></span> <span class='ocrx_word' id='word_1_232' title='bbox 398 3405 535 3461; x_wconf 91' lang='lat' dir='ltr'><strong>unquam</strong></span> <span class='ocrx_word' id='word_1_233' title='bbox 561 3398 701 3462; x_wconf 88' lang='lat' dir='ltr'><strong>ternpore</strong></span> <span class='ocrx_word' id='word_1_234' title='bbox 725 3406 819 3464; x_wconf 86' lang='lat' dir='ltr'><strong>super</strong></span> <span class='ocrx_word' id='word_1_235' title='bbox 843 3390 941 3448; x_wconf 87' lang='lat' dir='ltr'><strong>dictos</strong></span> <span class='ocrx_word' id='word_1_236' title='bbox 964 3389 1145 3465; x_wconf 84' lang='lat' dir='ltr'><strong>jobagiones</strong></span> <span class='ocrx_word' id='word_1_237' title='bbox 1170 3405 1279 3446; x_wconf 88' lang='lat' dir='ltr'><strong>eorum</strong></span> <span class='ocrx_word' id='word_1_238' title='bbox 1303 3391 1358 3448; x_wconf 89' lang='lat' dir='ltr'><strong>alii</strong></span> <span class='ocrx_word' id='word_1_239' title='bbox 1375 3391 1445 3448; x_wconf 90' lang='lat' dir='ltr'><strong>dicti</strong></span> 
     </span>
     <span class='ocr_line' id='line_1_29' title="bbox 180 3493 1445 3568; baseline -0.001 -16"><span class='ocrx_word' id='word_1_240' title='bbox 180 3496 267 3566; x_wconf 91' lang='lat' dir='ltr'><strong>regni</strong></span> <span class='ocrx_word' id='word_1_241' title='bbox 291 3496 386 3551; x_wconf 87' lang='lat' dir='ltr'><strong>nostri</strong></span> <span class='ocrx_word' id='word_1_242' title='bbox 410 3493 573 3552; x_wconf 88' lang='lat' dir='ltr'><strong>Sclauonie</strong></span> <span class='ocrx_word' id='word_1_243' title='bbox 599 3496 681 3568; x_wconf 89' lang='lat' dir='ltr'><strong>bani,</strong></span> <span class='ocrx_word' id='word_1_244' title='bbox 706 3495 939 3568; x_wconf 84' lang='lat' dir='ltr'><strong>predecessores</strong></span> <span class='ocrx_word' id='word_1_245' title='bbox 964 3496 1067 3566; x_wconf 88' lang='lat' dir='ltr'><strong>vestri,</strong></span> <span class='ocrx_word' id='word_1_246' title='bbox 1084 3495 1166 3566; x_wconf 84' lang='lat' dir='ltr'><strong>exigi</strong></span> <span class='ocrx_word' id='word_1_247' title='bbox 1191 3493 1293 3552; x_wconf 80' lang='lat' dir='ltr'><strong>iacere</strong></span> <span class='ocrx_word' id='word_1_248' title='bbox 1320 3495 1445 3554; x_wconf 86' lang='lat' dir='ltr'><strong>fuissent</strong></span> 
     </span>
     <span class='ocr_line' id='line_1_30' title="bbox 181 3600 1445 3674; baseline 0.002 -16"><span class='ocrx_word' id='word_1_249' title='bbox 181 3602 326 3658; x_wconf 88' lang='lat' dir='ltr'><strong>consveti.</strong></span> <span class='ocrx_word' id='word_1_250' title='bbox 351 3600 451 3674; x_wconf 88' lang='lat' dir='ltr'><strong>Super·</strong></span> <span class='ocrx_word' id='word_1_251' title='bbox 474 3616 536 3673; x_wconf 94' lang='lat' dir='ltr'><strong>quo</strong></span> <span class='ocrx_word' id='word_1_252' title='bbox 561 3611 662 3657; x_wconf 90' lang='lat' dir='ltr'><strong>vestre</strong></span> <span class='ocrx_word' id='word_1_253' title='bbox 686 3601 828 3658; x_wconf 84' lang='lat' dir='ltr'><strong>fidelitati</strong></span> <span class='ocrx_word' id='word_1_254' title='bbox 853 3601 945 3658; x_wconf 78' lang='lat' dir='ltr'><strong>firmo</strong></span> <span class='ocrx_word' id='word_1_255' title='bbox 969 3602 1079 3658; x_wconf 90' lang='lat' dir='ltr'><strong>damus</strong></span> <span class='ocrx_word' id='word_1_256' title='bbox 1102 3602 1232 3673; x_wconf 91' lang='lat' dir='ltr'><strong>reginali</strong></span> <span class='ocrx_word' id='word_1_257' title='bbox 1255 3603 1315 3659; x_wconf 92' lang='lat' dir='ltr'><strong>sub</strong></span> <span class='ocrx_word' id='word_1_258' title='bbox 1340 3602 1445 3671; x_wconf 89' lang='lat' dir='ltr'><strong>edicto,</strong></span> 
     </span>
     <span class='ocr_line' id='line_1_31' title="bbox 181 3707 1445 3784; baseline 0.003 -22"><span class='ocrx_word' id='word_1_259' title='bbox 181 3714 331 3779; x_wconf 93' lang='lat' dir='ltr'><strong>quatenus</strong></span> <span class='ocrx_word' id='word_1_260' title='bbox 356 3708 429 3764; x_wconf 89' lang='lat' dir='ltr'><strong>visis</strong></span> <span class='ocrx_word' id='word_1_261' title='bbox 465 3708 670 3779; x_wconf 83' lang='lat' dir='ltr'><strong>presentibus,</strong></span> <span class='ocrx_word' id='word_1_262' title='bbox 696 3709 850 3780; x_wconf 88' lang='lat' dir='ltr'><strong>rebusque</strong></span> <span class='ocrx_word' id='word_1_263' title='bbox 874 3710 916 3765; x_wconf 90' lang='lat' dir='ltr'><strong>sic</strong></span> <span class='ocrx_word' id='word_1_264' title='bbox 940 3724 972 3764; x_wconf 88' lang='lat' dir='ltr'><strong>se</strong></span> <span class='ocrx_word' id='word_1_265' title='bbox 995 3709 1182 3765; x_wconf 89' lang='lat' dir='ltr'><strong>habentibus</strong></span> <span class='ocrx_word' id='word_1_266' title='bbox 1207 3707 1306 3766; x_wconf 92' lang='lat' dir='ltr'><strong>dictos</strong></span> <span class='ocrx_word' id='word_1_267' title='bbox 1329 3708 1445 3784; x_wconf 87' lang='lat' dir='ltr'><strong>jobagi-</strong></span> 
     </span>
     <span class='ocr_line' id='line_1_32' title="bbox 180 3814 1445 3887; baseline 0.006 -20"><span class='ocrx_word' id='word_1_268' title='bbox 180 3827 253 3868; x_wconf 89' lang='lat' dir='ltr'><strong>ones</strong></span> <span class='ocrx_word' id='word_1_269' title='bbox 279 3821 522 3869; x_wconf 89' lang='lat' dir='ltr'><strong>memoratorum</strong></span> <span class='ocrx_word' id='word_1_270' title='bbox 546 3814 661 3870; x_wconf 88' lang='lat' dir='ltr'><strong>civium</strong></span> <span class='ocrx_word' id='word_1_271' title='bbox 687 3822 716 3869; x_wconf 88' lang='lat' dir='ltr'><strong>et</strong></span> <span class='ocrx_word' id='word_1_272' title='bbox 739 3815 898 3887; x_wconf 90' lang='lat' dir='ltr'><strong>hospitum</strong></span> <span class='ocrx_word' id='word_1_273' title='bbox 922 3823 1100 3872; x_wconf 90' lang='lat' dir='ltr'><strong>nostrorum</strong></span> <span class='ocrx_word' id='word_1_274' title='bbox 1126 3815 1165 3871; x_wconf 90' lang='lat' dir='ltr'><strong>ad</strong></span> <span class='ocrx_word' id='word_1_275' title='bbox 1188 3815 1364 3874; x_wconf 88' lang='lat' dir='ltr'><strong>soluciones</strong></span> <span class='ocrx_word' id='word_1_276' title='bbox 1387 3816 1445 3874; x_wconf 91' lang='lat' dir='ltr'><strong>dic·</strong></span> 
     </span>
     <span class='ocr_line' id='line_1_33' title="bbox 182 3914 1446 3997; baseline 0.006 -24"><span class='ocrx_word' id='word_1_277' title='bbox 182 3923 284 3974; x_wconf 87' lang='lat' dir='ltr'><strong>tarum</strong></span> <span class='ocrx_word' id='word_1_278' title='bbox 310 3918 560 3976; x_wconf 90' lang='lat' dir='ltr'><strong>mardurinarum</strong></span> <span class='ocrx_word' id='word_1_279' title='bbox 585 3930 614 3977; x_wconf 92' lang='lat' dir='ltr'><strong>et</strong></span> <span class='ocrx_word' id='word_1_280' title='bbox 639 3920 831 3977; x_wconf 90' lang='lat' dir='ltr'><strong>decimarum</strong></span> <span class='ocrx_word' id='word_1_281' title='bbox 848 3914 1041 3997; x_wconf 88' lang='lat' dir='ltr'><strong>(porcorum)</strong></span> <span class='ocrx_word' id='word_1_282' title='bbox 1065 3921 1242 3994; x_wconf 89' lang='lat' dir='ltr'><strong>compelere</strong></span> <span class='ocrx_word' id='word_1_283' title='bbox 1266 3937 1320 3979; x_wconf 90' lang='lat' dir='ltr'><strong>seu</strong></span> <span class='ocrx_word' id='word_1_284' title='bbox 1338 3924 1446 3996; x_wconf 89' lang='lat' dir='ltr'><strong>quovis</strong></span> 
     </span>
     <span class='ocr_line' id='line_1_34' title="bbox 181 4022 1445 4099; baseline 0.005 -20"><span class='ocrx_word' id='word_1_285' title='bbox 181 4022 276 4079; x_wconf 92' lang='lat' dir='ltr'><strong>modo</strong></span> <span class='ocrx_word' id='word_1_286' title='bbox 306 4026 474 4096; x_wconf 89' lang='lat' dir='ltr'><strong>astringere</strong></span> <span class='ocrx_word' id='word_1_287' title='bbox 500 4041 555 4097; x_wconf 89' lang='lat' dir='ltr'><strong>per</strong></span> <span class='ocrx_word' id='word_1_288' title='bbox 579 4027 716 4097; x_wconf 90' lang='lat' dir='ltr'><strong>amplius</strong></span> <span class='ocrx_word' id='word_1_289' title='bbox 740 4041 800 4082; x_wconf 92' lang='lat' dir='ltr'><strong>non</strong></span> <span class='ocrx_word' id='word_1_290' title='bbox 827 4028 1070 4099; x_wconf 89' lang='lat' dir='ltr'><strong>presumpmatis</strong></span> <span class='ocrx_word' id='word_1_291' title='bbox 1094 4042 1150 4083; x_wconf 92' lang='lat' dir='ltr'><strong>nec</strong></span> <span class='ocrx_word' id='word_1_292' title='bbox 1173 4027 1239 4084; x_wconf 93' lang='lat' dir='ltr'><strong>sitis</strong></span> <span class='ocrx_word' id='word_1_293' title='bbox 1262 4029 1330 4086; x_wconf 90' lang='lat' dir='ltr'><strong>ausi</strong></span> <span class='ocrx_word' id='word_1_294' title='bbox 1354 4028 1445 4087; x_wconf 90' lang='lat' dir='ltr'><strong>modo</strong></span> 
     </span>
     <span class='ocr_line' id='line_1_35' title="bbox 179 4128 1444 4210; baseline 0.006 -25"><span class='ocrx_word' id='word_1_295' title='bbox 179 4128 317 4201; x_wconf 85' lang='lat' dir='ltr'><strong>aliquali.</strong></span> <span class='ocrx_word' id='word_1_296' title='bbox 342 4130 378 4185; x_wconf 87' lang='lat' dir='ltr'><strong>Et</strong></span> <span class='ocrx_word' id='word_1_297' title='bbox 402 4132 459 4187; x_wconf 89' lang='lat' dir='ltr'><strong>hoc</strong></span> <span class='ocrx_word' id='word_1_298' title='bbox 485 4131 567 4188; x_wconf 86' lang='lat' dir='ltr'><strong>idem</strong></span> <span class='ocrx_word' id='word_1_299' title='bbox 593 4132 704 4188; x_wconf 85' lang='lat' dir='ltr'><strong>suturis</strong></span> <span class='ocrx_word' id='word_1_300' title='bbox 736 4133 824 4189; x_wconf 85' lang='lat' dir='ltr'><strong>banis</strong></span> <span class='ocrx_word' id='word_1_301' title='bbox 848 4141 878 4190; x_wconf 92' lang='lat' dir='ltr'><strong>et</strong></span> <span class='ocrx_word' id='word_1_302' title='bbox 903 4134 1059 4189; x_wconf 90' lang='lat' dir='ltr'><strong>vicebanis</strong></span> <span class='ocrx_word' id='word_1_303' title='bbox 1084 4141 1114 4189; x_wconf 89' lang='lat' dir='ltr'><strong>et</strong></span> <span class='ocrx_word' id='word_1_304' title='bbox 1135 4131 1326 4192; x_wconf 84' lang='lat' dir='ltr'><strong>officialibus</strong></span> <span class='ocrx_word' id='word_1_305' title='bbox 1349 4134 1444 4210; x_wconf 90' lang='lat' dir='ltr'><strong>injun-</strong></span> 
     </span>
    </p>
   </div>
   <div class='ocr_carea' id='block_1_3' title="bbox 88 4233 1445 4312">
    <p class='ocr_par' dir='ltr' id='par_1_3' title="bbox 88 4233 1445 4312">
     <span class='ocr_line' id='line_1_36' title="bbox 88 4233 1445 4312; baseline 0.007 -23"><span class='ocrx_word' id='word_1_306' title='bbox 88 4259 93 4272; x_wconf 93' lang='lat'>·</span> <span class='ocrx_word' id='word_1_307' title='bbox 178 4233 289 4305; x_wconf 86' lang='lat' dir='ltr'><strong>gimus,</strong></span> <span class='ocrx_word' id='word_1_308' title='bbox 322 4236 428 4293; x_wconf 86' lang='lat' dir='ltr'><strong>dantes</strong></span> <span class='ocrx_word' id='word_1_309' title='bbox 460 4238 535 4310; x_wconf 89' lang='lat' dir='ltr'><strong>ipsis</strong></span> <span class='ocrx_word' id='word_1_310' title='bbox 571 4239 670 4295; x_wconf 84' lang='lat' dir='ltr'><strong>firmis</strong></span> <span class='ocrx_word' id='word_1_311' title='bbox 701 4240 858 4296; x_wconf 88' lang='lat' dir='ltr'><strong>similibus</strong></span> <span class='ocrx_word' id='word_1_312' title='bbox 891 4241 950 4296; x_wconf 92' lang='lat' dir='ltr'><strong>sub</strong></span> <span class='ocrx_word' id='word_1_313' title='bbox 974 4239 1136 4312; x_wconf 91' lang='lat' dir='ltr'><strong>preceptis.</strong></span> <span class='ocrx_word' id='word_1_314' title='bbox 1160 4239 1320 4298; x_wconf 87' lang='lat' dir='ltr'><strong>Presentes</strong></span> <span class='ocrx_word' id='word_1_315' title='bbox 1344 4248 1445 4300; x_wconf 89' lang='lat' dir='ltr'><strong>autem</strong></span> 
     </span>
    </p>
   </div>
   <div class='ocr_carea' id='block_1_4' title="bbox 176 4341 1445 4738">
    <p class='ocr_par' dir='ltr' id='par_1_4' title="bbox 176 4341 1445 4738">
     <span class='ocr_line' id='line_1_37' title="bbox 178 4341 1444 4420; baseline 0.006 -24"><span class='ocrx_word' id='word_1_316' title='bbox 178 4347 250 4413; x_wconf 92' lang='lat' dir='ltr'><strong>post</strong></span> <span class='ocrx_word' id='word_1_317' title='bbox 286 4341 444 4413; x_wconf 90' lang='lat' dir='ltr'><strong>lecturam,</strong></span> <span class='ocrx_word' id='word_1_318' title='bbox 480 4360 604 4417; x_wconf 85' lang='lat' dir='ltr'><strong>semper</strong></span> <span class='ocrx_word' id='word_1_319' title='bbox 636 4345 724 4402; x_wconf 90' lang='lat' dir='ltr'><strong>reddi</strong></span> <span class='ocrx_word' id='word_1_320' title='bbox 758 4344 903 4420; x_wconf 84' lang='lat' dir='ltr'><strong>jubemus</strong></span> <span class='ocrx_word' id='word_1_321' title='bbox 939 4346 1113 4417; x_wconf 88' lang='lat' dir='ltr'><strong>presentati.</strong></span> <span class='ocrx_word' id='word_1_322' title='bbox 1148 4345 1265 4403; x_wconf 87' lang='lat' dir='ltr'><strong>Datum</strong></span> <span class='ocrx_word' id='word_1_323' title='bbox 1289 4347 1321 4404; x_wconf 92' lang='lat' dir='ltr'><strong>in</strong></span> <span class='ocrx_word' id='word_1_324' title='bbox 1345 4346 1444 4405; x_wconf 84' lang='lat' dir='ltr'><strong>Zakan</strong></span> 
     </span>
     <span class='ocr_line' id='line_1_38' title="bbox 178 4447 1444 4525; baseline 0.008 -23"><span class='ocrx_word' id='word_1_325' title='bbox 178 4448 273 4503; x_wconf 91' lang='lat' dir='ltr'><strong>tercio</strong></span> <span class='ocrx_word' id='word_1_326' title='bbox 297 4447 346 4505; x_wconf 89' lang='lat' dir='ltr'><strong>die</strong></span> <span class='ocrx_word' id='word_1_327' title='bbox 371 4448 439 4506; x_wconf 85' lang='lat' dir='ltr'><strong>testi</strong></span> <span class='ocrx_word' id='word_1_328' title='bbox 471 4451 554 4507; x_wconf 89' lang='lat' dir='ltr'><strong>beati</strong></span> <span class='ocrx_word' id='word_1_329' title='bbox 578 4452 737 4509; x_wconf 85' lang='lat' dir='ltr'><strong>Ambrosii</strong></span> <span class='ocrx_word' id='word_1_330' title='bbox 760 4453 906 4525; x_wconf 90' lang='lat' dir='ltr'><strong>episcopi.</strong></span> <span class='ocrx_word' id='word_1_331' title='bbox 933 4455 1022 4509; x_wconf 84' lang='lat' dir='ltr'><strong>Anno</strong></span> <span class='ocrx_word' id='word_1_332' title='bbox 1047 4450 1166 4508; x_wconf 89' lang='lat' dir='ltr'><strong>domini</strong></span> <span class='ocrx_word' id='word_1_333' title='bbox 1190 4452 1361 4511; x_wconf 89' lang='lat' dir='ltr'><strong>millesimo</strong></span> <span class='ocrx_word' id='word_1_334' title='bbox 1386 4461 1444 4511; x_wconf 91' lang='lat' dir='ltr'><strong>ter·</strong></span> 
     </span>
     <span class='ocr_line' id='line_1_39' title="bbox 179 4550 1445 4634; baseline 0.007 -25"><span class='ocrx_word' id='word_1_335' title='bbox 179 4554 347 4611; x_wconf 90' lang='lat' dir='ltr'><strong>centesimo</strong></span> <span class='ocrx_word' id='word_1_336' title='bbox 377 4557 577 4628; x_wconf 88' lang='lat' dir='ltr'><strong>nonagesimo</strong></span> <span class='ocrx_word' id='word_1_337' title='bbox 609 4557 720 4631; x_wconf 72' lang='lat' dir='ltr'><strong>primo,</strong></span> <span class='ocrx_word' id='word_1_338' title='bbox 735 4550 756 4634; x_wconf 86' lang='lat'><strong>¹)</strong></span> <span class='ocrx_word' id='word_1_339' title='bbox 780 4558 887 4616; x_wconf 89' lang='lat' dir='ltr'><strong>Tercie</strong></span> <span class='ocrx_word' id='word_1_340' title='bbox 910 4574 1024 4630; x_wconf 91' lang='lat' dir='ltr'><strong>nempe</strong></span> <span class='ocrx_word' id='word_1_341' title='bbox 1058 4559 1209 4632; x_wconf 90' lang='lat' dir='ltr'><strong>ipsarum,</strong></span> <span class='ocrx_word' id='word_1_342' title='bbox 1230 4559 1350 4618; x_wconf 90' lang='lat' dir='ltr'><strong>scilicet</strong></span> <span class='ocrx_word' id='word_1_343' title='bbox 1373 4559 1445 4618; x_wconf 90' lang='lat' dir='ltr'><strong>dicti</strong></span> 
     </span>
     <span class='ocr_line' id='line_1_40' title="bbox 176 4655 1444 4738; baseline 0.009 -25"><span class='ocrx_word' id='word_1_344' title='bbox 176 4655 295 4715; x_wconf 90' lang='lat' dir='ltr'><strong>domini</strong></span> <span class='ocrx_word' id='word_1_345' title='bbox 325 4658 515 4731; x_wconf 90' lang='lat' dir='ltr'><strong>Sigismundi</strong></span> <span class='ocrx_word' id='word_1_346' title='bbox 546 4664 626 4734; x_wconf 88' lang='lat' dir='ltr'><strong>regis</strong></span> <span class='ocrx_word' id='word_1_347' title='bbox 657 4664 758 4721; x_wconf 91' lang='lat' dir='ltr'><strong>littere</strong></span> <span class='ocrx_word' id='word_1_348' title='bbox 789 4665 929 4738; x_wconf 88' lang='lat' dir='ltr'><strong>patentis,</strong></span> <span class='ocrx_word' id='word_1_349' title='bbox 953 4665 1058 4735; x_wconf 86' lang='lat' dir='ltr'><strong>sigillo</strong></span> <span class='ocrx_word' id='word_1_350' title='bbox 1089 4665 1229 4723; x_wconf 89' lang='lat' dir='ltr'><strong>eiusdem</strong></span> <span class='ocrx_word' id='word_1_351' title='bbox 1252 4665 1284 4724; x_wconf 91' lang='lat' dir='ltr'><strong>in</strong></span> <span class='ocrx_word' id='word_1_352' title='bbox 1307 4665 1444 4725; x_wconf 76' lang='lat' dir='ltr'><strong>inferiori</strong></span> 
     </span>
    </p>
   </div>
   <div class='ocr_carea' id='block_1_5' title="bbox 283 4881 835 4955">
    <p class='ocr_par' dir='ltr' id='par_1_5' title="bbox 283 4881 835 4955">
     <span class='ocr_line' id='line_1_41' title="bbox 283 4881 835 4955; baseline 0.018 -22"><span class='ocrx_word' id='word_1_353' title='bbox 283 4881 305 4949; x_wconf 84' lang='lat'><strong>¹)</strong></span> <span class='ocrx_word' id='word_1_354' title='bbox 325 4885 387 4936; x_wconf 90' lang='lat' dir='ltr'><strong>Vid.</strong></span> <span class='ocrx_word' id='word_1_355' title='bbox 406 4884 467 4940; x_wconf 86' lang='lat' dir='ltr'><strong>Vol.</strong></span> <span class='ocrx_word' id='word_1_356' title='bbox 491 4900 512 4938; x_wconf 91' lang='lat'><strong>1.</strong></span> <span class='ocrx_word' id='word_1_357' title='bbox 532 4889 596 4940; x_wconf 88' lang='lat' dir='ltr'><strong>Doc.</strong></span> <span class='ocrx_word' id='word_1_358' title='bbox 617 4902 675 4952; x_wconf 86' lang='lat'>344.</span> <span class='ocrx_word' id='word_1_359' title='bbox 696 4906 753 4955; x_wconf 77' lang='lat' dir='ltr'><strong>pag.</strong></span> <span class='ocrx_word' id='word_1_360' title='bbox 776 4903 835 4953; x_wconf 84' lang='lat'>319.</span> 
     </span>
    </p>
   </div>
   <div class='ocr_carea' id='block_1_6' title="bbox 0 0 1644 5348">
    <p class='ocr_par' dir='ltr' id='par_1_6' title="bbox 0 0 1644 5348">
     <span class='ocr_line' id='line_1_42' title="bbox 0 0 1644 5348; baseline 0 3"><span class='ocrx_word' id='word_1_361' title='bbox 0 0 1644 5348; x_wconf 95' lang='lat' dir='ltr'><strong> </strong></span> 
     </span>
    </p>
   </div>
  </div>
 </body>
</html>
