3278 5348
253 403 314 448 rao
672 383 745 441 Dec.
767 395 819 460 94
839 414 879 425 -
905 382 962 441 An.
987 375 1078 458 1436.

248 608 327 665 ante.
350 599 502 676 Quocirca
525 599 616 657 vobis
639 600 802 660 nobilibus
825 596 980 658 Pelbardo
1004 595 1042 657 de
1065 596 1247 670 Vergnoucz
1270 611 1307 654 ac
1323 595 1428 654 Blasio
1450 595 1519 654 lite·

248 713 317 770 rato
338 708 376 766 de
399 708 500 768 Tbesa
522 713 552 765 et
575 705 672 765 Paulo
696 705 733 764 de
757 704 931 765 Azthalnok
953 704 1032 763 serie
1047 703 1242 778 presencium
1265 702 1400 762 firmiter
1421 703 1520 777 preci·

248 816 363 890 pimus,
387 818 560 888 quantenus
583 813 706 872 nullum
730 829 768 871 ex
792 812 914 871 civibus
945 815 976 869 et
1008 810 1185 885 hospitibus
1222 809 1358 868 civitatis
1380 807 1521 882 predicte

253 922 377 983 racione
399 919 588 979 residuitatis
611 919 692 977 dicte
714 925 786 978 taxe
808 918 984 994 pecuniario
1006 933 1064 991 per
1097 916 1182 991 ipsos
1212 914 1360 986 nondum,
1392 921 1427 973 ut
1449 931 1522 990 pre·

253 1027 351 1089 fertur
375 1026 524 1096 exsolute,
547 1026 708 1101 impedire,
731 1032 785 1084 aut
808 1038 884 1084 vero
906 1023 1097 1083 solucionem
1121 1021 1260 1081 eiusdem
1283 1020 1456 1094 astringere
1491 1027 1523 1079 et

249 1133 440 1208 compellere
473 1131 612 1191 audeatis
645 1147 745 1205 neque
778 1130 1000 1205 presummatis
1034 1127 1130 1187 modo
1160 1127 1301 1201 aliquali,
1323 1125 1420 1185 Secus
1456 1142 1519 1186 non

251 1238 362 1300 facturi
386 1238 424 1295 de
446 1237 615 1312 premissis.
639 1236 835 1295 Presentibus
859 1235 1004 1311 perlectis
1028 1234 1187 1293 exhibenti
1209 1232 1367 1292 restitutis.
1399 1233 1518 1292 Datum

250 1347 282 1405 in
304 1346 450 1408 Draselez
484 1341 561 1402 feria
580 1343 688 1417 quinta
709 1344 853 1418 proxima
877 1348 949 1417 post
972 1341 1087 1402 testum
1102 1341 1191 1399 beate
1206 1339 1364 1399 Dorothee
1379 1339 1520 1413 virginis

250 1452 340 1511 Anno
363 1451 482 1510 domini
504 1449 674 1508 millesimo
697 1449 936 1508 ccccxxxvi

366 1585 500 1651 Originale
518 1586 546 1636 in
564 1584 659 1636 charta.
678 1583 798 1649 Sigillum
817 1584 978 1652 impressum.
1008 1584 1040 1633 In
1058 1582 1139 1635 arhiv.
1159 1580 1220 1634 incl.
1238 1580 1322 1634 Acad.
1336 1580 1435 1631 Scient.
1448 1579 1520 1634 slav.

249 1675 340 1729 mend,

852 1851 918 1918 94.

356 2012 436 2062 Auno
457 2012 531 2075 1436,
554 2024 593 2061 12.
613 2011 743 2064 februarii.
762 2010 910 2074 Zagrabiae.

250 2140 412 2199 Exactores
435 2147 523 2197 taxat
544 2139 702 2213 imperialis
723 2139 917 2196 restaurarem
941 2144 1032 2196 taxat
1047 2137 1218 2211 praedictae
1247 2135 1282 2210 (i.
1313 2154 1337 2192 e.
1361 2147 1412 2214 54
1435 2135 1522 2212 flor.)

214 2273 223 2281 ··
253 2247 451 2307 communitati
481 2246 607 2304 civitatis
641 2246 743 2302 nectitis
784 2244 934 2303 Greccncis
963 2243 1132 2317 exigendam
1161 2251 1191 2302 et
1218 2229 1312 2300 debita
1339 2242 1520 2313 victualium,

248 2370 323 2429 quae
345 2336 452 2410 Petras
479 2351 608 2409 Talortac
641 2369 703 2408 cum
726 2370 782 2410 sua
796 2349 922 2434 familia
945 2352 976 2407 in
998 2349 1100 2409 eadem
1124 2348 1238 2408 cecitate
1252 2349 1379 2424 fecisset,
1400 2367 1522 2408 cornm-

401 2459 490 2516 nitati
509 2457 709 2515 exsolvendam
732 2476 790 2515 sese
812 2457 1029 2516 commisissem
1045 2457 1163 2530 publr‘co
1175 2455 1365 2531 profitentur.

355 2618 418 2693 Nos
452 2619 626 2693 capitulum
661 2619 788 2678 ecclesie
823 2619 1041 2693 zagrabiensis.
1075 2618 1225 2678 Memorie
1261 2608 1522 2677 commendamus
1555 2604 1558 2609 ’

248 2741 306 2801 per
327 2731 493 2801 presentes,
517 2725 600 2798 quod
624 2741 696 2783 cum
718 2740 774 2784 nos
797 2725 838 2783 ad
861 2726 1026 2784 instantem
1058 2730 1088 2784 et
1122 2725 1309 2798 legittimam
1332 2724 1522 2798 peticionem

248 2830 368 2909 iudicis,
390 2831 564 2915 juratorum
588 2848 624 2890 ac
647 2833 745 2891 tocius
777 2832 1008 2891 communitatis
1028 2832 1162 2891 civitatis
1184 2831 1299 2891 montis
1324 2830 1521 2903 Grechensis,

249 2939 449 2997 honorabiles
473 2941 565 3010 viros,
590 2940 755 3012 magistros
778 2940 977 2997 Franciscum
1003 2944 1032 2997 et
1055 2940 1228 3010 Vrbanum,
1252 2938 1331 2997 duos
1356 2955 1396 2997 ex
1429 2939 1521 2997 nobis

248 3045 348 3102 socios
371 3053 400 3101 et
424 3046 645 3103 concanonicos
669 3050 791 3102 nostros
815 3044 854 3102 ad
887 3045 1103 3120 iniracriptam
1135 3038 1302 3104 tassionem
1330 3044 1521 3104 audiendam

248 3155 278 3208 et
312 3150 350 3207 ad
387 3152 487 3224 ipsam
520 3152 678 3208 civitatem
711 3151 824 3209 montis
858 3151 1043 3211 Grechensis
1082 3153 1235 3226 legittime
1269 3151 1519 3223 destinassemus,

249 3256 372 3314 tandem
397 3257 491 3314 iidem
516 3257 626 3315 exinde
657 3256 696 3314 ad
721 3271 776 3314 nos
799 3260 917 3317 reversi
948 3260 1038 3319 nobis
1062 3259 1256 3318 concorditer
1286 3258 1461 3319 retulerunt
1484 3274 1521 3317 eo

248 3360 359 3421 modo:
384 3362 563 3434 quodcum
589 3365 648 3438 ipsi
671 3365 815 3422 hesterno
845 3364 894 3422 die
918 3365 957 3422 ad
993 3366 1094 3440 ipsam
1129 3366 1288 3423 civitatem
1320 3365 1360 3423 ad
1395 3366 1521 3424 nobiles

248 3466 333 3525 viros
358 3466 504 3525 videlicet
536 3469 718 3526 Pelbartum
753 3470 926 3543 predialem
963 3472 1001 3530 de
1036 3471 1285 3530 Gessazentiwan
1314 3476 1345 3530 et
1378 3471 1520 3531 Blasium

248 3573 429 3644 litteratum,
454 3573 604 3632 dicatores
629 3583 658 3633 et
689 3582 846 3634 exactores
870 3582 940 3634 taxe
963 3578 1135 3651 imperialis
1159 3578 1328 3636 maiestatis
1352 3594 1410 3652 per
1433 3595 1520 3653 egre·

246 3678 334 3752 glum
357 3678 519 3736 dominum
536 3681 660 3737 Petrum
678 3682 716 3738 de
732 3682 924 3755 Thalloweh,
940 3685 1182 3756 gubernatorem
1198 3685 1395 3759 episcopatus
1413 3700 1521 3759 zagra·

247 3785 362 3843 biensis
385 3792 414 3842 et
438 3785 475 3841 ad
500 3786 601 3858 ipsam
625 3787 814 3844 dicacionem
839 3796 868 3846 et
899 3792 1095 3848 exaccionem
1119 3792 1216 3864 ipsius
1246 3795 1316 3849 taxe
1353 3790 1519 3865 deputatos

247 3894 454 3964 accessissent,
477 3899 548 3949 tunc
573 3895 631 3966 ipsi
665 3895 827 3952 Pelbartus
857 3904 886 3954 et
910 3897 1029 3955 Blasius
1059 3898 1223 3972 litteratus,
1246 3905 1389 3972 presente
1411 3898 1520 3958 multi·

248 3998 354 4056 tudine
371 4000 486 4057 civium
507 3999 697 4071 eorumdem,
722 4000 752 4057 id
770 4000 843 4060 fassi
859 4004 1036 4075 extitissent,
1053 4003 1212 4076 quomodo
1227 3996 1287 4078 ipsi
1302 4003 1518 4065 residuitatem

247 4109 318 4162 taxe
341 4105 488 4179 predicte,
514 4122 608 4178 quarn
633 4106 777 4164 dixerunt
807 4125 839 4165 se
863 4110 1026 4168 extendere
1060 4110 1099 4168 ad
1131 4110 1263 4169 florenos
1292 4111 1519 4185 quinquaginta

248 4215 279 4268 et
301 4217 434 4284 quatuor
458 4229 529 4269 eum
553 4212 657 4270 medio
682 4213 796 4271 floreno
819 4216 895 4285 auri,
930 4232 1024 4289 quam
1057 4217 1117 4290 ipsi
1151 4217 1290 4274 nondum
1325 4233 1364 4275 ex
1392 4219 1520 4278 excissis

247 4316 308 4377 sibi
331 4318 452 4389 exigere
476 4333 536 4375 non
561 4320 738 4389 valuissent,
763 4320 879 4378 eisdem
903 4319 1006 4397 judici,
1037 4321 1147 4398 juratis
1178 4329 1208 4381 et
1241 4324 1363 4382 civibus
1392 4340 1429 4383 ac
1462 4327 1520 4387 toti

246 4426 462 4483 communitati
485 4424 565 4483 dicte
589 4427 721 4485 civitatis
748 4428 870 4500 exigere
893 4434 922 4484 et
945 4428 1050 4487 debita
1073 4430 1267 4505 victualium,
1291 4446 1352 4504 que
1375 4431 1520 4505 prefatus

248 4528 392 4588 dominus
416 4531 523 4589 Petrus
547 4530 586 4590 de
608 4533 791 4591 Thallowch
816 4549 887 4590 cum
911 4550 966 4591 sua
983 4535 1103 4594 familia
1118 4537 1150 4595 in
1174 4534 1256 4595 dicta
1278 4536 1406 4595 civitate
1429 4536 1521 4599 fecis·

249 4640 304 4708 set,
338 4637 499 4695 exsolvere
533 4638 738 4707 comisissent;
768 4645 798 4697 et
821 4639 969 4698 dixissent
1000 4642 1126 4716 insuper
1159 4642 1256 4701 iidem
1291 4642 1458 4702 Pelbartus
1488 4650 1521 4706 et

248 4741 370 4800 Blasius
394 4742 556 4815 litteratus,
581 4744 734 4802 dicatores
755 4746 935 4818 supradicti,
959 4747 1042 4821 quod
1076 4749 1136 4822 ipsi
1170 4749 1234 4806 iam
1257 4748 1430 4809 secundum
1461 4766 1520 4811 vas

246 4849 312 4908 vini
334 4848 457 4908 Andree
479 4850 642 4924 Friglimel
666 4852 742 4909 civis
766 4852 846 4910 dicte
871 4855 1012 4926 civitatis,
1049 4870 1142 4928 quem
1166 4855 1226 4929 ipsi
1250 4855 1394 4917 dicebant
1431 4872 1465 4916 se
1501 4875 1521 4918 a
