<?xml version="1.0" encoding="UTF-8"?>
<!DOCTYPE html PUBLIC "-//W3C//DTD XHTML 1.0 Transitional//EN"
    "http://www.w3.org/TR/xhtml1/DTD/xhtml1-transitional.dtd">
<html xmlns="http://www.w3.org/1999/xhtml" xml:lang="en" lang="en">
 <head>
  <title>
</title>
<meta http-equiv="Content-Type" content="text/html;charset=utf-8" />
  <meta name='ocr-system' content='tesseract 3.04.00' />
  <meta name='ocr-capabilities' content='ocr_page ocr_carea ocr_par ocr_line ocrx_word'/>
</head>
<body>
  <div class='ocr_page' id='page_1' title='image "./monumentahistor01laszgoog_0290.png"; bbox 0 0 3278 5348; ppageno 0'>
   <div class='ocr_carea' id='block_1_1' title="bbox 181 374 1011 458">
    <p class='ocr_par' dir='ltr' id='par_1_1' title="bbox 181 374 1011 458">
     <span class='ocr_line' id='line_1_1' title="bbox 181 374 1011 458; baseline -0.005 -17"><span class='ocrx_word' id='word_1_1' title='bbox 181 399 221 458; x_wconf 83' lang='lat'>24</span> <span class='ocrx_word' id='word_1_2' title='bbox 604 380 680 438; x_wconf 80' lang='lat' dir='ltr'>Dec.</span> <span class='ocrx_word' id='word_1_3' title='bbox 703 376 754 437; x_wconf 83' lang='lat'>26.</span> <span class='ocrx_word' id='word_1_4' title='bbox 776 413 817 423; x_wconf 96' lang='lat'>—</span> <span class='ocrx_word' id='word_1_5' title='bbox 841 378 898 438; x_wconf 83' lang='lat' dir='ltr'>An.</span> <span class='ocrx_word' id='word_1_6' title='bbox 920 374 1011 458; x_wconf 73' lang='lat'><em>1418.</em></span> 
     </span>
    </p>
   </div>
   <div class='ocr_carea' id='block_1_2' title="bbox 180 595 1452 2048">
    <p class='ocr_par' dir='ltr' id='par_1_2' title="bbox 180 595 1452 2048">
     <span class='ocr_line' id='line_1_2' title="bbox 181 595 1452 668; baseline 0 -14"><span class='ocrx_word' id='word_1_7' title='bbox 181 596 264 666; x_wconf 90' lang='lat' dir='ltr'>rarii,</span> <span class='ocrx_word' id='word_1_8' title='bbox 288 611 406 653; x_wconf 86' lang='lat' dir='ltr'>necnon</span> <span class='ocrx_word' id='word_1_9' title='bbox 428 596 575 653; x_wconf 87' lang='lat' dir='ltr'>Bohemie</span> <span class='ocrx_word' id='word_1_10' title='bbox 599 603 629 654; x_wconf 93' lang='lat' dir='ltr'>et</span> <span class='ocrx_word' id='word_1_11' title='bbox 651 596 932 668; x_wconf 88' lang='lat' dir='ltr'>Lucemburgensis</span> <span class='ocrx_word' id='word_1_12' title='bbox 954 595 1086 668; x_wconf 90' lang='lat' dir='ltr'>heredis,</span> <span class='ocrx_word' id='word_1_13' title='bbox 1110 595 1229 655; x_wconf 89' lang='lat' dir='ltr'>domini</span> <span class='ocrx_word' id='word_1_14' title='bbox 1259 597 1359 655; x_wconf 86' lang='lat' dir='ltr'>nostri</span> <span class='ocrx_word' id='word_1_15' title='bbox 1392 611 1452 654; x_wconf 88' lang='lat' dir='ltr'>na-</span> 
     </span>
     <span class='ocr_line' id='line_1_3' title="bbox 181 702 1447 776; baseline 0.002 -17"><span class='ocrx_word' id='word_1_16' title='bbox 181 702 300 773; x_wconf 91' lang='lat' dir='ltr'>turalis,</span> <span class='ocrx_word' id='word_1_17' title='bbox 335 702 551 774; x_wconf 89' lang='lat' dir='ltr'>subsequentis</span> <span class='ocrx_word' id='word_1_18' title='bbox 586 704 709 774; x_wconf 88' lang='lat' dir='ltr'>tenoris,</span> <span class='ocrx_word' id='word_1_19' title='bbox 733 702 868 776; x_wconf 90' lang='lat' dir='ltr'>duplicis</span> <span class='ocrx_word' id='word_1_20' title='bbox 902 703 1048 760; x_wconf 85' lang='lat' dir='ltr'>autentici</span> <span class='ocrx_word' id='word_1_21' title='bbox 1070 702 1232 776; x_wconf 91' lang='lat' dir='ltr'>pendentis</span> <span class='ocrx_word' id='word_1_22' title='bbox 1265 703 1364 776; x_wconf 87' lang='lat' dir='ltr'>sigilli</span> <span class='ocrx_word' id='word_1_23' title='bbox 1389 719 1447 761; x_wconf 91' lang='lat' dir='ltr'>sue</span> 
     </span>
     <span class='ocr_line' id='line_1_4' title="bbox 181 808 1445 882; baseline 0.001 -16"><span class='ocrx_word' id='word_1_24' title='bbox 181 809 349 866; x_wconf 87' lang='lat' dir='ltr'>maiestatis</span> <span class='ocrx_word' id='word_1_25' title='bbox 374 808 545 865; x_wconf 89' lang='lat' dir='ltr'>munimine</span> <span class='ocrx_word' id='word_1_26' title='bbox 568 809 759 879; x_wconf 89' lang='lat' dir='ltr'>roboratum,</span> <span class='ocrx_word' id='word_1_27' title='bbox 783 814 922 882; x_wconf 90' lang='lat' dir='ltr'>petentes</span> <span class='ocrx_word' id='word_1_28' title='bbox 945 823 1001 866; x_wconf 94' lang='lat' dir='ltr'>nos</span> <span class='ocrx_word' id='word_1_29' title='bbox 1025 825 1153 882; x_wconf 89' lang='lat' dir='ltr'>precum</span> <span class='ocrx_word' id='word_1_30' title='bbox 1183 825 1255 867; x_wconf 89' lang='lat' dir='ltr'>curn</span> <span class='ocrx_word' id='word_1_31' title='bbox 1287 810 1445 874; x_wconf 85' lang='lat' dir='ltr'>instancia,</span> 
     </span>
     <span class='ocr_line' id='line_1_5' title="bbox 180 913 1447 988; baseline 0 -17"><span class='ocrx_word' id='word_1_32' title='bbox 180 920 213 971; x_wconf 92' lang='lat' dir='ltr'>ut</span> <span class='ocrx_word' id='word_1_33' title='bbox 237 920 374 971; x_wconf 91' lang='lat' dir='ltr'>tenorem</span> <span class='ocrx_word' id='word_1_34' title='bbox 400 913 538 970; x_wconf 90' lang='lat' dir='ltr'>eiusdem</span> <span class='ocrx_word' id='word_1_35' title='bbox 563 914 720 987; x_wconf 89' lang='lat' dir='ltr'>privilegii</span> <span class='ocrx_word' id='word_1_36' title='bbox 743 916 774 972; x_wconf 94' lang='lat' dir='ltr'>in</span> <span class='ocrx_word' id='word_1_37' title='bbox 799 915 984 988; x_wconf 90' lang='lat' dir='ltr'>transcripto</span> <span class='ocrx_word' id='word_1_38' title='bbox 1000 914 1176 973; x_wconf 90' lang='lat' dir='ltr'>litterarum</span> <span class='ocrx_word' id='word_1_39' title='bbox 1192 921 1372 973; x_wconf 87' lang='lat' dir='ltr'>nostrarum</span> <span class='ocrx_word' id='word_1_40' title='bbox 1388 915 1447 973; x_wconf 91' lang='lat' dir='ltr'>sub</span> 
     </span>
     <span class='ocr_line' id='line_1_6' title="bbox 181 1019 1448 1092; baseline 0 -15"><span class='ocrx_word' id='word_1_41' title='bbox 181 1021 279 1077; x_wconf 85' lang='lat' dir='ltr'>nostri</span> <span class='ocrx_word' id='word_1_42' title='bbox 300 1019 397 1091; x_wconf 88' lang='lat' dir='ltr'>sigilli</span> <span class='ocrx_word' id='word_1_43' title='bbox 420 1021 609 1092; x_wconf 89' lang='lat' dir='ltr'>appensione</span> <span class='ocrx_word' id='word_1_44' title='bbox 633 1020 749 1077; x_wconf 92' lang='lat' dir='ltr'>eisdem</span> <span class='ocrx_word' id='word_1_45' title='bbox 775 1020 922 1078; x_wconf 84' lang='lat' dir='ltr'>daremus</span> <span class='ocrx_word' id='word_1_46' title='bbox 946 1020 988 1078; x_wconf 94' lang='lat' dir='ltr'>ob</span> <span class='ocrx_word' id='word_1_47' title='bbox 1011 1020 1186 1078; x_wconf 87' lang='lat' dir='ltr'>remedium</span> <span class='ocrx_word' id='word_1_48' title='bbox 1218 1021 1339 1079; x_wconf 91' lang='lat' dir='ltr'>cautele</span> <span class='ocrx_word' id='word_1_49' title='bbox 1369 1021 1448 1078; x_wconf 89' lang='lat' dir='ltr'>ube·</span> 
     </span>
     <span class='ocr_line' id='line_1_7' title="bbox 181 1125 1448 1200; baseline 0 -15"><span class='ocrx_word' id='word_1_50' title='bbox 181 1127 279 1185; x_wconf 89' lang='lat' dir='ltr'>rioris.</span> <span class='ocrx_word' id='word_1_51' title='bbox 303 1125 527 1198; x_wconf 90' lang='lat' dir='ltr'>Cuiusquidem</span> <span class='ocrx_word' id='word_1_52' title='bbox 551 1127 709 1199; x_wconf 87' lang='lat' dir='ltr'>privilegii</span> <span class='ocrx_word' id='word_1_53' title='bbox 733 1136 821 1185; x_wconf 91' lang='lat' dir='ltr'>tenor</span> <span class='ocrx_word' id='word_1_54' title='bbox 851 1131 991 1199; x_wconf 83' lang='lat' dir='ltr'>sequitur</span> <span class='ocrx_word' id='word_1_55' title='bbox 1021 1143 1078 1200; x_wconf 90' lang='lat' dir='ltr'>per</span> <span class='ocrx_word' id='word_1_56' title='bbox 1108 1127 1212 1185; x_wconf 91' lang='lat' dir='ltr'>omnia</span> <span class='ocrx_word' id='word_1_57' title='bbox 1236 1131 1265 1183; x_wconf 93' lang='lat' dir='ltr'>et</span> <span class='ocrx_word' id='word_1_58' title='bbox 1287 1131 1335 1183; x_wconf 89' lang='lat' dir='ltr'>est</span> <span class='ocrx_word' id='word_1_59' title='bbox 1358 1127 1448 1185; x_wconf 90' lang='lat' dir='ltr'>talis:</span> 
     </span>
     <span class='ocr_line' id='line_1_8' title="bbox 182 1225 1449 1311; baseline 0.002 -23"><span class='ocrx_word' id='word_1_60' title='bbox 182 1230 266 1311; x_wconf 88' lang='lat' dir='ltr'>(vide</span> <span class='ocrx_word' id='word_1_61' title='bbox 300 1232 375 1288; x_wconf 90' lang='lat' dir='ltr'>Doc.</span> <span class='ocrx_word' id='word_1_62' title='bbox 410 1246 458 1288; x_wconf 86' lang='lat' dir='ltr'>ro.</span> <span class='ocrx_word' id='word_1_63' title='bbox 495 1247 574 1289; x_wconf 91' lang='lat' dir='ltr'>anno</span> <span class='ocrx_word' id='word_1_64' title='bbox 613 1231 704 1307; x_wconf 87' lang='lat'>1406,</span> <span class='ocrx_word' id='word_1_65' title='bbox 743 1249 790 1291; x_wconf 80' lang='grc' dir='ltr'>ιο.</span> <span class='ocrx_word' id='word_1_66' title='bbox 824 1225 976 1309; x_wconf 84' lang='lat' dir='ltr'>januarii).</span> <span class='ocrx_word' id='word_1_67' title='bbox 1016 1232 1080 1290; x_wconf 91' lang='lat' dir='ltr'>Nos</span> <span class='ocrx_word' id='word_1_68' title='bbox 1114 1233 1210 1305; x_wconf 86' lang='lat' dir='ltr'>igitur</span> <span class='ocrx_word' id='word_1_69' title='bbox 1240 1233 1449 1306; x_wconf 87' lang='lat' dir='ltr'>peticionibus</span> 
     </span>
     <span class='ocr_line' id='line_1_9' title="bbox 183 1338 1446 1413; baseline 0.001 -17"><span class='ocrx_word' id='word_1_70' title='bbox 183 1338 363 1396; x_wconf 88' lang='lat' dir='ltr'>eorumdem</span> <span class='ocrx_word' id='word_1_71' title='bbox 389 1338 486 1410; x_wconf 91' lang='lat' dir='ltr'>ipsius</span> <span class='ocrx_word' id='word_1_72' title='bbox 511 1339 668 1412; x_wconf 91' lang='lat' dir='ltr'>privilegii</span> <span class='ocrx_word' id='word_1_73' title='bbox 693 1339 910 1396; x_wconf 89' lang='lat' dir='ltr'>exhibencium</span> <span class='ocrx_word' id='word_1_74' title='bbox 933 1343 1111 1409; x_wconf 86' lang='lat' dir='ltr'>annuentes,</span> <span class='ocrx_word' id='word_1_75' title='bbox 1148 1338 1325 1412; x_wconf 91' lang='lat' dir='ltr'>predictum</span> <span class='ocrx_word' id='word_1_76' title='bbox 1348 1339 1446 1413; x_wconf 86' lang='lat' dir='ltr'>privi-</span> 
     </span>
     <span class='ocr_line' id='line_1_10' title="bbox 183 1443 1449 1517; baseline 0.001 -16"><span class='ocrx_word' id='word_1_77' title='bbox 183 1445 301 1516; x_wconf 91' lang='lat' dir='ltr'>legium</span> <span class='ocrx_word' id='word_1_78' title='bbox 325 1443 363 1500; x_wconf 93' lang='lat' dir='ltr'>de</span> <span class='ocrx_word' id='word_1_79' title='bbox 386 1444 484 1501; x_wconf 89' lang='lat' dir='ltr'>verbo</span> <span class='ocrx_word' id='word_1_80' title='bbox 506 1444 544 1501; x_wconf 87' lang='lat' dir='ltr'>ad</span> <span class='ocrx_word' id='word_1_81' title='bbox 569 1446 702 1502; x_wconf 90' lang='lat' dir='ltr'>verbum</span> <span class='ocrx_word' id='word_1_82' title='bbox 726 1446 890 1502; x_wconf 87' lang='lat' dir='ltr'>transcribi</span> <span class='ocrx_word' id='word_1_83' title='bbox 914 1451 944 1502; x_wconf 91' lang='lat' dir='ltr'>et</span> <span class='ocrx_word' id='word_1_84' title='bbox 965 1445 1151 1503; x_wconf 90' lang='lat' dir='ltr'>transummi</span> <span class='ocrx_word' id='word_1_85' title='bbox 1166 1444 1312 1503; x_wconf 81' lang='lat' dir='ltr'>iacientes</span> <span class='ocrx_word' id='word_1_86' title='bbox 1329 1445 1449 1517; x_wconf 90' lang='lat' dir='ltr'>absque</span> 
     </span>
     <span class='ocr_line' id='line_1_11' title="bbox 183 1549 1449 1625; baseline 0 -18"><span class='ocrx_word' id='word_1_87' title='bbox 183 1554 349 1621; x_wconf 86' lang='lat' dir='ltr'>augmento</span> <span class='ocrx_word' id='word_1_88' title='bbox 365 1555 394 1606; x_wconf 94' lang='lat' dir='ltr'>et</span> <span class='ocrx_word' id='word_1_89' title='bbox 410 1549 617 1607; x_wconf 89' lang='lat' dir='ltr'>diminucione</span> <span class='ocrx_word' id='word_1_90' title='bbox 630 1551 768 1623; x_wconf 87' lang='lat' dir='ltr'>aliquali,</span> <span class='ocrx_word' id='word_1_91' title='bbox 781 1552 1001 1625; x_wconf 86' lang='lat' dir='ltr'>transcriptum</span> <span class='ocrx_word' id='word_1_92' title='bbox 1020 1556 1050 1609; x_wconf 92' lang='lat' dir='ltr'>et</span> <span class='ocrx_word' id='word_1_93' title='bbox 1062 1556 1292 1625; x_wconf 89' lang='lat' dir='ltr'>transumptum</span> <span class='ocrx_word' id='word_1_94' title='bbox 1309 1549 1449 1608; x_wconf 90' lang='lat' dir='ltr'>eiusdem</span> 
     </span>
     <span class='ocr_line' id='line_1_12' title="bbox 183 1655 1450 1729; baseline 0 -16"><span class='ocrx_word' id='word_1_95' title='bbox 183 1656 242 1713; x_wconf 91' lang='lat' dir='ltr'>sub</span> <span class='ocrx_word' id='word_1_96' title='bbox 266 1656 363 1712; x_wconf 91' lang='lat' dir='ltr'>nostri</span> <span class='ocrx_word' id='word_1_97' title='bbox 385 1655 481 1728; x_wconf 85' lang='lat' dir='ltr'>sigilli</span> <span class='ocrx_word' id='word_1_98' title='bbox 504 1657 693 1729; x_wconf 91' lang='lat' dir='ltr'>appensione</span> <span class='ocrx_word' id='word_1_99' title='bbox 716 1657 833 1714; x_wconf 90' lang='lat' dir='ltr'>eisdem</span> <span class='ocrx_word' id='word_1_100' title='bbox 857 1657 1002 1715; x_wconf 90' lang='lat' dir='ltr'>duximus</span> <span class='ocrx_word' id='word_1_101' title='bbox 1031 1656 1271 1727; x_wconf 89' lang='lat' dir='ltr'>concedendum,</span> <span class='ocrx_word' id='word_1_102' title='bbox 1288 1657 1405 1714; x_wconf 88' lang='lat' dir='ltr'>nostris</span> <span class='ocrx_word' id='word_1_103' title='bbox 1420 1660 1450 1713; x_wconf 91' lang='lat' dir='ltr'>et</span> 
     </span>
     <span class='ocr_line' id='line_1_13' title="bbox 184 1759 1450 1837; baseline 0 -18"><span class='ocrx_word' id='word_1_104' title='bbox 184 1762 311 1821; x_wconf 88' lang='lat' dir='ltr'>ecclesie</span> <span class='ocrx_word' id='word_1_105' title='bbox 347 1769 449 1819; x_wconf 91' lang='lat' dir='ltr'>nostre</span> <span class='ocrx_word' id='word_1_106' title='bbox 475 1759 597 1837; x_wconf 90' lang='lat' dir='ltr'>juribus</span> <span class='ocrx_word' id='word_1_107' title='bbox 623 1763 719 1820; x_wconf 86' lang='lat' dir='ltr'>salvis</span> <span class='ocrx_word' id='word_1_108' title='bbox 753 1764 992 1821; x_wconf 88' lang='lat' dir='ltr'>remanentibus.</span> <span class='ocrx_word' id='word_1_109' title='bbox 1033 1763 1148 1823; x_wconf 89' lang='lat' dir='ltr'>Datum</span> <span class='ocrx_word' id='word_1_110' title='bbox 1176 1763 1206 1820; x_wconf 93' lang='lat' dir='ltr'>in</span> <span class='ocrx_word' id='word_1_111' title='bbox 1229 1761 1310 1820; x_wconf 83' lang='lat' dir='ltr'>festo</span> <span class='ocrx_word' id='word_1_112' title='bbox 1326 1760 1450 1819; x_wconf 83' lang='lat' dir='ltr'>Exalia-</span> 
     </span>
     <span class='ocr_line' id='line_1_14' title="bbox 185 1867 1450 1943; baseline -0.001 -17"><span class='ocrx_word' id='word_1_113' title='bbox 185 1869 281 1926; x_wconf 91' lang='lat' dir='ltr'>cionis</span> <span class='ocrx_word' id='word_1_114' title='bbox 298 1874 401 1926; x_wconf 89' lang='lat' dir='ltr'>sancte</span> <span class='ocrx_word' id='word_1_115' title='bbox 417 1869 525 1925; x_wconf 92' lang='lat' dir='ltr'>crucis.</span> <span class='ocrx_word' id='word_1_116' title='bbox 551 1871 641 1926; x_wconf 86' lang='lat' dir='ltr'>Anno</span> <span class='ocrx_word' id='word_1_117' title='bbox 665 1869 783 1927; x_wconf 91' lang='lat' dir='ltr'>domini</span> <span class='ocrx_word' id='word_1_118' title='bbox 807 1869 975 1927; x_wconf 91' lang='lat' dir='ltr'>millesimo</span> <span class='ocrx_word' id='word_1_119' title='bbox 999 1869 1304 1943; x_wconf 86' lang='lat' dir='ltr'>quadringentesimo</span> <span class='ocrx_word' id='word_1_120' title='bbox 1329 1867 1450 1925; x_wconf 90' lang='lat' dir='ltr'>decimo</span> 
     </span>
     <span class='ocr_line' id='line_1_15' title="bbox 183 1974 990 2048; baseline 0 -17"><span class='ocrx_word' id='word_1_121' title='bbox 183 1975 325 2048; x_wconf 88' lang='lat' dir='ltr'>septimo.</span> <span class='ocrx_word' id='word_1_122' title='bbox 986 1974 990 1979; x_wconf 84' lang='grc'><strong>’</strong></span> 
     </span>
    </p>
   </div>
   <div class='ocr_carea' id='block_1_3' title="bbox 184 2126 1451 2281">
    <p class='ocr_par' dir='ltr' id='par_1_3' title="bbox 184 2126 1451 2281">
     <span class='ocr_line' id='line_1_16' title="bbox 290 2126 1451 2194; baseline 0.002 -20"><span class='ocrx_word' id='word_1_123' title='bbox 290 2126 424 2190; x_wconf 87' lang='lat' dir='ltr'>Originale</span> <span class='ocrx_word' id='word_1_124' title='bbox 443 2128 470 2176; x_wconf 93' lang='lat' dir='ltr'>in</span> <span class='ocrx_word' id='word_1_125' title='bbox 495 2129 650 2181; x_wconf 84' lang='lat' dir='ltr'>membrana.</span> <span class='ocrx_word' id='word_1_126' title='bbox 678 2133 709 2178; x_wconf 93' lang='lat' dir='ltr'>In</span> <span class='ocrx_word' id='word_1_127' title='bbox 736 2130 851 2193; x_wconf 86' lang='lat' dir='ltr'>margine</span> <span class='ocrx_word' id='word_1_128' title='bbox 877 2130 992 2179; x_wconf 83' lang='lat' dir='ltr'>inferiori</span> <span class='ocrx_word' id='word_1_129' title='bbox 1010 2130 1140 2194; x_wconf 87' lang='lat' dir='ltr'>appendet</span> <span class='ocrx_word' id='word_1_130' title='bbox 1159 2143 1223 2178; x_wconf 84' lang='lat' dir='ltr'>zona</span> <span class='ocrx_word' id='word_1_131' title='bbox 1240 2127 1340 2177; x_wconf 82' lang='lat' dir='ltr'>sericea</span> <span class='ocrx_word' id='word_1_132' title='bbox 1358 2127 1451 2178; x_wconf 87' lang='lat' dir='ltr'>coloris</span> 
     </span>
     <span class='ocr_line' id='line_1_17' title="bbox 184 2215 1062 2281; baseline 0.002 -16"><span class='ocrx_word' id='word_1_133' title='bbox 184 2216 254 2266; x_wconf 87' lang='lat' dir='ltr'>rubri</span> <span class='ocrx_word' id='word_1_134' title='bbox 274 2216 371 2278; x_wconf 87' lang='lat' dir='ltr'>absque</span> <span class='ocrx_word' id='word_1_135' title='bbox 391 2215 484 2278; x_wconf 88' lang='lat' dir='ltr'>sigillo.</span> <span class='ocrx_word' id='word_1_136' title='bbox 505 2218 536 2264; x_wconf 91' lang='lat' dir='ltr'>In</span> <span class='ocrx_word' id='word_1_137' title='bbox 554 2217 659 2265; x_wconf 88' lang='lat' dir='ltr'>archivo</span> <span class='ocrx_word' id='word_1_138' title='bbox 677 2218 722 2266; x_wconf 91' lang='lat' dir='ltr'>lib.</span> <span class='ocrx_word' id='word_1_139' title='bbox 742 2235 794 2281; x_wconf 88' lang='lat' dir='ltr'>reg.</span> <span class='ocrx_word' id='word_1_140' title='bbox 814 2219 862 2268; x_wconf 89' lang='lat' dir='ltr'>civ.</span> <span class='ocrx_word' id='word_1_141' title='bbox 881 2218 1062 2280; x_wconf 84' lang='lat' dir='ltr'>zagrabiensis.</span> 
     </span>
    </p>
   </div>
   <div class='ocr_carea' id='block_1_4' title="bbox 790 2519 848 2584">
    <p class='ocr_par' dir='ltr' id='par_1_4' title="bbox 790 2519 848 2584">
     <span class='ocr_line' id='line_1_18' title="bbox 790 2519 848 2584; baseline -0.034 0"><span class='ocrx_word' id='word_1_142' title='bbox 790 2519 848 2584; x_wconf 84' lang='lat'>26.</span> 
     </span>
    </p>
   </div>
   <div class='ocr_carea' id='block_1_5' title="bbox 292 2679 782 2745">
    <p class='ocr_par' dir='ltr' id='par_1_5' title="bbox 292 2679 782 2745">
     <span class='ocr_line' id='line_1_19' title="bbox 292 2679 782 2745; baseline -0.006 -13"><span class='ocrx_word' id='word_1_143' title='bbox 292 2685 372 2732; x_wconf 82' lang='lat' dir='ltr'>Anno</span> <span class='ocrx_word' id='word_1_144' title='bbox 395 2684 469 2744; x_wconf 80' lang='lat'>1418,</span> <span class='ocrx_word' id='word_1_145' title='bbox 489 2682 539 2742; x_wconf 76' lang='lat'><strong>(28.</strong></span> <span class='ocrx_word' id='word_1_146' title='bbox 557 2679 665 2745; x_wconf 82' lang='lat' dir='ltr'>Junii?).</span> <span class='ocrx_word' id='word_1_147' title='bbox 684 2680 782 2730; x_wconf 90' lang='lat' dir='ltr'>Budae.</span> 
     </span>
    </p>
   </div>
   <div class='ocr_carea' id='block_1_6' title="bbox 186 2842 1455 3025">
    <p class='ocr_par' dir='ltr' id='par_1_6' title="bbox 186 2842 1455 3025">
     <span class='ocr_line' id='line_1_20' title="bbox 186 2842 1455 2917; baseline -0.004 -14"><span class='ocrx_word' id='word_1_148' title='bbox 186 2847 293 2903; x_wconf 69' lang='lat' dir='ltr'>Petras·</span> <span class='ocrx_word' id='word_1_149' title='bbox 315 2847 435 2917; x_wconf 71' lang='lat' dir='ltr'>dorgac&#39;</span> <span class='ocrx_word' id='word_1_150' title='bbox 454 2846 591 2917; x_wconf 67' lang='lat' dir='ltr'>mqqr&#39;slcr</span> <span class='ocrx_word' id='word_1_151' title='bbox 611 2844 708 2900; x_wconf 78' lang='lat' dir='ltr'>curiae</span> <span class='ocrx_word' id='word_1_152' title='bbox 731 2844 879 2915; x_wconf 77' lang='lat' dir='ltr'>reginalrs,</span> <span class='ocrx_word' id='word_1_153' title='bbox 914 2843 971 2899; x_wconf 84' lang='lat' dir='ltr'>sibi</span> <span class='ocrx_word' id='word_1_154' title='bbox 998 2842 1232 2900; x_wconf 66' lang='lat' dir='ltr'>anniversariam</span> <span class='ocrx_word' id='word_1_155' title='bbox 1260 2858 1377 2898; x_wconf 84' lang='lat' dir='ltr'>censum</span> <span class='ocrx_word' id='word_1_156' title='bbox 1402 2858 1455 2898; x_wconf 83' lang='lat' dir='ltr'>sex</span> 
     </span>
     <span class='ocr_line' id='line_1_21' title="bbox 187 2946 1452 3025; baseline -0.004 -16"><span class='ocrx_word' id='word_1_157' title='bbox 187 2953 250 3018; x_wconf 75' lang='lat' dir='ltr'>fior.</span> <span class='ocrx_word' id='word_1_158' title='bbox 268 2962 326 3025; x_wconf 75' lang='lat' dir='ltr'>pro</span> <span class='ocrx_word' id='word_1_159' title='bbox 347 2959 454 3009; x_wconf 79' lang='lat' dir='ltr'>centum</span> <span class='ocrx_word' id='word_1_160' title='bbox 478 2970 497 3006; x_wconf 83' lang='lat' dir='ltr'>a</span> <span class='ocrx_word' id='word_1_161' title='bbox 520 2952 717 3007; x_wconf 61' lang='lat' dir='ltr'>conmemorare</span> <span class='ocrx_word' id='word_1_162' title='bbox 739 2951 840 3006; x_wconf 76' lang='lat' dir='ltr'>trientis</span> <span class='ocrx_word' id='word_1_163' title='bbox 869 2948 1026 3009; x_wconf 84' lang='lat' dir='ltr'>Grncettsrs</span> <span class='ocrx_word' id='word_1_164' title='bbox 1048 2949 1169 3005; x_wconf 83' lang='lat' dir='ltr'>solutum</span> <span class='ocrx_word' id='word_1_165' title='bbox 1192 2965 1250 3004; x_wconf 82' lang='lat' dir='ltr'>esse</span> <span class='ocrx_word' id='word_1_166' title='bbox 1273 2946 1452 3022; x_wconf 69' lang='lat' dir='ltr'>testificatur.</span> 
     </span>
    </p>
   </div>
   <div class='ocr_carea' id='block_1_7' title="bbox 188 3159 1457 4518">
    <p class='ocr_par' dir='ltr' id='par_1_7' title="bbox 188 3159 1457 4518">
     <span class='ocr_line' id='line_1_22' title="bbox 293 3159 1455 3236; baseline -0.003 -14"><span class='ocrx_word' id='word_1_167' title='bbox 293 3166 356 3222; x_wconf 88' lang='lat' dir='ltr'>Nos</span> <span class='ocrx_word' id='word_1_168' title='bbox 380 3165 487 3221; x_wconf 89' lang='lat' dir='ltr'>Petrus</span> <span class='ocrx_word' id='word_1_169' title='bbox 510 3165 649 3236; x_wconf 88' lang='lat' dir='ltr'>Forgach</span> <span class='ocrx_word' id='word_1_170' title='bbox 673 3163 711 3220; x_wconf 90' lang='lat' dir='ltr'>de</span> <span class='ocrx_word' id='word_1_171' title='bbox 734 3163 880 3236; x_wconf 89' lang='lat' dir='ltr'>Ghymes,</span> <span class='ocrx_word' id='word_1_172' title='bbox 904 3163 1053 3235; x_wconf 89' lang='lat' dir='ltr'>magister</span> <span class='ocrx_word' id='word_1_173' title='bbox 1075 3163 1158 3221; x_wconf 92' lang='lat' dir='ltr'>curie</span> <span class='ocrx_word' id='word_1_174' title='bbox 1181 3159 1329 3234; x_wconf 87' lang='lat' dir='ltr'>reginalis</span> <span class='ocrx_word' id='word_1_175' title='bbox 1343 3161 1455 3220; x_wconf 88' lang='lat' dir='ltr'>maies-</span> 
     </span>
     <span class='ocr_line' id='line_1_23' title="bbox 188 3268 1456 3344; baseline -0.003 -14"><span class='ocrx_word' id='word_1_176' title='bbox 188 3275 259 3330; x_wconf 84' lang='lat' dir='ltr'>tatis</span> <span class='ocrx_word' id='word_1_177' title='bbox 283 3281 312 3328; x_wconf 90' lang='lat' dir='ltr'>et</span> <span class='ocrx_word' id='word_1_178' title='bbox 336 3285 439 3327; x_wconf 90' lang='lat' dir='ltr'>comes</span> <span class='ocrx_word' id='word_1_179' title='bbox 464 3271 625 3328; x_wconf 90' lang='lat' dir='ltr'>nitriensis.</span> <span class='ocrx_word' id='word_1_180' title='bbox 650 3271 798 3328; x_wconf 88' lang='lat' dir='ltr'>Memorie</span> <span class='ocrx_word' id='word_1_181' title='bbox 822 3268 1086 3340; x_wconf 90' lang='lat' dir='ltr'>commendamus,</span> <span class='ocrx_word' id='word_1_182' title='bbox 1110 3268 1195 3344; x_wconf 91' lang='lat' dir='ltr'>quod</span> <span class='ocrx_word' id='word_1_183' title='bbox 1217 3282 1274 3325; x_wconf 93' lang='lat' dir='ltr'>nos</span> <span class='ocrx_word' id='word_1_184' title='bbox 1290 3282 1308 3324; x_wconf 93' lang='lat' dir='ltr'>a</span> <span class='ocrx_word' id='word_1_185' title='bbox 1323 3268 1456 3326; x_wconf 88' lang='lat' dir='ltr'>circum·</span> 
     </span>
     <span class='ocr_line' id='line_1_24' title="bbox 188 3374 1449 3459; baseline -0.004 -23"><span class='ocrx_word' id='word_1_186' title='bbox 188 3379 301 3452; x_wconf 89' lang='lat' dir='ltr'>spectis</span> <span class='ocrx_word' id='word_1_187' title='bbox 331 3383 361 3433; x_wconf 93' lang='lat' dir='ltr'>et</span> <span class='ocrx_word' id='word_1_188' title='bbox 396 3375 536 3449; x_wconf 88' lang='lat' dir='ltr'>providis</span> <span class='ocrx_word' id='word_1_189' title='bbox 571 3377 647 3433; x_wconf 89' lang='lat' dir='ltr'>viris</span> <span class='ocrx_word' id='word_1_190' title='bbox 680 3377 829 3459; x_wconf 86' lang='lat' dir='ltr'>Johanne‚</span> <span class='ocrx_word' id='word_1_191' title='bbox 865 3376 944 3432; x_wconf 88' lang='lat' dir='ltr'>Bozo</span> <span class='ocrx_word' id='word_1_192' title='bbox 979 3375 1070 3445; x_wconf 91' lang='lat' dir='ltr'>dicto,</span> <span class='ocrx_word' id='word_1_193' title='bbox 1105 3390 1141 3433; x_wconf 92' lang='lat' dir='ltr'>ac</span> <span class='ocrx_word' id='word_1_194' title='bbox 1175 3374 1273 3432; x_wconf 92' lang='lat' dir='ltr'>eciam</span> <span class='ocrx_word' id='word_1_195' title='bbox 1297 3374 1449 3447; x_wconf 87' lang='lat' dir='ltr'>magistro</span> 
     </span>
     <span class='ocr_line' id='line_1_25' title="bbox 189 3474 1455 3563; baseline -0.002 -23"><span class='ocrx_word' id='word_1_196' title='bbox 189 3480 338 3563; x_wconf 82' lang='lat' dir='ltr'>(Fabiano</span> <span class='ocrx_word' id='word_1_197' title='bbox 362 3497 420 3555; x_wconf 91' lang='lat' dir='ltr'>pro</span> <span class='ocrx_word' id='word_1_198' title='bbox 445 3474 543 3559; x_wconf 82' lang='lat' dir='ltr'>parte)</span> <span class='ocrx_word' id='word_1_199' title='bbox 568 3483 799 3539; x_wconf 88' lang='lat' dir='ltr'>communitatis</span> <span class='ocrx_word' id='word_1_200' title='bbox 833 3482 950 3539; x_wconf 86' lang='lat' dir='ltr'>civium</span> <span class='ocrx_word' id='word_1_201' title='bbox 981 3481 1114 3539; x_wconf 90' lang='lat' dir='ltr'>civitatis</span> <span class='ocrx_word' id='word_1_202' title='bbox 1145 3480 1260 3538; x_wconf 90' lang='lat' dir='ltr'>montis</span> <span class='ocrx_word' id='word_1_203' title='bbox 1291 3478 1455 3538; x_wconf 89' lang='lat' dir='ltr'>Grecensis</span> 
     </span>
     <span class='ocr_line' id='line_1_26' title="bbox 188 3585 1456 3664; baseline -0.003 -17"><span class='ocrx_word' id='word_1_204' title='bbox 188 3591 363 3664; x_wconf 89' lang='lat' dir='ltr'>recepimus</span> <span class='ocrx_word' id='word_1_205' title='bbox 389 3604 446 3661; x_wconf 92' lang='lat' dir='ltr'>pro</span> <span class='ocrx_word' id='word_1_206' title='bbox 470 3599 593 3644; x_wconf 89' lang='lat' dir='ltr'>centum</span> <span class='ocrx_word' id='word_1_207' title='bbox 617 3605 671 3644; x_wconf 88' lang='lat' dir='ltr'>sex</span> <span class='ocrx_word' id='word_1_208' title='bbox 694 3588 761 3645; x_wconf 84' lang='lat' dir='ltr'>tlor.</span> <span class='ocrx_word' id='word_1_209' title='bbox 785 3604 855 3644; x_wconf 91' lang='lat' dir='ltr'>cum</span> <span class='ocrx_word' id='word_1_210' title='bbox 880 3588 994 3660; x_wconf 91' lang='lat' dir='ltr'>quibus</span> <span class='ocrx_word' id='word_1_211' title='bbox 1018 3588 1086 3661; x_wconf 90' lang='lat' dir='ltr'>ipsa</span> <span class='ocrx_word' id='word_1_212' title='bbox 1109 3587 1218 3644; x_wconf 81' lang='lat' dir='ltr'>civitas</span> <span class='ocrx_word' id='word_1_213' title='bbox 1249 3585 1340 3643; x_wconf 92' lang='lat' dir='ltr'>nobis</span> <span class='ocrx_word' id='word_1_214' title='bbox 1371 3591 1456 3643; x_wconf 89' lang='lat' dir='ltr'>tene·</span> 
     </span>
     <span class='ocr_line' id='line_1_27' title="bbox 188 3682 1457 3770; baseline -0.005 -16"><span class='ocrx_word' id='word_1_215' title='bbox 188 3697 281 3754; x_wconf 89' lang='lat' dir='ltr'>batur</span> <span class='ocrx_word' id='word_1_216' title='bbox 304 3697 334 3753; x_wconf 91' lang='lat' dir='ltr'>in</span> <span class='ocrx_word' id='word_1_217' title='bbox 359 3694 436 3751; x_wconf 86' lang='lat' dir='ltr'>festo</span> <span class='ocrx_word' id='word_1_218' title='bbox 461 3693 709 3751; x_wconf 90' lang='lat' dir='ltr'>Circumcisionis</span> <span class='ocrx_word' id='word_1_219' title='bbox 734 3693 860 3765; x_wconf 91' lang='lat' dir='ltr'>domini,</span> <span class='ocrx_word' id='word_1_220' title='bbox 892 3686 983 3770; x_wconf 90' lang='lat' dir='ltr'>(nunc</span> <span class='ocrx_word' id='word_1_221' title='bbox 1006 3682 1161 3768; x_wconf 83' lang='lat' dir='ltr'>proxime)</span> <span class='ocrx_word' id='word_1_222' title='bbox 1191 3691 1347 3765; x_wconf 87' lang='lat' dir='ltr'>preteriti;</span> <span class='ocrx_word' id='word_1_223' title='bbox 1376 3704 1457 3764; x_wconf 90' lang='lat' dir='ltr'>quos</span> 
     </span>
     <span class='ocr_line' id='line_1_28' title="bbox 189 3797 1456 3882; baseline -0.003 -24"><span class='ocrx_word' id='word_1_224' title='bbox 189 3802 315 3875; x_wconf 87' lang='lat' dir='ltr'>quidem</span> <span class='ocrx_word' id='word_1_225' title='bbox 340 3801 389 3858; x_wconf 86' lang='lat' dir='ltr'>Vl.</span> <span class='ocrx_word' id='word_1_226' title='bbox 415 3801 480 3858; x_wconf 86' lang='lat' dir='ltr'>flor.</span> <span class='ocrx_word' id='word_1_227' title='bbox 505 3815 563 3873; x_wconf 92' lang='lat' dir='ltr'>pro</span> <span class='ocrx_word' id='word_1_228' title='bbox 587 3807 711 3856; x_wconf 90' lang='lat' dir='ltr'>centum</span> <span class='ocrx_word' id='word_1_229' title='bbox 734 3801 793 3872; x_wconf 90' lang='lat' dir='ltr'>ipsi</span> <span class='ocrx_word' id='word_1_230' title='bbox 813 3801 968 3882; x_wconf 89' lang='lat' dir='ltr'>Johannes</span> <span class='ocrx_word' id='word_1_231' title='bbox 984 3806 1013 3857; x_wconf 86' lang='lat' dir='ltr'>et</span> <span class='ocrx_word' id='word_1_232' title='bbox 1030 3799 1177 3871; x_wconf 91' lang='lat' dir='ltr'>magister</span> <span class='ocrx_word' id='word_1_233' title='bbox 1192 3798 1348 3856; x_wconf 85' lang='lat' dir='ltr'>Fabianus</span> <span class='ocrx_word' id='word_1_234' title='bbox 1364 3797 1456 3856; x_wconf 91' lang='lat' dir='ltr'>nobis</span> 
     </span>
     <span class='ocr_line' id='line_1_29' title="bbox 189 3900 1457 3986; baseline -0.002 -21"><span class='ocrx_word' id='word_1_235' title='bbox 189 3904 239 3986; x_wconf 84' lang='lat' dir='ltr'>(ad</span> <span class='ocrx_word' id='word_1_236' title='bbox 264 3909 418 3965; x_wconf 88' lang='lat' dir='ltr'>racionem</span> <span class='ocrx_word' id='word_1_237' title='bbox 441 3900 533 3984; x_wconf 83' lang='lat' dir='ltr'>dicte)</span> <span class='ocrx_word' id='word_1_238' title='bbox 557 3907 787 3963; x_wconf 87' lang='lat' dir='ltr'>communitatis</span> <span class='ocrx_word' id='word_1_239' title='bbox 811 3907 903 3963; x_wconf 90' lang='lat' dir='ltr'>hodie</span> <span class='ocrx_word' id='word_1_240' title='bbox 927 3907 1018 3979; x_wconf 88' lang='lat' dir='ltr'>plene</span> <span class='ocrx_word' id='word_1_241' title='bbox 1041 3912 1071 3963; x_wconf 89' lang='lat' dir='ltr'>et</span> <span class='ocrx_word' id='word_1_242' title='bbox 1094 3906 1212 3978; x_wconf 84' lang='lat' dir='ltr'>integre</span> <span class='ocrx_word' id='word_1_243' title='bbox 1228 3903 1457 3978; x_wconf 82' lang='lat' dir='ltr'>persolverunt</span> 
     </span>
     <span class='ocr_line' id='line_1_30' title="bbox 189 4005 1455 4091; baseline -0.002 -19"><span class='ocrx_word' id='word_1_244' title='bbox 189 4013 290 4087; x_wconf 87' lang='lat' dir='ltr'>Super</span> <span class='ocrx_word' id='word_1_245' title='bbox 325 4015 438 4086; x_wconf 89' lang='lat' dir='ltr'>quibus</span> <span class='ocrx_word' id='word_1_246' title='bbox 474 4008 689 4091; x_wconf 87' lang='lat' dir='ltr'>(percepcione</span> <span class='ocrx_word' id='word_1_247' title='bbox 713 4027 768 4069; x_wconf 91' lang='lat' dir='ltr'>nos</span> <span class='ocrx_word' id='word_1_248' title='bbox 792 4005 902 4089; x_wconf 87' lang='lat' dir='ltr'>totam)</span> <span class='ocrx_word' id='word_1_249' title='bbox 937 4012 1192 4070; x_wconf 88' lang='lat' dir='ltr'>communitatem</span> <span class='ocrx_word' id='word_1_250' title='bbox 1222 4016 1253 4068; x_wconf 90' lang='lat' dir='ltr'>et</span> <span class='ocrx_word' id='word_1_251' title='bbox 1286 4010 1455 4084; x_wconf 87' lang='lat' dir='ltr'>magistros</span> 
     </span>
     <span class='ocr_line' id='line_1_31' title="bbox 189 4115 1457 4205; baseline -0.002 -27"><span class='ocrx_word' id='word_1_252' title='bbox 189 4122 362 4205; x_wconf 86' lang='lat' dir='ltr'>Johannem</span> <span class='ocrx_word' id='word_1_253' title='bbox 386 4138 421 4178; x_wconf 88' lang='lat' dir='ltr'>ac</span> <span class='ocrx_word' id='word_1_254' title='bbox 445 4121 542 4177; x_wconf 90' lang='lat' dir='ltr'>eciam</span> <span class='ocrx_word' id='word_1_255' title='bbox 575 4119 747 4177; x_wconf 89' lang='lat' dir='ltr'>Fabianum</span> <span class='ocrx_word' id='word_1_256' title='bbox 778 4120 936 4194; x_wconf 90' lang='lat' dir='ltr'>predictos</span> <span class='ocrx_word' id='word_1_257' title='bbox 968 4115 1036 4199; x_wconf 89' lang='lat' dir='ltr'>(nec</span> <span class='ocrx_word' id='word_1_258' title='bbox 1065 4134 1127 4176; x_wconf 92' lang='lat' dir='ltr'>non</span> <span class='ocrx_word' id='word_1_259' title='bbox 1154 4122 1252 4175; x_wconf 87' lang='lat' dir='ltr'>totam</span> <span class='ocrx_word' id='word_1_260' title='bbox 1282 4117 1457 4176; x_wconf 90' lang='lat' dir='ltr'>communi·</span> 
     </span>
     <span class='ocr_line' id='line_1_32' title="bbox 190 4217 1455 4304; baseline -0.002 -19"><span class='ocrx_word' id='word_1_261' title='bbox 190 4220 298 4304; x_wconf 86' lang='lat' dir='ltr'>tatem)</span> <span class='ocrx_word' id='word_1_262' title='bbox 322 4228 564 4300; x_wconf 84' lang='lat' dir='ltr'>pervigeremus</span> <span class='ocrx_word' id='word_1_263' title='bbox 588 4226 747 4283; x_wconf 89' lang='lat' dir='ltr'>Presentes</span> <span class='ocrx_word' id='word_1_264' title='bbox 771 4235 874 4284; x_wconf 86' lang='lat' dir='ltr'>autem</span> <span class='ocrx_word' id='word_1_265' title='bbox 895 4226 1000 4298; x_wconf 85' lang='lat' dir='ltr'>sigillo</span> <span class='ocrx_word' id='word_1_266' title='bbox 1030 4229 1136 4283; x_wconf 87' lang='lat' dir='ltr'>nostro</span> <span class='ocrx_word' id='word_1_267' title='bbox 1166 4217 1325 4303; x_wconf 83' lang='lat' dir='ltr'>(duximus</span> <span class='ocrx_word' id='word_1_268' title='bbox 1356 4222 1455 4283; x_wconf 83' lang='lat' dir='ltr'>consi·</span> 
     </span>
     <span class='ocr_line' id='line_1_33' title="bbox 190 4326 1457 4409; baseline -0.002 -19"><span class='ocrx_word' id='word_1_269' title='bbox 190 4326 349 4409; x_wconf 84' lang='lat' dir='ltr'>gnandas).</span> <span class='ocrx_word' id='word_1_270' title='bbox 373 4333 490 4390; x_wconf 89' lang='lat' dir='ltr'>Datum</span> <span class='ocrx_word' id='word_1_271' title='bbox 513 4333 599 4390; x_wconf 89' lang='lat' dir='ltr'>Bude</span> <span class='ocrx_word' id='word_1_272' title='bbox 623 4332 699 4389; x_wconf 82' lang='lat' dir='ltr'>feria</span> <span class='ocrx_word' id='word_1_273' title='bbox 722 4334 815 4390; x_wconf 90' lang='lat' dir='ltr'>tercia</span> <span class='ocrx_word' id='word_1_274' title='bbox 840 4333 984 4406; x_wconf 88' lang='lat' dir='ltr'>proxima</span> <span class='ocrx_word' id='word_1_275' title='bbox 1007 4332 1038 4388; x_wconf 94' lang='lat' dir='ltr'>in</span> <span class='ocrx_word' id='word_1_276' title='bbox 1061 4330 1170 4404; x_wconf 87' lang='lat' dir='ltr'>vigilia</span> <span class='ocrx_word' id='word_1_277' title='bbox 1193 4327 1457 4404; x_wconf 84' lang='lat' dir='ltr'>[beatorumapo-</span> 
     </span>
     <span class='ocr_line' id='line_1_34' title="bbox 189 4433 1319 4518; baseline -0.004 -20"><span class='ocrx_word' id='word_1_278' title='bbox 189 4439 343 4498; x_wconf 90' lang='lat' dir='ltr'>stolorum</span> <span class='ocrx_word' id='word_1_279' title='bbox 367 4441 449 4498; x_wconf 89' lang='lat' dir='ltr'>Petri</span> <span class='ocrx_word' id='word_1_280' title='bbox 471 4448 501 4498; x_wconf 90' lang='lat' dir='ltr'>et</span> <span class='ocrx_word' id='word_1_281' title='bbox 523 4433 635 4518; x_wconf 87' lang='lat' dir='ltr'>Pauli].</span> <span class='ocrx_word' id='word_1_282' title='bbox 659 4443 748 4497; x_wconf 88' lang='lat' dir='ltr'>Anno</span> <span class='ocrx_word' id='word_1_283' title='bbox 771 4440 889 4498; x_wconf 91' lang='lat' dir='ltr'>domini</span> <span class='ocrx_word' id='word_1_284' title='bbox 912 4441 1083 4498; x_wconf 89' lang='lat' dir='ltr'>millesimo</span> <span class='ocrx_word' id='word_1_285' title='bbox 1104 4436 1319 4496; x_wconf 89' lang='lat' dir='ltr'>CCCCXVlll.</span> 
     </span>
    </p>
   </div>
   <div class='ocr_carea' id='block_1_8' title="bbox 190 4626 1454 4781">
    <p class='ocr_par' dir='ltr' id='par_1_8' title="bbox 190 4626 1454 4781">
     <span class='ocr_line' id='line_1_35' title="bbox 295 4626 1454 4693; baseline -0.004 -16"><span class='ocrx_word' id='word_1_286' title='bbox 295 4629 428 4692; x_wconf 87' lang='lat' dir='ltr'>Originale</span> <span class='ocrx_word' id='word_1_287' title='bbox 461 4631 489 4679; x_wconf 91' lang='lat' dir='ltr'>iu</span> <span class='ocrx_word' id='word_1_288' title='bbox 516 4630 604 4678; x_wconf 81' lang='lat' dir='ltr'>charta</span> <span class='ocrx_word' id='word_1_289' title='bbox 629 4629 705 4678; x_wconf 87' lang='lat' dir='ltr'>valde</span> <span class='ocrx_word' id='word_1_290' title='bbox 732 4628 851 4680; x_wconf 83' lang='lat' dir='ltr'>lacerum.</span> <span class='ocrx_word' id='word_1_291' title='bbox 890 4630 922 4677; x_wconf 92' lang='lat' dir='ltr'>In</span> <span class='ocrx_word' id='word_1_292' title='bbox 949 4628 1064 4693; x_wconf 86' lang='lat' dir='ltr'>margine</span> <span class='ocrx_word' id='word_1_293' title='bbox 1090 4626 1207 4678; x_wconf 84' lang='lat' dir='ltr'>inferiori</span> <span class='ocrx_word' id='word_1_294' title='bbox 1232 4626 1386 4691; x_wconf 83' lang='lat' dir='ltr'>impressum</span> <span class='ocrx_word' id='word_1_295' title='bbox 1413 4626 1454 4673; x_wconf 70' lang='lat' dir='ltr'>eut</span> 
     </span>
     <span class='ocr_line' id='line_1_36' title="bbox 190 4716 802 4781; baseline 0.003 -15"><span class='ocrx_word' id='word_1_296' title='bbox 190 4716 312 4781; x_wconf 88' lang='lat' dir='ltr'>sigillum.</span> <span class='ocrx_word' id='word_1_297' title='bbox 329 4718 362 4765; x_wconf 89' lang='lat' dir='ltr'>In</span> <span class='ocrx_word' id='word_1_298' title='bbox 381 4717 476 4769; x_wconf 85' lang='lat' dir='ltr'>archiv.</span> <span class='ocrx_word' id='word_1_299' title='bbox 496 4718 542 4770; x_wconf 88' lang='lat' dir='ltr'>lib.</span> <span class='ocrx_word' id='word_1_300' title='bbox 561 4733 612 4780; x_wconf 84' lang='lat' dir='ltr'>reg.</span> <span class='ocrx_word' id='word_1_301' title='bbox 634 4717 682 4768; x_wconf 85' lang='lat' dir='ltr'>civ.</span> <span class='ocrx_word' id='word_1_302' title='bbox 702 4716 802 4780; x_wconf 88' lang='lat' dir='ltr'>zagrab.</span> 
     </span>
    </p>
   </div>
   <div class='ocr_carea' id='block_1_9' title="bbox 0 0 1656 5348">
    <p class='ocr_par' dir='ltr' id='par_1_9' title="bbox 0 0 1656 5348">
     <span class='ocr_line' id='line_1_37' title="bbox 0 0 1656 5348; baseline 0 0"><span class='ocrx_word' id='word_1_303' title='bbox 0 0 1656 5348; x_wconf 95' lang='lat' dir='ltr'> </span> 
     </span>
    </p>
   </div>
  </div>
 </body>
</html>
