3278 5348
566 400 639 459 Doc.
664 411 693 476 7.
719 397 748 458 8.
773 434 815 444 —
838 401 897 460 Aa.
923 417 1146 482 1402—1404.
1467 422 1482 476 7

216 612 307 689 judex
331 631 389 673 suo
413 621 443 673 et
467 615 647 673 nominibus
672 617 785 689 quihus
820 633 923 691 supra,
954 618 1111 692 prefatum
1148 617 1310 676 dominum
1344 625 1484 678 nostrum

218 736 321 794 regem
346 737 365 779 a
389 721 559 780 donacione
590 722 745 780 dictarum
776 725 1016 796 possessionum,
1047 726 1151 799 ipsum
1184 740 1258 782 vero
1291 723 1484 799 Stephanum

216 841 321 886 coram
344 829 437 886 nohis
461 828 539 886 facie
569 827 608 885 ad
640 828 750 887 faciem
781 835 951 902 repertum,
975 836 1199 903 annotatosque
1223 832 1411 903 magistrum
1433 832 1485 890 Ni-

217 935 351 1006 colaum‚
374 933 555 991 Ladislaum
580 940 611 991 et
633 935 816 1018 Johannem,
847 942 881 993 ut
904 937 1055 1008 absentes,
1079 937 1120 994 ab
1143 938 1357 1011 occupacione‚
1383 937 1485 995 deten-

217 1039 304 1097 cione
328 1045 358 1097 et
381 1041 622 1114 perpetuacione
645 1046 731 1098 etse
754 1042 867 1114 quovis
891 1043 996 1100 colore
1027 1044 1148 1115 quesito
1178 1044 1209 1100 in
1239 1043 1364 1100 easdem
1389 1045 1485 1102 intro·

220 1141 375 1217 missione,
398 1162 575 1219 usuumque
598 1145 757 1205 fructuum
792 1153 822 1204 et
856 1149 1068 1222 quarumlibet
1100 1150 1270 1207 utilitatum
1302 1150 1483 1208 earumdem

218 1253 422 1326 percepcione
457 1253 508 1309 vel
543 1251 802 1326 percipifaccione
836 1253 1131 1327 quomodocumque
1165 1254 1254 1312 factis
1289 1255 1340 1312 rel
1375 1255 1485 1314 fiendis

219 1360 379 1430 prohibuit
402 1358 640 1418 contradicendo
663 1366 693 1417 et
716 1359 904 1417 contradixit
928 1360 1097 1418 inhibendo
1123 1375 1229 1418 coram
1259 1362 1349 1419 nohis
1378 1363 1485 1434 vigore

219 1469 245 1521 et
265 1465 447 1523 testimonio
469 1466 665 1540 presencium
689 1465 852 1523 mediante.
889 1467 1006 1523 Datum
1030 1465 1181 1538 Zagrabie
1203 1472 1314 1524 octavo
1338 1465 1388 1523 die
1412 1465 1482 1524 testi

222 1562 298 1629 be'ati
332 1569 461 1643 Georgii
495 1571 641 1629 martiris.
689 1572 781 1629 Anno
815 1571 936 1630 domini
970 1572 1140 1630 millesimo
1176 1571 1483 1645 quadringentesimo

218 1677 358 1736 secundo.

320 1810 455 1876 Originale
474 1812 502 1861 in
529 1812 625 1866 charta.
653 1814 739 1877 'sergo
768 1813 892 1877 impressa
917 1813 965 1860 tria
990 1811 1077 1876 sigilla
1112 1813 1145 1860 Iu
1163 1811 1267 1860 archivo
1297 1811 1342 1863 lib.
1362 1829 1414 1876 reg.
1435 1814 1483 1864 civ.

209 1901 395 1966 ugrahiensis.

320 2131 402 2179 Anno
424 2143 498 2194 1402.
521 2144 543 2185 ι,
563 2133 630 2196 maji.
651 2131 798 2196 Zagrabiae.

201 2251 361 2318 chbam'
381 2267 409 2315 ct
429 2264 539 2317 comites
560 2261 708 2317 comitatus
729 2258 847 2332 ragrab.
870 2276 889 2314 a
913 2259 1111 2315 commemitato
1126 2260 1254 2316 civitatis
1276 2261 1384 2316 moatr's
1406 2260 1480 2316 Gre-

184 2367 301 2423 censis
323 2365 467 2438 impensas
489 2367 519 2422 ta
542 2383 633 2424 caroso
655 2365 795 2422 arioersas
819 2365 973 2421 Nicolaum
997 2363 1133 2421 Protulit
1152 2370 1226 2433 acto,
1250 2366 1387 2421 toleratas
1421 2383 1479 2422 esse

749 2472 947 2545 testificantur.

318 2617 384 2676 Nos
408 2618 549 2691 magistri
572 2618 736 2701 Johannes,
760 2616 844 2674 filius
868 2615 1017 2690 Stephani
1040 2622 1070 2674 et
1083 2617 1190 2673 Petrus
1215 2617 1381 2686 litteratus,
1398 2615 1481 2672 vice·

179 2722 284 2787 bani
308 2729 341 2783 et
363 2725 492 2783 comites
515 2723 723 2797 zagrabiensis
746 2738 782 2780 ac
805 2723 960 2781 crisiensis
984 2724 1194 2781 comitatuum.
1227 2723 1375 2780 Memorie
1399 2737 1483 2779 com-

183 2830 400 2891 tnendamus
431 2846 488 2903 per
522 2833 690 2903 presentes,
722 2828 806 2902 quod
839 2829 912 2901 quia
942 2829 1045 2901 iudex,
1069 2830 1161 2887 iurati
1185 2836 1215 2887 et
1236 2829 1374 2887 universi
1398 2828 1481 2886 cives

181 2938 347 2998 civitatis
381 2936 495 2994 montis
529 2934 714 2993 Grechensis
748 2934 786 2992 de
822 2934 974 3007 Zagrahia
1009 2935 1046 2992 de
1080 2936 1233 2993 universis
1265 2934 1387 2992 iudiciis
1424 2951 1480 2991 seu

187 3042 368 3118 byrsagiis
399 3047 429 3099 et
463 3056 572 3099 eorum
606 3040 841 3114 gravaminibus
875 3042 905 3098 in
937 3042 1051 3114 quibus
1083 3042 1142 3115 ipsi
1166 3046 1272 3099 contra
1295 3041 1481 3113 magistrum

192 3147 378 3207 Nicolaum
403 3148 583 3218 litteratum,
606 3145 708 3204 filium
733 3146 831 3217 Pauli,
857 3146 933 3205 dicti
957 3147 1129 3219 Praudych
1154 3149 1309 3204 notarium
1330 3152 1481 3217 nostrum,

195 3254 240 3314 in
275 3254 349 3312 sede
379 3254 518 3311 crisiensi
552 3251 847 3325 quomodocumque
881 3257 911 3310 et
945 3254 1214 3326 qualitercumque
1249 3254 1279 3310 in
1317 3253 1481 3325 quibusvis

207 3361 355 3420 terminis
378 3375 475 3432 usque
499 3358 538 3415 ad
562 3359 619 3415 hec
643 3364 784 3432 tempora
805 3359 941 3416 convicti
966 3359 1094 3416 tuissent
1111 3365 1140 3416 et
1157 3360 1304 3431 agravati‚
1323 3374 1361 3415 ex
1377 3364 1481 3415 nostra

210 3466 374 3525 iudiciaria
397 3466 526 3523 licencia
549 3464 773 3535 concordando,
798 3465 889 3522 nohis
914 3465 1128 3523 omnimodam
1159 3464 1365 3538 inpenderunt
1395 3464 1480 3520 satis·

210 3574 391 3641 taccionem
416 3587 474 3645 pro
498 3586 534 3628 eo
558 3586 613 3628 nos
637 3569 762 3628 eosdem
786 3572 1059 3644 supranominatos
1083 3587 1177 3645 super
1210 3571 1368 3645 premissis
1397 3585 1481 3626 eom-

214 3680 359 3737 misimus
384 3678 450 3735 fore
473 3677 634 3752 expeditos
657 3677 764 3749 vigore
796 3683 826 3733 et
860 3677 1036 3734 testimonio
1071 3677 1266 3750 presencium
1303 3677 1481 3733 litterarum

213 3792 390 3843 nostrarum
413 3784 576 3841 mediante.
601 3784 716 3841 Datum
740 3782 891 3854 Zagrabie
915 3783 946 3839 in
979 3784 1097 3840 octavis
1129 3782 1197 3840 festi
1234 3783 1316 3839 beati
1351 3781 1480 3854 Georgii

213 3892 360 3949 martiris.
384 3894 474 3948 Anno
498 3889 625 3954 domini¹
640 3888 810 3947 millesimo
836 3888 1142 3961 quadringentesimo
1166 3887 1308 3946 secundo.

318 4027 451 4091 Originnle
470 4027 497 4076 in
516 4025 604 4075 charta
631 4026 716 4088 Tergo
735 4025 887 4089 impressum
913 4024 1034 4088 sigillum.
1072 4026 1104 4071 In
1123 4025 1228 4073 archivo
1247 4024 1294 4075 lib.
1327 4040 1371 4087 reg
1409 4023 1479 4071 civit.

215 4117 393 4180 zcgrabierrsis.

826 4220 860 4284 8.

316 4311 396 4358 Anno
419 4322 493 4372 1404,
514 4321 555 4371 24.
575 4306 673 4373 aprilis,
694 4308 790 4361 Budae.

214 4408 411 4485 Srjgismumr’us
443 4410 621 4489 Hungarrae
655 4418 701 4466 etc.
736 4428 807 4481 rex,
848 4416 1020 4465 mercatores
1054 4408 1254 4481 ragrabr'cascs
1288 4425 1325 4464 ea·
1354 4406 1482 4480 praalibct

616 4516 764 4572 exactione
787 4515 944 4572 tributaria
967 4515 1073 4571 exr'tnr't.

314 4652 533 4727 sigismundus
559 4651 610 4711 dei
633 4652 737 4725 gracia
768 4668 824 4709 rex
859 4651 1025 4722 Hungarie,
1060 4650 1230 4720 Dalmacie‚
1262 4649 1389 4706 Croacie
1422 4651 1479 4703 etc.

212 4761 420 4834 marchi-oque
438 4759 755 4833 Brandemburgensis
772 4767 826 4817 etc.
843 4759 921 4815 sacri
937 4758 1059 4815 romani
1083 4758 1208 4831 imperii
1231 4754 1365 4814 vicarius
1387 4746 1492 4825 gene·'

210 4866 284 4925 ralis
307 4874 337 4925 et
360 4868 449 4941 regni
474 4866 621 4925 Bohemie
644 4866 842 4939 gubernator.
866 4863 1028 4922 Fidelihus
1044 4864 1106 4921 suis
1123 4863 1275 4921 universis
1293 4859 1470 4917 castellanis
