3278 5348
219 429 280 489 ²90
635 411 707 468 Dec.
732 424 801 486 232.
825 444 868 453 —
891 410 947 466 An.
973 405 1066 486 1464.

217 627 451 700 archiepiscopi,
468 627 591 699 locique
613 625 751 685 eiusdem
775 618 955 683 Colocensis
979 624 1100 682 comitis
1124 624 1278 698 perpetui,
1293 624 1366 682 aule
1381 629 1470 682 nostre

217 734 356 807 sumpmi
379 733 565 803 cancellarii,
589 732 691 790 fidelis
714 732 812 789 nostri
837 730 950 789 dilecti.
974 732 1064 788 Anno
1088 729 1207 788 domini
1222 732 1394 790 millesimo
1409 745 1471 805 qua·

217 841 457 913 dringentesimo
481 839 672 912 sexagesimo
698 845 818 912 quarto,
841 853 923 896 nono
946 837 1093 896 kalendas
1116 838 1236 912 aprilis,
1268 838 1358 911 regni
1387 836 1472 895 nostri

217 962 297 1005 anno
320 947 462 1020 septime,
486 947 696 1005 coronacionis
719 961 794 1003 vero
818 946 927 1019 primu.
961 945 1200 1003 venerabilibus
1224 945 1255 1002 in
1281 944 1405 1003 Christo
1428 958 1472 1017 pa·

216 1055 325 1125 tribus,
342 1053 484 1123 dominis,
501 1052 650 1125 Dionysio
672 1052 711 1109 de
735 1052 840 1124 Zeech,
864 1051 1023 1123 cardinali,
1046 1051 1251 1124 strigoniensi,
1287 1049 1398 1108 eodem
1428 1048 1473 1107 do·

217 1161 302 1218 mino
344 1158 500 1233 Stephano
531 1158 693 1230 colocensi,
724 1158 983 1231 archiepiscopis;
1018 1155 1162 1214 ladislao
1191 1156 1337 1228 agriensi,
1366 1156 1473 1239 Joanne

217 1266 411 1336 waradiensi,
437 1265 565 1322 Nicolao
589 1264 854 1336 transylvaniensi,
878 1262 1070 1336 zagrabiensi
1093 1261 1165 1319 sede
1196 1268 1336 1333 vacante,
1366 1261 1474 1344 Joanne

216 1372 539 1446 quinqueecclesiensi,
564 1371 695 1429 Alberto
711 1370 935 1443 vesprimiensi,
953 1369 1126 1442 Augustino
1142 1366 1300 1444 jauriensi,
1318 1366 1474 1424 Vincencio

216 1480 367 1548 waciensi,
392 1478 522 1534 Alberto
546 1477 751 1548 chanadiensi,
775 1476 896 1534 Thoma
918 1475 1065 1546 nitriensi,
1090 1475 1233 1533 bosnensi
1255 1473 1331 1531 sede
1346 1478 1474 1539 vacante,

214 1585 413 1643 ecclesiarum
434 1584 595 1657 episcopis,
612 1582 755 1639 ecclesias
779 1582 825 1639 dei
844 1581 974 1640 feliciter
989 1580 1244 1654 gubernantibus.
1262 1580 1342 1638 ltem
1364 1578 1475 1652 magni·

215 1689 281 1747 ficis
312 1688 460 1746 llicbaele
490 1688 627 1760 Orszagh
658 1687 696 1744 de
728 1687 831 1758 thh,
861 1688 948 1760 regni
978 1687 1135 1759 Hungarie
1159 1685 1301 1760 predicti,
1333 1686 1474 1759 palatino,

215 1795 356 1852 Emerico
380 1793 418 1851 de
441 1794 578 1867 Zapolya
602 1794 690 1865 regni
712 1794 808 1850 nostri
841 1793 1000 1850 Bosnensis
1029 1792 1246 1865 gubernatore,
1280 1791 1410 1849 Nicolao
1444 1789 1476 1847 de

215 1899 340 1973 Wylak,
362 1901 479 1982 Joanne
511 1900 665 1972 Pongraca
698 1899 735 1956 de
767 1900 947 1971 Dengelegb
979 1897 1129 1956 waivodis
1161 1897 1475 1967 transilvaniensibus,

215 2007 327 2064 comite
359 2005 504 2063 Ladislao
534 2006 572 2064 de
604 2007 720 2077 Paloca,
754 2004 855 2082 judice
886 2006 969 2062 curie
999 2009 1111 2075 nostre,
1143 2004 1253 2061 eodem
1276 2004 1420 2062 Emerico
1443 2003 1475 2061 de

215 2113 362 2186 Zapolya,
386 2112 555 2183 Dalmacie,
578 2113 727 2170 Chroacie
750 2129 806 2170 nec
829 2127 890 2169 non
912 2111 1075 2169 Sclauonie
1105 2126 1273 2184 regnorum
1304 2117 1474 2170 nostrorum

215 2227 244 2276 et
269 2217 391 2292 prefato
415 2218 543 2276 Nicolao
560 2218 597 2276 de
613 2218 729 2291 Wylak
745 2218 881 2276 eiusdem
906 2217 1068 2275 Sclauonie
1091 2223 1121 2274 et
1145 2217 1368 2277 machowiensi
1387 2219 1475 2297 banis,

214 2328 330 2383 honore
354 2327 485 2383 banatus
515 2327 677 2383 zewrensis
709 2333 844 2395 vacante,
867 2326 984 2406 Joanne
1007 2323 1046 2381 de
1075 2324 1209 2396 Rozgon,
1240 2325 1475 2392 tavarnicorum,

215 2431 378 2489 Benedicto
410 2431 447 2489 de
479 2432 640 2502 Thwrocn,
670 2429 853 2506 janitorum,
887 2430 1010 2488 Andrea
1042 2431 1196 2502 Pongracz
1232 2429 1271 2487 de
1298 2429 1474 2503 Dengelegb

214 2538 440 2609 pincernarum,
474 2537 617 2594 Ladislao
651 2537 689 2594 de
720 2537 834 2594 Bathor
857 2536 1078 2610 dapiferorum,
1103 2536 1198 2593 Paulo
1231 2535 1270 2593 de
1300 2536 1428 2595 Dombo
1450 2542 1474 2592 et

213 2642 357 2701 Ladislao
382 2644 419 2702 de
443 2644 565 2715 Wesen,
589 2658 758 2716 agazonum
790 2651 966 2701 nostrorum
988 2642 1140 2715 regalium
1166 2643 1334 2715 magistris,
1358 2643 1474 2702 Andrea

214 2749 452 2820 Pawmlrircher,
478 2751 653 2823 posoniensi
683 2756 713 2807 et
744 2751 832 2807 Petro
866 2749 904 2806 de
935 2749 1031 2807 Zokol
1066 2749 1271 2807 thurocziensi
1303 2750 1474 2820 comitibus,

214 2857 344 2928 aliisque
375 2856 617 2929 quampluribus
648 2857 733 2928 regni
763 2856 861 2912 nostri
892 2856 1055 2913 comitatus
1090 2854 1265 2912 tenentibus
1289 2860 1320 2913 et
1341 2857 1473 2915 honores.

320 3010 522 3074 Etransumpto
550 3010 639 3074 imper.
669 3009 825 3058 Ferdinandi
854 3011 891 3066 11,
919 3010 951 3057 de
979 3024 1046 3058 anuo
1075 3007 1148 3060 1626.
1168 3010 1208 3060 In.
1227 3009 1345 3060 archivio
1363 3009 1410 3062 lib.
1429 3025 1473 3073 reg¹

214 3097 282 3146 civit.
301 3098 401 3160 zagrab.

810 3295 895 3360 232.

321 3451 401 3497 Anno
424 3451 497 3513 1464,
519 3464 559 3514 24.
580 3454 672 3503 martii.
692 3455 787 3502 Budas.

214 3567 242 3622 Α
265 3567 395 3635 Mathia,
418 3568 594 3640 Huugariue
617 3578 663 3626 etr.
685 3589 757 3643 rege,
781 3573 983 3630 communitati
1002 3572 1128 3628 civitatis
1142 3574 1280 3643 precanti
1290 3572 1475 3646 privilegium

213 3680 357 3732 mercatus
380 3677 535 3747 quotannis
558 3676 602 3732 die
625 3694 646 3732 s.
669 3676 771 3733 Murci
784 3680 863 3750 sesto
886 3678 1017 3747 habendi,
1040 3677 1156 3751 quoda
1177 3676 1252 3733 Bela
1276 3677 1335 3747 IV,
1357 3696 1424 3751 rege
1441 3681 1478 3734 est

657 3800 821 3852 concessum,
845 3785 1041 3857 confirmatur.

918 3921 1072 3970 Commissio
1092 3922 1196 3985 propria
1214 3920 1313 3969 domini
1334 3921 1410 3984 regis.

319 4033 448 4089 Mathias
479 4032 528 4089 dei
552 4034 655 4104 gracia
680 4034 844 4104 ilungarie,
878 4035 1045 4103 Dalmacie,
1069 4033 1205 4104 Croacie,
1228 4033 1327 4091 Rame
1361 4033 1476 4105 Seruie,

214 4138 353 4208 Gallicie,
378 4139 570 4208 Lodomerie,
595 4141 753 4208 Cumanie,
780 4141 983 4212 Bulgarieque
1007 4157 1069 4198 rex.
1093 4140 1247 4198 Omnibus
1271 4138 1391 4197 Christi
1408 4139 1478 4198 fide

212 4243 295 4301 libus
329 4245 522 4317 presentibus
547 4256 576 4301 et
602 4245 711 4301 futuris
736 4247 929 4318 presencium
954 4247 1097 4304 noticiam
1122 4245 1275 4303 habituris
1298 4247 1433 4304 salutem
1449 4247 1478 4304 in

212 4351 352 4407 omnium
385 4350 549 4406 salvatore.
582 4350 629 4405 Ad
662 4351 878 4407 universorum
912 4352 1056 4408 noticiam
1086 4352 1198 4408 harum
1230 4351 1310 4408 serie
1334 4352 1478 4410 volumus

175 4456 189 4481 ⁸
213 4457 385 4529 pervenire,
417 4455 499 4527 quod
533 4455 698 4528 prudentes
722 4463 751 4512 et
775 4457 991 4529 circumspecti
1016 4457 1161 4514 Nicolaus
1183 4454 1278 4532 judex
1302 4471 1339 4515 ac
1363 4460 1479 4516 Antho-

211 4563 280 4619 nius
311 4569 339 4619 et
372 4562 490 4620 Blasius
520 4561 613 4637 jurati
644 4563 726 4618 cives
758 4564 891 4620 civitatis
922 4570 1026 4621 nostre
1057 4564 1171 4621 montis
1203 4562 1368 4623 Grecensis
1391 4565 1475 4623 iuxta

208 4669 402 4741 Zagrabiam,
426 4674 529 4725 nostre
553 4668 721 4725 maiestatis
744 4671 900 4726 venientes
924 4670 953 4726 in
978 4671 1176 4743 presenciam,
1200 4669 1264 4727 suis
1287 4685 1325 4727 ac
1348 4671 1472 4729 univer·

211 4790 317 4832 sorum
340 4775 455 4831 civium
479 4779 507 4831 et
531 4774 774 4831 inhabitatorum
795 4790 831 4831 ac
847 4777 944 4833 tocius
968 4776 1198 4834 communitatis
1229 4775 1312 4835 dicte
1345 4775 1479 4836 civitatis

210 4889 314 4940 nostre
330 4883 442 4938 montis
466 4881 627 4939 Grecensis
650 4881 828 4939 nominibus
851 4889 880 4940 et
896 4884 1036 4957 personis
1059 4885 1265 4942 exhibuerunt
1277 4888 1308 4941 et
1324 4890 1474 4959 presenta-
