<?xml version="1.0" encoding="UTF-8"?>
<!DOCTYPE html PUBLIC "-//W3C//DTD XHTML 1.0 Transitional//EN"
    "http://www.w3.org/TR/xhtml1/DTD/xhtml1-transitional.dtd">
<html xmlns="http://www.w3.org/1999/xhtml" xml:lang="en" lang="en">
 <head>
  <title>
</title>
<meta http-equiv="Content-Type" content="text/html;charset=utf-8" />
  <meta name='ocr-system' content='tesseract 3.04.00' />
  <meta name='ocr-capabilities' content='ocr_page ocr_carea ocr_par ocr_line ocrx_word'/>
</head>
<body>
  <div class='ocr_page' id='page_1' title='image "./monumentahistor01laszgoog_0385.png"; bbox 0 0 3278 5348; ppageno 0'>
   <div class='ocr_carea' id='block_1_1' title="bbox 627 126 1455 206">
    <p class='ocr_par' dir='ltr' id='par_1_1' title="bbox 627 126 1455 206">
     <span class='ocr_line' id='line_1_1' title="bbox 627 126 1455 206; baseline 0.002 -19"><span class='ocrx_word' id='word_1_1' title='bbox 627 128 700 190; x_wconf 87' lang='lat' dir='ltr'>Doc.</span> <span class='ocrx_word' id='word_1_2' title='bbox 721 141 774 204; x_wconf 78' lang='lat'>93.</span> <span class='ocrx_word' id='word_1_3' title='bbox 800 160 838 169; x_wconf 95' lang='lat'><strong>—</strong></span> <span class='ocrx_word' id='word_1_4' title='bbox 860 126 916 184; x_wconf 84' lang='lat' dir='ltr'>An.</span> <span class='ocrx_word' id='word_1_5' title='bbox 946 137 1034 204; x_wconf 77' lang='lat'><em>1435·</em></span> <span class='ocrx_word' id='word_1_6' title='bbox 1395 147 1455 206; x_wconf 81' lang='lat'>119</span> 
     </span>
    </p>
   </div>
   <div class='ocr_carea' id='block_1_2' title="bbox 178 343 1464 2547">
    <p class='ocr_par' dir='ltr' id='par_1_2' title="bbox 178 343 1464 2547">
     <span class='ocr_line' id='line_1_2' title="bbox 193 343 1462 423; baseline -0.004 -15"><span class='ocrx_word' id='word_1_7' title='bbox 193 346 382 423; x_wconf 74' lang='lat' dir='ltr'>sigismundi</span> <span class='ocrx_word' id='word_1_8' title='bbox 405 346 456 406; x_wconf 91' lang='lat' dir='ltr'>dei</span> <span class='ocrx_word' id='word_1_9' title='bbox 479 346 583 420; x_wconf 79' lang='lat' dir='ltr'>gracia</span> <span class='ocrx_word' id='word_1_10' title='bbox 604 345 819 404; x_wconf 89' lang='lat' dir='ltr'>Romanorum</span> <span class='ocrx_word' id='word_1_11' title='bbox 843 343 1040 417; x_wconf 91' lang='lat' dir='ltr'>imperatoris</span> <span class='ocrx_word' id='word_1_12' title='bbox 1064 346 1094 400; x_wconf 89' lang='lat' dir='ltr'>et</span> <span class='ocrx_word' id='word_1_13' title='bbox 1116 344 1197 417; x_wconf 87' lang='lat' dir='ltr'>regis</span> <span class='ocrx_word' id='word_1_14' title='bbox 1220 345 1462 418; x_wconf 75' lang='lat' dir='ltr'>Hungarieetc·</span> 
     </span>
     <span class='ocr_line' id='line_1_3' title="bbox 192 448 1464 527; baseline -0.003 -15"><span class='ocrx_word' id='word_1_15' title='bbox 192 453 306 514; x_wconf 89' lang='lat' dir='ltr'>domini</span> <span class='ocrx_word' id='word_1_16' title='bbox 342 452 441 513; x_wconf 81' lang='lat' dir='ltr'>nostri</span> <span class='ocrx_word' id='word_1_17' title='bbox 476 451 705 527; x_wconf 87' lang='lat' dir='ltr'>graciosissimi,</span> <span class='ocrx_word' id='word_1_18' title='bbox 740 464 798 524; x_wconf 93' lang='lat' dir='ltr'>pro</span> <span class='ocrx_word' id='word_1_19' title='bbox 834 454 923 523; x_wconf 91' lang='lat' dir='ltr'>parte</span> <span class='ocrx_word' id='word_1_20' title='bbox 945 448 1062 506; x_wconf 88' lang='lat' dir='ltr'>civium</span> <span class='ocrx_word' id='word_1_21' title='bbox 1086 454 1115 506; x_wconf 90' lang='lat' dir='ltr'>et</span> <span class='ocrx_word' id='word_1_22' title='bbox 1138 450 1299 525; x_wconf 89' lang='lat' dir='ltr'>hospitum</span> <span class='ocrx_word' id='word_1_23' title='bbox 1322 451 1464 509; x_wconf 83' lang='lat' dir='ltr'>civitatis</span> 
     </span>
     <span class='ocr_line' id='line_1_4' title="bbox 192 555 1457 630; baseline -0.005 -9"><span class='ocrx_word' id='word_1_24' title='bbox 192 563 302 621; x_wconf 89' lang='lat' dir='ltr'>montis</span> <span class='ocrx_word' id='word_1_25' title='bbox 337 559 501 621; x_wconf 90' lang='lat' dir='ltr'>Grecensis</span> <span class='ocrx_word' id='word_1_26' title='bbox 534 559 574 617; x_wconf 87' lang='lat' dir='ltr'>de</span> <span class='ocrx_word' id='word_1_27' title='bbox 607 558 692 616; x_wconf 87' lang='lat' dir='ltr'>iuxta</span> <span class='ocrx_word' id='word_1_28' title='bbox 727 555 914 630; x_wconf 88' lang='lat' dir='ltr'>Zagrabiam</span> <span class='ocrx_word' id='word_1_29' title='bbox 948 557 1106 628; x_wconf 70' lang='lat' dir='ltr'>emanans,</span> <span class='ocrx_word' id='word_1_30' title='bbox 1143 557 1233 615; x_wconf 87' lang='lat' dir='ltr'>vobis</span> <span class='ocrx_word' id='word_1_31' title='bbox 1268 563 1298 616; x_wconf 90' lang='lat' dir='ltr'>et</span> <span class='ocrx_word' id='word_1_32' title='bbox 1330 558 1457 616; x_wconf 86' lang='lat' dir='ltr'><strong>cuilibet</strong></span> 
     </span>
     <span class='ocr_line' id='line_1_5' title="bbox 192 662 1456 740; baseline -0.002 -16"><span class='ocrx_word' id='word_1_33' title='bbox 192 674 328 728; x_wconf 86' lang='lat' dir='ltr'>restrum</span> <span class='ocrx_word' id='word_1_34' title='bbox 352 666 562 740; x_wconf 79' lang='lat' dir='ltr'><strong>loquentibus,</strong></span> <span class='ocrx_word' id='word_1_35' title='bbox 586 679 692 723; x_wconf 91' lang='lat' dir='ltr'>coram</span> <span class='ocrx_word' id='word_1_36' title='bbox 715 663 806 721; x_wconf 90' lang='lat' dir='ltr'>nobis</span> <span class='ocrx_word' id='word_1_37' title='bbox 828 662 998 737; x_wconf 90' lang='lat' dir='ltr'>productis,</span> <span class='ocrx_word' id='word_1_38' title='bbox 1022 663 1160 721; x_wconf 85' lang='lat' dir='ltr'>vidimus</span> <span class='ocrx_word' id='word_1_39' title='bbox 1184 665 1342 736; x_wconf 84' lang='lat' dir='ltr'>contineri,</span> <span class='ocrx_word' id='word_1_40' title='bbox 1372 664 1456 738; x_wconf 91' lang='lat' dir='ltr'>quod</span> 
     </span>
     <span class='ocr_line' id='line_1_6' title="bbox 194 770 1458 849; baseline -0.002 -18"><span class='ocrx_word' id='word_1_41' title='bbox 194 789 244 834; x_wconf 89' lang='lat' dir='ltr'>sua</span> <span class='ocrx_word' id='word_1_42' title='bbox 267 774 425 845; x_wconf 87' lang='lat' dir='ltr'>maiestas,</span> <span class='ocrx_word' id='word_1_43' title='bbox 448 788 486 831; x_wconf 83' lang='lat' dir='ltr'>ex</span> <span class='ocrx_word' id='word_1_44' title='bbox 518 771 642 849; x_wconf 85' lang='lat' dir='ltr'>juribus</span> <span class='ocrx_word' id='word_1_45' title='bbox 671 771 813 844; x_wconf 90' lang='lat' dir='ltr'>ipsorum</span> <span class='ocrx_word' id='word_1_46' title='bbox 847 770 963 828; x_wconf 91' lang='lat' dir='ltr'>civium</span> <span class='ocrx_word' id='word_1_47' title='bbox 994 783 1099 828; x_wconf 89' lang='lat' dir='ltr'>coram</span> <span class='ocrx_word' id='word_1_48' title='bbox 1123 786 1177 828; x_wconf 90' lang='lat' dir='ltr'>sua</span> <span class='ocrx_word' id='word_1_49' title='bbox 1200 773 1363 829; x_wconf 76' lang='lat' dir='ltr'>serenitate</span> <span class='ocrx_word' id='word_1_50' title='bbox 1385 786 1458 845; x_wconf 91' lang='lat' dir='ltr'>pro·</span> 
     </span>
     <span class='ocr_line' id='line_1_7' title="bbox 193 875 1459 954; baseline -0.002 -16"><span class='ocrx_word' id='word_1_51' title='bbox 193 879 301 952; x_wconf 88' lang='lat' dir='ltr'>ductis,</span> <span class='ocrx_word' id='word_1_52' title='bbox 342 881 427 954; x_wconf 91' lang='lat' dir='ltr'>ipsos</span> <span class='ocrx_word' id='word_1_53' title='bbox 460 884 491 938; x_wconf 89' lang='lat' dir='ltr'>et</span> <span class='ocrx_word' id='word_1_54' title='bbox 523 894 574 937; x_wconf 84' lang='lat' dir='ltr'>res</span> <span class='ocrx_word' id='word_1_55' title='bbox 614 892 723 935; x_wconf 90' lang='lat' dir='ltr'>eorum</span> <span class='ocrx_word' id='word_1_56' title='bbox 767 875 925 950; x_wconf 90' lang='lat' dir='ltr'>quaslibet</span> <span class='ocrx_word' id='word_1_57' title='bbox 961 877 1212 935; x_wconf 89' lang='lat' dir='ltr'>mercimoniales</span> <span class='ocrx_word' id='word_1_58' title='bbox 1247 893 1265 934; x_wconf 87' lang='lat' dir='ltr'>a</span> <span class='ocrx_word' id='word_1_59' title='bbox 1292 878 1459 935; x_wconf 90' lang='lat' dir='ltr'>cuiuslibet</span> 
     </span>
     <span class='ocr_line' id='line_1_8' title="bbox 193 980 1458 1058; baseline -0.002 -13"><span class='ocrx_word' id='word_1_60' title='bbox 193 987 300 1046; x_wconf 90' lang='lat' dir='ltr'>tributi</span> <span class='ocrx_word' id='word_1_61' title='bbox 325 986 484 1044; x_wconf 88' lang='lat' dir='ltr'>solucione</span> <span class='ocrx_word' id='word_1_62' title='bbox 507 989 669 1058; x_wconf 86' lang='lat' dir='ltr'>exemptos</span> <span class='ocrx_word' id='word_1_63' title='bbox 686 982 753 1041; x_wconf 85' lang='lat' dir='ltr'>fore</span> <span class='ocrx_word' id='word_1_64' title='bbox 782 980 976 1057; x_wconf 89' lang='lat' dir='ltr'>reperiendo,</span> <span class='ocrx_word' id='word_1_65' title='bbox 999 983 1091 1040; x_wconf 87' lang='lat' dir='ltr'>vobis</span> <span class='ocrx_word' id='word_1_66' title='bbox 1114 987 1145 1041; x_wconf 90' lang='lat' dir='ltr'>et</span> <span class='ocrx_word' id='word_1_67' title='bbox 1167 984 1296 1042; x_wconf 84' lang='lat' dir='ltr'>cuilibet</span> <span class='ocrx_word' id='word_1_68' title='bbox 1317 990 1458 1042; x_wconf 88' lang='lat' dir='ltr'>vestrum</span> 
     </span>
     <span class='ocr_line' id='line_1_9' title="bbox 188 1089 1458 1166; baseline -0.002 -14"><span class='ocrx_word' id='word_1_69' title='bbox 188 1092 377 1163; x_wconf 86' lang='lat' dir='ltr'>mandasset,</span> <span class='ocrx_word' id='word_1_70' title='bbox 399 1097 434 1150; x_wconf 91' lang='lat' dir='ltr'>ut</span> <span class='ocrx_word' id='word_1_71' title='bbox 455 1093 540 1166; x_wconf 90' lang='lat' dir='ltr'>ipsos</span> <span class='ocrx_word' id='word_1_72' title='bbox 563 1091 647 1149; x_wconf 86' lang='lat' dir='ltr'>cives</span> <span class='ocrx_word' id='word_1_73' title='bbox 670 1094 700 1148; x_wconf 88' lang='lat' dir='ltr'>et</span> <span class='ocrx_word' id='word_1_74' title='bbox 715 1089 852 1164; x_wconf 87' lang='lat' dir='ltr'>hospites</span> <span class='ocrx_word' id='word_1_75' title='bbox 874 1089 997 1147; x_wconf 91' lang='lat' dir='ltr'>racione</span> <span class='ocrx_word' id='word_1_76' title='bbox 1019 1090 1150 1147; x_wconf 91' lang='lat' dir='ltr'>alicuius</span> <span class='ocrx_word' id='word_1_77' title='bbox 1172 1091 1339 1148; x_wconf 88' lang='lat' dir='ltr'>solucionis</span> <span class='ocrx_word' id='word_1_78' title='bbox 1361 1091 1458 1149; x_wconf 91' lang='lat' dir='ltr'>tribu·</span> 
     </span>
     <span class='ocr_line' id='line_1_10' title="bbox 184 1194 1459 1271; baseline -0.004 -12"><span class='ocrx_word' id='word_1_79' title='bbox 184 1199 264 1259; x_wconf 88' lang='lat' dir='ltr'>taric</span> <span class='ocrx_word' id='word_1_80' title='bbox 289 1201 321 1257; x_wconf 91' lang='lat' dir='ltr'>in</span> <span class='ocrx_word' id='word_1_81' title='bbox 345 1199 423 1257; x_wconf 90' lang='lat' dir='ltr'>locis</span> <span class='ocrx_word' id='word_1_82' title='bbox 446 1197 634 1256; x_wconf 89' lang='lat' dir='ltr'>tributorum</span> <span class='ocrx_word' id='word_1_83' title='bbox 656 1200 831 1253; x_wconf 87' lang='lat' dir='ltr'>vestrorum</span> <span class='ocrx_word' id='word_1_84' title='bbox 856 1209 916 1252; x_wconf 95' lang='lat' dir='ltr'>non</span> <span class='ocrx_word' id='word_1_85' title='bbox 938 1194 1092 1253; x_wconf 86' lang='lat' dir='ltr'>auderetis</span> <span class='ocrx_word' id='word_1_86' title='bbox 1115 1196 1337 1269; x_wconf 89' lang='lat' dir='ltr'>quoquomodo</span> <span class='ocrx_word' id='word_1_87' title='bbox 1359 1197 1459 1271; x_wconf 90' lang='lat' dir='ltr'>impe-</span> 
     </span>
     <span class='ocr_line' id='line_1_11' title="bbox 181 1299 1458 1379; baseline -0.003 -15"><span class='ocrx_word' id='word_1_88' title='bbox 181 1304 262 1364; x_wconf 89' lang='lat' dir='ltr'>dire.</span> <span class='ocrx_word' id='word_1_89' title='bbox 286 1303 389 1379; x_wconf 85' lang='lat' dir='ltr'>Super</span> <span class='ocrx_word' id='word_1_90' title='bbox 412 1319 475 1377; x_wconf 91' lang='lat' dir='ltr'>quo</span> <span class='ocrx_word' id='word_1_91' title='bbox 495 1309 525 1362; x_wconf 91' lang='lat' dir='ltr'>et</span> <span class='ocrx_word' id='word_1_92' title='bbox 547 1317 603 1361; x_wconf 92' lang='lat' dir='ltr'>nos</span> <span class='ocrx_word' id='word_1_93' title='bbox 626 1303 658 1360; x_wconf 92' lang='lat' dir='ltr'>in</span> <span class='ocrx_word' id='word_1_94' title='bbox 682 1316 813 1376; x_wconf 88' lang='lat' dir='ltr'>persona</span> <span class='ocrx_word' id='word_1_95' title='bbox 847 1299 960 1374; x_wconf 82' lang='lat' dir='ltr'>prelati</span> <span class='ocrx_word' id='word_1_96' title='bbox 986 1300 1104 1359; x_wconf 89' lang='lat' dir='ltr'>domini</span> <span class='ocrx_word' id='word_1_97' title='bbox 1129 1303 1228 1360; x_wconf 84' lang='lat' dir='ltr'>nostri</span> <span class='ocrx_word' id='word_1_98' title='bbox 1261 1303 1458 1376; x_wconf 89' lang='lat' dir='ltr'>imperatoris</span> 
     </span>
     <span class='ocr_line' id='line_1_12' title="bbox 178 1407 1457 1484; baseline -0.002 -14"><span class='ocrx_word' id='word_1_99' title='bbox 178 1425 242 1470; x_wconf 82' lang='lat' dir='ltr'>vos</span> <span class='ocrx_word' id='word_1_100' title='bbox 278 1416 310 1469; x_wconf 89' lang='lat' dir='ltr'>et</span> <span class='ocrx_word' id='word_1_101' title='bbox 349 1410 522 1484; x_wconf 87' lang='lat' dir='ltr'>quemlibet</span> <span class='ocrx_word' id='word_1_102' title='bbox 558 1415 697 1466; x_wconf 89' lang='lat' dir='ltr'>vestrum</span> <span class='ocrx_word' id='word_1_103' title='bbox 731 1407 918 1480; x_wconf 87' lang='lat' dir='ltr'>requirimus</span> <span class='ocrx_word' id='word_1_104' title='bbox 953 1413 983 1465; x_wconf 92' lang='lat' dir='ltr'>et</span> <span class='ocrx_word' id='word_1_105' title='bbox 1016 1408 1180 1466; x_wconf 90' lang='lat' dir='ltr'>hortamur</span> <span class='ocrx_word' id='word_1_106' title='bbox 1213 1409 1457 1483; x_wconf 83' lang='lat' dir='ltr'>auctoritateque</span> 
     </span>
     <span class='ocr_line' id='line_1_13' title="bbox 181 1515 1455 1587; baseline -0.002 -14"><span class='ocrx_word' id='word_1_107' title='bbox 181 1518 288 1577; x_wconf 87' lang='lat' dir='ltr'>nostri</span> <span class='ocrx_word' id='word_1_108' title='bbox 312 1515 409 1574; x_wconf 85' lang='lat' dir='ltr'>officii</span> <span class='ocrx_word' id='word_1_109' title='bbox 439 1515 663 1573; x_wconf 89' lang='lat' dir='ltr'>committimus</span> <span class='ocrx_word' id='word_1_110' title='bbox 687 1554 1092 1572; x_wconf 91' lang='grc'><strong>..............</strong></span> <span class='ocrx_word' id='word_1_111' title='bbox 1116 1515 1310 1587; x_wconf 89' lang='lat' dir='ltr'>presencium</span> <span class='ocrx_word' id='word_1_112' title='bbox 1337 1515 1455 1586; x_wconf 86' lang='lat' dir='ltr'>notitia,</span> 
     </span>
     <span class='ocr_line' id='line_1_14' title="bbox 182 1619 1456 1697; baseline -0.002 -15"><span class='ocrx_word' id='word_1_113' title='bbox 182 1623 306 1683; x_wconf 84' lang='lat' dir='ltr'>amodo</span> <span class='ocrx_word' id='word_1_114' title='bbox 338 1626 368 1680; x_wconf 92' lang='lat' dir='ltr'>et</span> <span class='ocrx_word' id='word_1_115' title='bbox 399 1623 430 1680; x_wconf 93' lang='lat' dir='ltr'>in</span> <span class='ocrx_word' id='word_1_116' title='bbox 461 1628 622 1696; x_wconf 89' lang='lat' dir='ltr'>posterum</span> <span class='ocrx_word' id='word_1_117' title='bbox 645 1635 663 1677; x_wconf 90' lang='lat' dir='ltr'>a</span> <span class='ocrx_word' id='word_1_118' title='bbox 686 1619 816 1694; x_wconf 84' lang='lat' dir='ltr'>prelatis</span> <span class='ocrx_word' id='word_1_119' title='bbox 838 1619 961 1677; x_wconf 86' lang='lat' dir='ltr'>civibus</span> <span class='ocrx_word' id='word_1_120' title='bbox 984 1625 1013 1677; x_wconf 89' lang='lat' dir='ltr'>et</span> <span class='ocrx_word' id='word_1_121' title='bbox 1038 1620 1222 1693; x_wconf 87' lang='lat' dir='ltr'>hospitibus,</span> <span class='ocrx_word' id='word_1_122' title='bbox 1246 1621 1402 1697; x_wconf 89' lang='lat' dir='ltr'>rebusque</span> <span class='ocrx_word' id='word_1_123' title='bbox 1426 1628 1456 1680; x_wconf 90' lang='lat' dir='ltr'>et</span> 
     </span>
     <span class='ocr_line' id='line_1_15' title="bbox 180 1724 1458 1804; baseline 0 -17"><span class='ocrx_word' id='word_1_124' title='bbox 180 1729 280 1788; x_wconf 86' lang='lat' dir='ltr'>bonis</span> <span class='ocrx_word' id='word_1_125' title='bbox 316 1729 458 1802; x_wconf 88' lang='lat' dir='ltr'>ipsorum</span> <span class='ocrx_word' id='word_1_126' title='bbox 493 1726 686 1801; x_wconf 90' lang='lat' dir='ltr'>quibuslibet</span> <span class='ocrx_word' id='word_1_127' title='bbox 719 1727 751 1783; x_wconf 92' lang='lat' dir='ltr'>in</span> <span class='ocrx_word' id='word_1_128' title='bbox 781 1725 858 1782; x_wconf 89' lang='lat' dir='ltr'>locis</span> <span class='ocrx_word' id='word_1_129' title='bbox 882 1724 1037 1783; x_wconf 91' lang='lat' dir='ltr'>dictorum</span> <span class='ocrx_word' id='word_1_130' title='bbox 1061 1727 1251 1785; x_wconf 90' lang='lat' dir='ltr'>tributorum</span> <span class='ocrx_word' id='word_1_131' title='bbox 1273 1735 1458 1804; x_wconf 88' lang='lat' dir='ltr'>vestrorum,</span> 
     </span>
     <span class='ocr_line' id='line_1_16' title="bbox 183 1831 1458 1908; baseline -0.002 -13"><span class='ocrx_word' id='word_1_132' title='bbox 183 1841 297 1895; x_wconf 83' lang='lat' dir='ltr'>contra</span> <span class='ocrx_word' id='word_1_133' title='bbox 332 1832 516 1891; x_wconf 89' lang='lat' dir='ltr'>mandatum</span> <span class='ocrx_word' id='word_1_134' title='bbox 550 1831 625 1890; x_wconf 89' lang='lat' dir='ltr'>dicti</span> <span class='ocrx_word' id='word_1_135' title='bbox 659 1831 778 1889; x_wconf 91' lang='lat' dir='ltr'>domini</span> <span class='ocrx_word' id='word_1_136' title='bbox 806 1832 904 1889; x_wconf 90' lang='lat' dir='ltr'>nostri</span> <span class='ocrx_word' id='word_1_137' title='bbox 927 1832 1124 1906; x_wconf 90' lang='lat' dir='ltr'>imperatoris</span> <span class='ocrx_word' id='word_1_138' title='bbox 1147 1833 1272 1892; x_wconf 92' lang='lat' dir='ltr'>nullum</span> <span class='ocrx_word' id='word_1_139' title='bbox 1295 1835 1458 1908; x_wconf 91' lang='lat' dir='ltr'>tributum,</span> 
     </span>
     <span class='ocr_line' id='line_1_17' title="bbox 186 1938 1457 2016; baseline -0.001 -16"><span class='ocrx_word' id='word_1_140' title='bbox 186 1942 354 2001; x_wconf 88' lang='lat' dir='ltr'>nullamve</span> <span class='ocrx_word' id='word_1_141' title='bbox 385 1939 575 1998; x_wconf 90' lang='lat' dir='ltr'>solucionem</span> <span class='ocrx_word' id='word_1_142' title='bbox 606 1939 804 1997; x_wconf 89' lang='lat' dir='ltr'>tributariam</span> <span class='ocrx_word' id='word_1_143' title='bbox 835 1938 971 2011; x_wconf 89' lang='lat' dir='ltr'>recipere</span> <span class='ocrx_word' id='word_1_144' title='bbox 1008 1943 1037 1996; x_wconf 91' lang='lat' dir='ltr'>et</span> <span class='ocrx_word' id='word_1_145' title='bbox 1068 1939 1190 2012; x_wconf 82' lang='lat' dir='ltr'>exigere</span> <span class='ocrx_word' id='word_1_146' title='bbox 1214 1943 1457 2016; x_wconf 89' lang='lat' dir='ltr'>presumpmatis</span> 
     </span>
     <span class='ocr_line' id='line_1_18' title="bbox 187 2044 1458 2120; baseline -0.001 -12"><span class='ocrx_word' id='word_1_147' title='bbox 187 2065 246 2108; x_wconf 89' lang='lat' dir='ltr'>nec</span> <span class='ocrx_word' id='word_1_148' title='bbox 268 2048 337 2106; x_wconf 89' lang='lat' dir='ltr'>sitis</span> <span class='ocrx_word' id='word_1_149' title='bbox 360 2046 427 2105; x_wconf 88' lang='lat' dir='ltr'>ausi</span> <span class='ocrx_word' id='word_1_150' title='bbox 449 2045 544 2113; x_wconf 88' lang='lat' dir='ltr'>modo</span> <span class='ocrx_word' id='word_1_151' title='bbox 566 2045 716 2118; x_wconf 88' lang='lat' dir='ltr'>aliquali;</span> <span class='ocrx_word' id='word_1_152' title='bbox 740 2049 769 2102; x_wconf 89' lang='lat' dir='ltr'>et</span> <span class='ocrx_word' id='word_1_153' title='bbox 792 2044 887 2117; x_wconf 87' lang='lat' dir='ltr'>aliud,</span> <span class='ocrx_word' id='word_1_154' title='bbox 911 2046 1015 2120; x_wconf 91' lang='lat' dir='ltr'>prouti</span> <span class='ocrx_word' id='word_1_155' title='bbox 1039 2051 1280 2119; x_wconf 86' lang='lat' dir='ltr'>transgressores</span> <span class='ocrx_word' id='word_1_156' title='bbox 1303 2048 1458 2107; x_wconf 89' lang='lat' dir='ltr'>dictorum</span> 
     </span>
     <span class='ocr_line' id='line_1_19' title="bbox 194 2149 1459 2228; baseline -0.002 -14"><span class='ocrx_word' id='word_1_157' title='bbox 194 2154 415 2214; x_wconf 90' lang='lat' dir='ltr'>mandatorum</span> <span class='ocrx_word' id='word_1_158' title='bbox 438 2152 651 2227; x_wconf 88' lang='lat' dir='ltr'>imperialium</span> <span class='ocrx_word' id='word_1_159' title='bbox 674 2151 757 2209; x_wconf 87' lang='lat' dir='ltr'>effici</span> <span class='ocrx_word' id='word_1_160' title='bbox 780 2149 964 2223; x_wconf 77' lang='lat' dir='ltr'>formidatis,</span> <span class='ocrx_word' id='word_1_161' title='bbox 997 2151 1098 2209; x_wconf 80' lang='lat' dir='ltr'>facere</span> <span class='ocrx_word' id='word_1_162' title='bbox 1123 2167 1184 2210; x_wconf 89' lang='lat' dir='ltr'>non</span> <span class='ocrx_word' id='word_1_163' title='bbox 1207 2155 1312 2212; x_wconf 88' lang='lat' dir='ltr'>ausuri</span> <span class='ocrx_word' id='word_1_164' title='bbox 1336 2156 1367 2212; x_wconf 91' lang='lat' dir='ltr'>in</span> <span class='ocrx_word' id='word_1_165' title='bbox 1389 2171 1459 2228; x_wconf 90' lang='lat' dir='ltr'>pre·</span> 
     </span>
     <span class='ocr_line' id='line_1_20' title="bbox 189 2259 1459 2337; baseline -0.001 -16"><span class='ocrx_word' id='word_1_166' title='bbox 189 2262 300 2321; x_wconf 83' lang='lat' dir='ltr'>missis.</span> <span class='ocrx_word' id='word_1_167' title='bbox 320 2261 479 2318; x_wconf 86' lang='lat' dir='ltr'>Presentes</span> <span class='ocrx_word' id='word_1_168' title='bbox 502 2260 600 2318; x_wconf 92' lang='lat' dir='ltr'>eciam</span> <span class='ocrx_word' id='word_1_169' title='bbox 624 2264 696 2334; x_wconf 91' lang='lat' dir='ltr'>post</span> <span class='ocrx_word' id='word_1_170' title='bbox 726 2272 835 2316; x_wconf 88' lang='lat' dir='ltr'>earum</span> <span class='ocrx_word' id='word_1_171' title='bbox 867 2259 1018 2316; x_wconf 91' lang='lat' dir='ltr'>lecturam</span> <span class='ocrx_word' id='word_1_172' title='bbox 1049 2259 1166 2332; x_wconf 91' lang='lat' dir='ltr'>ubique</span> <span class='ocrx_word' id='word_1_173' title='bbox 1197 2260 1285 2319; x_wconf 93' lang='lat' dir='ltr'>reddi</span> <span class='ocrx_word' id='word_1_174' title='bbox 1313 2260 1459 2337; x_wconf 85' lang='lat' dir='ltr'>jubemus</span> 
     </span>
     <span class='ocr_line' id='line_1_21' title="bbox 191 2359 1458 2442; baseline -0.001 -16"><span class='ocrx_word' id='word_1_175' title='bbox 191 2367 391 2442; x_wconf 87' lang='lat' dir='ltr'>presentanti.</span> <span class='ocrx_word' id='word_1_176' title='bbox 415 2361 531 2423; x_wconf 88' lang='lat' dir='ltr'>Datum</span> <span class='ocrx_word' id='word_1_177' title='bbox 555 2365 586 2424; x_wconf 90' lang='lat' dir='ltr'>in</span> <span class='ocrx_word' id='word_1_178' title='bbox 609 2363 761 2423; x_wconf 87' lang='lat' dir='ltr'>Prodauiz</span> <span class='ocrx_word' id='word_1_179' title='bbox 791 2363 867 2422; x_wconf 86' lang='lat' dir='ltr'>feria</span> <span class='ocrx_word' id='word_1_180' title='bbox 884 2370 970 2422; x_wconf 86' lang='lat' dir='ltr'>sexta</span> <span class='ocrx_word' id='word_1_181' title='bbox 994 2366 1137 2439; x_wconf 88' lang='lat' dir='ltr'>proxima</span> <span class='ocrx_word' id='word_1_182' title='bbox 1147 2360 1224 2441; x_wconf 72' lang='lat' dir='ltr'>&#39;post</span> <span class='ocrx_word' id='word_1_183' title='bbox 1240 2359 1357 2426; x_wconf 83' lang='lat' dir='ltr'>festum</span> <span class='ocrx_word' id='word_1_184' title='bbox 1369 2369 1458 2426; x_wconf 92' lang='lat' dir='ltr'>beate</span> 
     </span>
     <span class='ocr_line' id='line_1_22' title="bbox 190 2470 1459 2547; baseline 0.001 -16"><span class='ocrx_word' id='word_1_185' title='bbox 190 2473 282 2532; x_wconf 87' lang='lat' dir='ltr'>Lucic</span> <span class='ocrx_word' id='word_1_186' title='bbox 302 2473 441 2545; x_wconf 89' lang='lat' dir='ltr'>virginis.</span> <span class='ocrx_word' id='word_1_187' title='bbox 466 2473 554 2530; x_wconf 79' lang='lat' dir='ltr'>Anno</span> <span class='ocrx_word' id='word_1_188' title='bbox 578 2471 695 2529; x_wconf 89' lang='lat' dir='ltr'>domini</span> <span class='ocrx_word' id='word_1_189' title='bbox 719 2470 889 2528; x_wconf 89' lang='lat' dir='ltr'>millesimo</span> <span class='ocrx_word' id='word_1_190' title='bbox 913 2471 1218 2544; x_wconf 87' lang='lat' dir='ltr'>quadringentesimo</span> <span class='ocrx_word' id='word_1_191' title='bbox 1234 2474 1323 2530; x_wconf 87' lang='lat' dir='ltr'>XXX</span> <span class='ocrx_word' id='word_1_192' title='bbox 1340 2475 1459 2547; x_wconf 89' lang='lat' dir='ltr'>quinto.</span> 
     </span>
    </p>
   </div>
   <div class='ocr_carea' id='block_1_3' title="bbox 191 2605 1456 2749">
    <p class='ocr_par' dir='ltr' id='par_1_3' title="bbox 191 2605 1456 2749">
     <span class='ocr_line' id='line_1_23' title="bbox 294 2605 1456 2673; baseline 0.001 -16"><span class='ocrx_word' id='word_1_193' title='bbox 294 2606 428 2673; x_wconf 80' lang='lat' dir='ltr'>originale</span> <span class='ocrx_word' id='word_1_194' title='bbox 446 2608 474 2658; x_wconf 85' lang='lat' dir='ltr'>in</span> <span class='ocrx_word' id='word_1_195' title='bbox 492 2607 588 2665; x_wconf 79' lang='lat' dir='ltr'>charta,</span> <span class='ocrx_word' id='word_1_196' title='bbox 607 2607 634 2656; x_wconf 87' lang='lat' dir='ltr'>iu</span> <span class='ocrx_word' id='word_1_197' title='bbox 652 2605 767 2670; x_wconf 82' lang='lat' dir='ltr'>margine</span> <span class='ocrx_word' id='word_1_198' title='bbox 785 2606 901 2656; x_wconf 84' lang='lat' dir='ltr'>inferiori</span> <span class='ocrx_word' id='word_1_199' title='bbox 920 2607 1072 2672; x_wconf 85' lang='lat' dir='ltr'>impressum</span> <span class='ocrx_word' id='word_1_200' title='bbox 1091 2615 1129 2656; x_wconf 91' lang='lat' dir='ltr'>cst</span> <span class='ocrx_word' id='word_1_201' title='bbox 1148 2607 1270 2671; x_wconf 85' lang='lat' dir='ltr'>sigiilum.</span> <span class='ocrx_word' id='word_1_202' title='bbox 1302 2611 1334 2657; x_wconf 90' lang='lat' dir='ltr'>In</span> <span class='ocrx_word' id='word_1_203' title='bbox 1348 2608 1456 2660; x_wconf 67' lang='lat' dir='ltr'>archiv.</span> 
     </span>
     <span class='ocr_line' id='line_1_24' title="bbox 191 2694 668 2749; baseline -0.006 -1"><span class='ocrx_word' id='word_1_204' title='bbox 191 2696 249 2749; x_wconf 83' lang='lat' dir='ltr'>incl.</span> <span class='ocrx_word' id='word_1_205' title='bbox 270 2697 354 2748; x_wconf 80' lang='lat' dir='ltr'>Acad.</span> <span class='ocrx_word' id='word_1_206' title='bbox 374 2697 470 2747; x_wconf 82' lang='lat' dir='ltr'>Scient.</span> <span class='ocrx_word' id='word_1_207' title='bbox 489 2694 560 2746; x_wconf 74' lang='lat' dir='ltr'>Slus.</span> <span class='ocrx_word' id='word_1_208' title='bbox 579 2695 668 2746; x_wconf 86' lang='lat' dir='ltr'>merid.</span> 
     </span>
    </p>
   </div>
   <div class='ocr_carea' id='block_1_4' title="bbox 807 2872 869 2937">
    <p class='ocr_par' dir='ltr' id='par_1_4' title="bbox 807 2872 869 2937">
     <span class='ocr_line' id='line_1_25' title="bbox 807 2872 869 2937; baseline -0.048 0"><span class='ocrx_word' id='word_1_209' title='bbox 807 2872 869 2937; x_wconf 83' lang='lat'>93.</span> 
     </span>
    </p>
   </div>
   <div class='ocr_carea' id='block_1_5' title="bbox 298 3031 856 3095">
    <p class='ocr_par' dir='ltr' id='par_1_5' title="bbox 298 3031 856 3095">
     <span class='ocr_line' id='line_1_26' title="bbox 298 3031 856 3095; baseline 0.002 -14"><span class='ocrx_word' id='word_1_210' title='bbox 298 3033 379 3081; x_wconf 82' lang='lat' dir='ltr'>Auno</span> <span class='ocrx_word' id='word_1_211' title='bbox 401 3031 475 3095; x_wconf 77' lang='lat'>1436,</span> <span class='ocrx_word' id='word_1_212' title='bbox 496 3032 519 3083; x_wconf 90' lang='lat'>8.</span> <span class='ocrx_word' id='word_1_213' title='bbox 539 3031 670 3082; x_wconf 79' lang='lat' dir='ltr'>februarii.</span> <span class='ocrx_word' id='word_1_214' title='bbox 690 3034 720 3079; x_wconf 92' lang='lat' dir='ltr'>In</span> <span class='ocrx_word' id='word_1_215' title='bbox 740 3031 856 3082; x_wconf 70' lang='lat' dir='ltr'>Draielc.</span> 
     </span>
    </p>
   </div>
   <div class='ocr_carea' id='block_1_6' title="bbox 195 3148 1459 3447">
    <p class='ocr_par' dir='ltr' id='par_1_6' title="bbox 195 3148 1459 3447">
     <span class='ocr_line' id='line_1_27' title="bbox 201 3148 1458 3237; baseline 0 -19"><span class='ocrx_word' id='word_1_216' title='bbox 201 3160 360 3218; x_wconf 75' lang='lat' dir='ltr'>Mammas</span> <span class='ocrx_word' id='word_1_217' title='bbox 387 3160 418 3217; x_wconf 85' lang='lat' dir='ltr'><em>T</em></span> <span class='ocrx_word' id='word_1_218' title='bbox 413 3162 516 3218; x_wconf 81' lang='lat' dir='ltr'>aloaac</span> <span class='ocrx_word' id='word_1_219' title='bbox 544 3161 645 3230; x_wconf 80' lang='lat' dir='ltr'>barrus,</span> <span class='ocrx_word' id='word_1_220' title='bbox 676 3169 709 3218; x_wconf 84' lang='lat' dir='ltr'>ut</span> <span class='ocrx_word' id='word_1_221' title='bbox 736 3162 934 3219; x_wconf 79' lang='lat' dir='ltr'>conmmm&#39;mli</span> <span class='ocrx_word' id='word_1_222' title='bbox 954 3163 1078 3219; x_wconf 76' lang='lat' dir='ltr'>civitates</span> <span class='ocrx_word' id='word_1_223' title='bbox 1101 3163 1239 3219; x_wconf 71' lang='lat' dir='ltr'>vtclualia</span> <span class='ocrx_word' id='word_1_224' title='bbox 1255 3170 1315 3236; x_wconf 74' lang='lat' dir='ltr'>per</span> <span class='ocrx_word' id='word_1_225' title='bbox 1328 3148 1458 3237; x_wconf 76' lang='lat' dir='ltr'>fratrem</span> 
     </span>
     <span class='ocr_line' id='line_1_28' title="bbox 195 3265 1459 3341; baseline 0.003 -18"><span class='ocrx_word' id='word_1_226' title='bbox 195 3283 273 3324; x_wconf 86' lang='lat' dir='ltr'>suum</span> <span class='ocrx_word' id='word_1_227' title='bbox 296 3265 479 3341; x_wconf 78' lang='lat' dir='ltr'>lmnrirrcsquc</span> <span class='ocrx_word' id='word_1_228' title='bbox 500 3284 566 3324; x_wconf 80' lang='lat' dir='ltr'>suos</span> <span class='ocrx_word' id='word_1_229' title='bbox 588 3275 760 3340; x_wconf 79' lang='lat' dir='ltr'>comsumpta</span> <span class='ocrx_word' id='word_1_230' title='bbox 783 3269 924 3337; x_wconf 79' lang='lat' dir='ltr'>restituat,</span> <span class='ocrx_word' id='word_1_231' title='bbox 947 3268 1141 3325; x_wconf 80' lang='lat' dir='ltr'>resr&#39;rluitatem</span> <span class='ocrx_word' id='word_1_232' title='bbox 1162 3270 1347 3335; x_wconf 73' lang='lat' dir='ltr'>pecuniariae</span> <span class='ocrx_word' id='word_1_233' title='bbox 1370 3277 1459 3327; x_wconf 76' lang='lat' dir='ltr'>luxae</span> 
     </span>
     <span class='ocr_line' id='line_1_29' title="bbox 437 3372 1210 3447; baseline 0.001 -17"><span class='ocrx_word' id='word_1_234' title='bbox 437 3374 516 3447; x_wconf 84' lang='lat' dir='ltr'>regio</span> <span class='ocrx_word' id='word_1_235' title='bbox 539 3372 676 3430; x_wconf 82' lang='lat' dir='ltr'>nrandato</span> <span class='ocrx_word' id='word_1_236' title='bbox 698 3374 845 3447; x_wconf 80' lang='lat' dir='ltr'>impositae</span> <span class='ocrx_word' id='word_1_237' title='bbox 868 3375 987 3431; x_wconf 74' lang='lat' dir='ltr'>relaxa!</span> <span class='ocrx_word' id='word_1_238' title='bbox 1007 3376 1210 3433; x_wconf 80' lang='lat' dir='ltr'>communitati.</span> 
     </span>
    </p>
   </div>
   <div class='ocr_carea' id='block_1_7' title="bbox 1007 3512 1388 3564">
    <p class='ocr_par' dir='ltr' id='par_1_7' title="bbox 1007 3512 1388 3564">
     <span class='ocr_line' id='line_1_30' title="bbox 1007 3512 1388 3564; baseline 0.01 -4"><span class='ocrx_word' id='word_1_239' title='bbox 1007 3512 1118 3562; x_wconf 88' lang='lat' dir='ltr'>Relacio</span> <span class='ocrx_word' id='word_1_240' title='bbox 1137 3513 1235 3563; x_wconf 87' lang='lat' dir='ltr'>domini</span> <span class='ocrx_word' id='word_1_241' title='bbox 1253 3513 1388 3564; x_wconf 86' lang='lat' dir='ltr'>Perkouis.</span> 
     </span>
    </p>
   </div>
   <div class='ocr_carea' id='block_1_8' title="bbox 191 3624 1459 4664">
    <p class='ocr_par' dir='ltr' id='par_1_8' title="bbox 191 3624 1459 4664">
     <span class='ocr_line' id='line_1_31' title="bbox 296 3624 1458 3703; baseline 0.003 -19"><span class='ocrx_word' id='word_1_242' title='bbox 296 3626 361 3685; x_wconf 90' lang='lat' dir='ltr'>Nos</span> <span class='ocrx_word' id='word_1_243' title='bbox 384 3624 511 3698; x_wconf 82' lang='lat' dir='ltr'>Mathko</span> <span class='ocrx_word' id='word_1_244' title='bbox 534 3625 572 3683; x_wconf 91' lang='lat' dir='ltr'>de</span> <span class='ocrx_word' id='word_1_245' title='bbox 602 3626 749 3684; x_wconf 89' lang='lat' dir='ltr'>Talloucz</span> <span class='ocrx_word' id='word_1_246' title='bbox 784 3628 870 3699; x_wconf 89' lang='lat' dir='ltr'>regni</span> <span class='ocrx_word' id='word_1_247' title='bbox 906 3625 1069 3685; x_wconf 89' lang='lat' dir='ltr'>Selauonie</span> <span class='ocrx_word' id='word_1_248' title='bbox 1098 3627 1204 3686; x_wconf 91' lang='lat' dir='ltr'>banus.</span> <span class='ocrx_word' id='word_1_249' title='bbox 1243 3629 1362 3686; x_wconf 89' lang='lat' dir='ltr'>Damus</span> <span class='ocrx_word' id='word_1_250' title='bbox 1400 3644 1458 3703; x_wconf 94' lang='lat' dir='ltr'>pro</span> 
     </span>
     <span class='ocr_line' id='line_1_32' title="bbox 194 3730 1457 3809; baseline 0.002 -18"><span class='ocrx_word' id='word_1_251' title='bbox 194 3733 352 3804; x_wconf 87' lang='lat' dir='ltr'>memoria,</span> <span class='ocrx_word' id='word_1_252' title='bbox 377 3730 461 3805; x_wconf 83' lang='lat' dir='ltr'>quod</span> <span class='ocrx_word' id='word_1_253' title='bbox 484 3745 540 3790; x_wconf 91' lang='lat' dir='ltr'>nos</span> <span class='ocrx_word' id='word_1_254' title='bbox 563 3731 602 3790; x_wconf 90' lang='lat' dir='ltr'>ad</span> <span class='ocrx_word' id='word_1_255' title='bbox 626 3733 787 3806; x_wconf 90' lang='lat' dir='ltr'>peticionis</span> <span class='ocrx_word' id='word_1_256' title='bbox 811 3734 992 3791; x_wconf 87' lang='lat' dir='ltr'>instanciam</span> <span class='ocrx_word' id='word_1_257' title='bbox 1015 3735 1047 3792; x_wconf 93' lang='lat' dir='ltr'>in</span> <span class='ocrx_word' id='word_1_258' title='bbox 1077 3734 1218 3808; x_wconf 90' lang='lat' dir='ltr'>personis</span> <span class='ocrx_word' id='word_1_259' title='bbox 1249 3734 1457 3809; x_wconf 88' lang='lat' dir='ltr'>providorum</span> 
     </span>
     <span class='ocr_line' id='line_1_33' title="bbox 194 3838 1459 3921; baseline 0.002 -26"><span class='ocrx_word' id='word_1_260' title='bbox 194 3840 333 3898; x_wconf 79' lang='lat' dir='ltr'>virorum</span> <span class='ocrx_word' id='word_1_261' title='bbox 357 3839 474 3921; x_wconf 84' lang='lat' dir='ltr'>civium</span> <span class='ocrx_word' id='word_1_262' title='bbox 498 3838 643 3898; x_wconf 86' lang='lat' dir='ltr'>videlicet</span> <span class='ocrx_word' id='word_1_263' title='bbox 667 3844 697 3898; x_wconf 91' lang='lat' dir='ltr'>et</span> <span class='ocrx_word' id='word_1_264' title='bbox 720 3840 882 3914; x_wconf 91' lang='lat' dir='ltr'>hospitum</span> <span class='ocrx_word' id='word_1_265' title='bbox 912 3842 1047 3899; x_wconf 90' lang='lat' dir='ltr'>civitatis</span> <span class='ocrx_word' id='word_1_266' title='bbox 1078 3843 1191 3899; x_wconf 91' lang='lat' dir='ltr'>montis</span> <span class='ocrx_word' id='word_1_267' title='bbox 1227 3841 1389 3901; x_wconf 88' lang='lat' dir='ltr'>Grccensis</span> <span class='ocrx_word' id='word_1_268' title='bbox 1420 3842 1459 3899; x_wconf 90' lang='lat' dir='ltr'>de</span> 
     </span>
     <span class='ocr_line' id='line_1_34' title="bbox 194 3945 1459 4021; baseline 0 -16"><span class='ocrx_word' id='word_1_269' title='bbox 194 3946 407 4020; x_wconf 87' lang='lat' dir='ltr'>promontorio</span> <span class='ocrx_word' id='word_1_270' title='bbox 429 3945 629 4018; x_wconf 84' lang='lat' dir='ltr'>Zagrabicnsi</span> <span class='ocrx_word' id='word_1_271' title='bbox 652 3946 742 4004; x_wconf 92' lang='lat' dir='ltr'>nobis</span> <span class='ocrx_word' id='word_1_272' title='bbox 765 3947 906 4016; x_wconf 87' lang='lat' dir='ltr'>allatam,</span> <span class='ocrx_word' id='word_1_273' title='bbox 931 3949 1123 4021; x_wconf 87' lang='lat' dir='ltr'>paupertatis</span> <span class='ocrx_word' id='word_1_274' title='bbox 1147 3948 1252 4020; x_wconf 91' lang='lat' dir='ltr'>inopie</span> <span class='ocrx_word' id='word_1_275' title='bbox 1276 3947 1459 4005; x_wconf 89' lang='lat' dir='ltr'>eorumdem</span> 
     </span>
     <span class='ocr_line' id='line_1_35' title="bbox 193 4051 1459 4128; baseline -0.002 -17"><span class='ocrx_word' id='word_1_276' title='bbox 193 4052 429 4126; x_wconf 83' lang='lat' dir='ltr'>compacieutes,</span> <span class='ocrx_word' id='word_1_277' title='bbox 463 4051 675 4111; x_wconf 88' lang='lat' dir='ltr'>residuitatem</span> <span class='ocrx_word' id='word_1_278' title='bbox 698 4060 768 4111; x_wconf 83' lang='lat' dir='ltr'>taxe</span> <span class='ocrx_word' id='word_1_279' title='bbox 800 4053 975 4126; x_wconf 90' lang='lat' dir='ltr'>pecuniaric</span> <span class='ocrx_word' id='word_1_280' title='bbox 997 4071 1053 4128; x_wconf 92' lang='lat' dir='ltr'>per</span> <span class='ocrx_word' id='word_1_281' title='bbox 1087 4054 1246 4127; x_wconf 89' lang='lat' dir='ltr'>egregium</span> <span class='ocrx_word' id='word_1_282' title='bbox 1278 4052 1459 4124; x_wconf 86' lang='lat' dir='ltr'>Pcrlronem,</span> 
     </span>
     <span class='ocr_line' id='line_1_36' title="bbox 193 4156 1458 4235; baseline -0.002 -17"><span class='ocrx_word' id='word_1_283' title='bbox 193 4157 321 4219; x_wconf 65' lang='lat' dir='ltr'>matrem</span> <span class='ocrx_word' id='word_1_284' title='bbox 344 4162 494 4229; x_wconf 88' lang='lat' dir='ltr'>nostrum,</span> <span class='ocrx_word' id='word_1_285' title='bbox 521 4157 560 4215; x_wconf 88' lang='lat' dir='ltr'>de</span> <span class='ocrx_word' id='word_1_286' title='bbox 583 4159 740 4231; x_wconf 89' lang='lat' dir='ltr'>imperiali</span> <span class='ocrx_word' id='word_1_287' title='bbox 764 4159 909 4218; x_wconf 90' lang='lat' dir='ltr'>mandato</span> <span class='ocrx_word' id='word_1_288' title='bbox 933 4176 1028 4235; x_wconf 88' lang='lat' dir='ltr'>super</span> <span class='ocrx_word' id='word_1_289' title='bbox 1050 4162 1134 4234; x_wconf 86' lang='lat' dir='ltr'>ipsos</span> <span class='ocrx_word' id='word_1_290' title='bbox 1148 4158 1301 4231; x_wconf 72' lang='lat' dir='ltr'>imposne,</span> <span class='ocrx_word' id='word_1_291' title='bbox 1319 4156 1458 4215; x_wconf 91' lang='lat' dir='ltr'>nondum</span> 
     </span>
     <span class='ocr_line' id='line_1_37' title="bbox 192 4263 1459 4340; baseline -0.001 -17"><span class='ocrx_word' id='word_1_292' title='bbox 192 4271 343 4336; x_wconf 85' lang='lat' dir='ltr'>exactam,</span> <span class='ocrx_word' id='word_1_293' title='bbox 367 4263 399 4322; x_wconf 91' lang='lat' dir='ltr'>in</span> <span class='ocrx_word' id='word_1_294' title='bbox 422 4263 667 4322; x_wconf 85' lang='lat' dir='ltr'>satisfaccionem</span> <span class='ocrx_word' id='word_1_295' title='bbox 692 4265 874 4323; x_wconf 87' lang='lat' dir='ltr'>victualium</span> <span class='ocrx_word' id='word_1_296' title='bbox 898 4282 954 4340; x_wconf 90' lang='lat' dir='ltr'>per</span> <span class='ocrx_word' id='word_1_297' title='bbox 977 4267 1081 4340; x_wconf 92' lang='lat' dir='ltr'>ipsum</span> <span class='ocrx_word' id='word_1_298' title='bbox 1112 4265 1240 4322; x_wconf 86' lang='lat' dir='ltr'>fratrem</span> <span class='ocrx_word' id='word_1_299' title='bbox 1263 4270 1404 4321; x_wconf 86' lang='lat' dir='ltr'>nostrum</span> <span class='ocrx_word' id='word_1_300' title='bbox 1429 4268 1459 4322; x_wconf 94' lang='lat' dir='ltr'>et</span> 
     </span>
     <span class='ocr_line' id='line_1_38' title="bbox 191 4370 1458 4445; baseline -0.002 -15"><span class='ocrx_word' id='word_1_301' title='bbox 191 4370 333 4431; x_wconf 86' lang='lat' dir='ltr'>homines</span> <span class='ocrx_word' id='word_1_302' title='bbox 355 4383 428 4428; x_wconf 84' lang='lat' dir='ltr'>suos</span> <span class='ocrx_word' id='word_1_303' title='bbox 450 4374 521 4444; x_wconf 86' lang='lat' dir='ltr'>post</span> <span class='ocrx_word' id='word_1_304' title='bbox 544 4385 635 4429; x_wconf 89' lang='lat' dir='ltr'>suum</span> <span class='ocrx_word' id='word_1_305' title='bbox 658 4387 814 4429; x_wconf 91' lang='lat' dir='ltr'>recessum</span> <span class='ocrx_word' id='word_1_306' title='bbox 838 4377 1104 4445; x_wconf 88' lang='lat' dir='ltr'>consumptorum,</span> <span class='ocrx_word' id='word_1_307' title='bbox 1140 4370 1255 4429; x_wconf 89' lang='lat' dir='ltr'>eisdem</span> <span class='ocrx_word' id='word_1_308' title='bbox 1281 4370 1403 4429; x_wconf 88' lang='lat' dir='ltr'>civibus</span> <span class='ocrx_word' id='word_1_309' title='bbox 1427 4374 1458 4428; x_wconf 87' lang='lat' dir='ltr'>et</span> 
     </span>
     <span class='ocr_line' id='line_1_39' title="bbox 194 4476 1456 4551; baseline -0.003 -14"><span class='ocrx_word' id='word_1_310' title='bbox 194 4476 379 4551; x_wconf 87' lang='lat' dir='ltr'>hospitibus,</span> <span class='ocrx_word' id='word_1_311' title='bbox 403 4492 460 4550; x_wconf 86' lang='lat' dir='ltr'>per</span> <span class='ocrx_word' id='word_1_312' title='bbox 483 4476 568 4550; x_wconf 90' lang='lat' dir='ltr'>ipsos</span> <span class='ocrx_word' id='word_1_313' title='bbox 598 4477 790 4551; x_wconf 84' lang='lat' dir='ltr'>exigendam,</span> <span class='ocrx_word' id='word_1_314' title='bbox 827 4477 973 4536; x_wconf 82' lang='lat' dir='ltr'>duximus</span> <span class='ocrx_word' id='word_1_315' title='bbox 1009 4477 1210 4537; x_wconf 86' lang='lat' dir='ltr'>relaxandam</span> <span class='ocrx_word' id='word_1_316' title='bbox 1244 4478 1342 4535; x_wconf 91' lang='lat' dir='ltr'>immo</span> <span class='ocrx_word' id='word_1_317' title='bbox 1376 4476 1456 4534; x_wconf 82' lang='lat' dir='ltr'>rela-</span> 
     </span>
     <span class='ocr_line' id='line_1_40' title="bbox 192 4577 1457 4664; baseline -0.001 -22"><span class='ocrx_word' id='word_1_318' title='bbox 192 4598 303 4642; x_wconf 83' lang='lat' dir='ltr'>xamus</span> <span class='ocrx_word' id='word_1_319' title='bbox 324 4583 519 4658; x_wconf 87' lang='lat' dir='ltr'>presencium</span> <span class='ocrx_word' id='word_1_320' title='bbox 542 4583 717 4642; x_wconf 88' lang='lat' dir='ltr'>litterarum</span> <span class='ocrx_word' id='word_1_321' title='bbox 739 4588 918 4643; x_wconf 91' lang='lat' dir='ltr'>nostrarum</span> <span class='ocrx_word' id='word_1_322' title='bbox 942 4577 1145 4664; x_wconf 84' lang='lat' dir='ltr'>(testimonio)</span> <span class='ocrx_word' id='word_1_323' title='bbox 1168 4589 1199 4644; x_wconf 88' lang='lat' dir='ltr'>et</span> <span class='ocrx_word' id='word_1_324' title='bbox 1222 4584 1331 4657; x_wconf 83' lang='lat' dir='ltr'>vigore</span> <span class='ocrx_word' id='word_1_325' title='bbox 1362 4582 1457 4642; x_wconf 89' lang='lat' dir='ltr'>medi·</span> 
     </span>
    </p>
   </div>
   <div class='ocr_carea' id='block_1_9' title="bbox 0 0 1645 5348">
    <p class='ocr_par' dir='ltr' id='par_1_9' title="bbox 0 0 1645 5348">
     <span class='ocr_line' id='line_1_41' title="bbox 0 0 1645 5348; baseline 0 0"><span class='ocrx_word' id='word_1_326' title='bbox 0 0 1645 5348; x_wconf 95' lang='lat' dir='ltr'> </span> 
     </span>
    </p>
   </div>
  </div>
 </body>
</html>
