3278 5348
626 418 702 480 Doc.
725 431 794 496 114.
817 452 860 461 -
883 418 940 476 An.
964 414 1056 497 1438.
1406 440 1463 500 143

202 631 296 708 Cilye,
321 635 577 709 Ortenbergensis
600 641 630 693 et
653 634 781 708 Zagorie
804 650 916 705 comes,
949 634 1161 709 personaliter,
1187 651 1279 694 onera
1303 642 1333 696 et
1355 654 1467 711 grava·

201 741 282 799 mina
318 741 452 800 illustris
486 742 637 816 principis
671 741 829 811 Friderici
866 743 1011 801 similiter
1046 741 1132 812 Ci1ie,
1156 742 1414 816 Ortenburgensis
1437 752 1467 804 et

200 845 327 919 Zagorie
362 849 515 919 comitiS‚'
536 849 633 922 patris
667 848 723 916 sui,
758 864 794 906 ac
828 849 968 907 omnium
1003 848 1205 906 familiarium
1239 856 1268 906 et
1302 850 1465 909 hominum

198 968 336 1022 suorum,
359 954 618 1029 singulorumque
641 954 680 1012 ad
704 956 788 1029 ipsos
814 956 1045 1030 pertinencium,
1068 964 1211 1013 notanter
1229 962 1332 1013 autem
1349 958 1465 1031 egregii

199 1058 360 1132 Vylhelmi
383 1062 544 1119 castellani
567 1061 659 1119 castri
682 1061 802 1120 ltledwe
818 1063 986 1135 nuncupati
1009 1068 1040 1120 et
1055 1061 1093 1119 ad
1110 1062 1215 1135 ipsum
1232 1063 1464 1136 pertinencium,

198 1181 291 1239 super
315 1182 348 1224 se
370 1167 621 1241 assumpmendo‚
644 1168 685 1225 ab
708 1184 785 1239 una,
811 1177 900 1242 parte
923 1184 998 1226 vero
1022 1169 1062 1225 ab
1078 1168 1176 1225 altera
1191 1168 1388 1226 honorabiles
1406 1171 1465 1229 viri

196 1271 351 1353 Johannes
374 1272 571 1332 decretorum
594 1273 703 1332 doctor
726 1281 757 1333 et
779 1275 916 1333 Thomas
940 1275 1091 1348 plebanus
1122 1273 1160 1330 de
1192 1273 1344 1347 lwanych,
1375 1292 1464 1334 cano·

196 1377 254 1435 nici
289 1379 418 1437 ecclesie
449 1380 664 1452 zagrabiensis,
700 1397 759 1455 pro
793 1397 826 1439 se
860 1382 1065 1455 personaliter
1096 1396 1132 1437 ac
1157 1396 1213 1454 pro
1237 1388 1301 1439 toto
1325 1383 1463 1456 capitulo

196 1484 334 1542 eiusdem
358 1487 486 1544 ecclesie
508 1487 714 1558 zagrabiensis
737 1489 933 1562 subditisque
956 1495 986 1546 et
1009 1487 1216 1545 familiaribus
1232 1488 1373 1561 ipsorum
1391 1505 1463 1547 cum

196 1593 418 1664 procuratoriis
449 1593 561 1651 litteris
591 1593 688 1666 ipsius
712 1597 857 1668 capituli;
881 1596 956 1654 item
981 1595 1098 1663 Petrus,
1122 1594 1199 1650 alias
1220 1591 1316 1668 judex
1340 1602 1369 1652 et
1394 1596 1463 1653 Bla-

194 1696 267 1766 sius,
289 1695 409 1772 juratus
433 1699 509 1756 civis
533 1699 666 1757 civitatis
682 1709 786 1759 nostre
802 1703 915 1761 montis
939 1700 1100 1759 Grecensis
1125 1698 1162 1754 de
1179 1697 1329 1770 Zagrabia
1346 1715 1405 1773 pro
1429 1718 1461 1759 se

194 1802 269 1876 ipsis
294 1804 440 1863 similiter
465 1809 669 1879 personaliter
691 1827 726 1868 ac
750 1825 808 1883 pro
834 1808 940 1882 judice,
963 1806 1072 1882 juratis
1095 1805 1216 1861 civibus
1239 1809 1269 1860 et
1292 1808 1356 1862 tota
1379 1822 1461 1865 com·

195 1910 344 1968 munitate
368 1911 449 1970 dicte
472 1913 606 1973 civitatis
629 1922 733 1973 nostre
756 1915 870 1975 montis
893 1913 1065 1981 Grecensis,
1088 1911 1293 1982 ipsorumque
1309 1912 1461 1971 universis

193 2015 327 2074 subditis
351 2033 422 2075 cum
446 2022 667 2094 procuratoriis
689 2021 801 2078 litteris
824 2021 963 2080 eiusdem
987 2017 1129 2086 civitatis
1153 2030 1171 2071 a
1195 2016 1287 2073 tercia
1319 2018 1460 2090 partibus

195 2136 300 2180 coram
324 2124 415 2182 nobis
439 2127 605 2194 constituti,
630 2135 700 2184 sunt
739 2125 870 2183 confessi
891 2124 923 2181 in
946 2124 1028 2181 hunc
1051 2120 1195 2179 modum:
1220 2122 1377 2194 quomodo
1401 2125 1461 2198 ipsi

192 2227 229 2285 de
252 2231 471 2289 commissione
493 2240 523 2290 et
556 2234 725 2291 annuencia
759 2240 863 2290 nostre
897 2229 1073 2300 maiestatis,
1105 2229 1327 2287 nonnullorum
1361 2232 1459 2289 eciam

192 2335 346 2394 baronum
371 2346 550 2396 nostrorum
586 2341 738 2413 peticione
772 2338 810 2396 ad
846 2338 877 2396 id
911 2336 1081 2405 accedente,
1118 2336 1263 2392 universa
1296 2344 1327 2393 et
1350 2338 1460 2409 quevis

192 2439 281 2513 facta,
303 2445 580 2519 contencionesque
603 2452 633 2504 et
655 2446 880 2504 controversias
904 2443 1060 2517 quaslibet
1083 2442 1161 2499 inter
1186 2448 1289 2515 partes
1307 2450 1459 2514 pretactas

191 2563 289 2622 usque
312 2549 407 2606 modo
429 2551 722 2625 quomodocumque
743 2558 773 2609 et
797 2552 1064 2624 qualitercumque
1089 2553 1180 2617 mota,
1205 2547 1326 2605 habitas
1349 2556 1378 2605 et
1394 2565 1460 2606 sus·

191 2656 297 2712 citatas
327 2653 451 2731 judici0,
483 2657 697 2730 disposicioni,
733 2657 953 2716 deliberacioni
988 2666 1018 2713 et
1050 2655 1180 2712 arbitrio
1215 2653 1453 2726 magnificorum

190 2761 332 2819 virorum
355 2763 500 2835 Ladislai
524 2764 583 2822 filii
614 2764 735 2822 Nicolai
758 2764 889 2838 palatini
912 2763 950 2820 de
975 2761 1058 2819 Gara
1081 2760 1288 2817 machouiensi
1313 2768 1342 2817 et
1360 2762 1458 2818 Math-

190 2864 277 2925 lronis
301 2866 340 2925 de
364 2868 511 2927 Tallouez
535 2885 702 2942 regnorum
726 2879 904 2928 nostrorum
928 2869 1089 2925 Dalmacie
1113 2872 1143 2923 et
1173 2866 1301 2923 Croacie
1337 2867 1458 2938 predic·

191 2979 294 3031 torum
318 2989 354 3032 ac
377 2977 476 3034 tocius
500 2976 663 3035 Sclauonie
687 2979 840 3034 banorum
864 2976 1002 3051 plenarie
1034 2973 1248 3030 submisissent
1278 2980 1308 3029 et
1340 2974 1458 3031 submi·

189 3087 293 3138 serunt
317 3097 421 3139 coram
446 3084 536 3141 nobis
558 3084 614 3141 tali
631 3083 742 3142 modo:
765 3090 799 3141 ut
823 3083 957 3156 quitquit
981 3081 1076 3138 iidem
1100 3079 1261 3137 Ladislaus
1284 3083 1315 3137 et
1331 3079 1458 3137 Mathko

189 3185 277 3257 bani,
309 3187 423 3246 auditis
458 3190 667 3264 predictarum
696 3190 837 3264 parcium
872 3188 1156 3263 proposicionibus‚
1194 3186 1395 3257 querimoniis
1429 3191 1459 3245 et

189 3291 428 3366 obieccionibus,
453 3296 590 3369 visisque
614 3296 797 3353 eorumdem
828 3294 1069 3369 probacionibus
1093 3296 1122 3348 et
1153 3291 1345 3349 documentis
1369 3291 1457 3363 legit·

188 3398 271 3456 timis
295 3399 375 3458 inter
398 3401 521 3459 easdem
547 3410 652 3476 partes
676 3402 883 3474 disposuerint
915 3408 945 3457 et
975 3398 1139 3456 deliberati
1171 3396 1292 3465 fuerint,
1324 3396 1356 3453 id
1389 3398 1456 3470 ipse

188 3512 290 3576 partes
307 3505 532 3566 inviolabiliter
547 3509 714 3567 observare
738 3515 904 3566 teneantur.
921 3506 1001 3562 Casu
1018 3519 1100 3573 ver0,
1118 3518 1179 3575 quo
1195 3504 1299 3575 aliqua
1315 3503 1456 3575 parcium

188 3612 400 3682 predictarum
423 3613 663 3688 disposicionem
688 3624 717 3673 et
739 3614 903 3673 arbitrium
921 3613 1060 3685 ipsorum
1082 3609 1216 3666 ladislai
1234 3616 1264 3665 et
1280 3608 1455 3666 Mathlronis

188 3716 340 3775 banorum
366 3719 396 3776 in
420 3726 484 3778 toto
508 3722 559 3778 vel
582 3723 613 3779 in
636 3730 725 3795 parte
749 3724 909 3792 acceptare
933 3718 1032 3774 nollet
1063 3731 1116 3772 seu
1148 3721 1310 3779 recusaret.
1344 3721 1456 3773 extunc

188 3823 257 3881 talis
282 3839 355 3897 pars
379 3825 494 3884 dictam
516 3826 757 3900 disposicionem
786 3841 840 3884 seu
871 3821 1022 3898 judicium
1054 3836 1114 3878 non
1147 3825 1318 3894 acceptans,
1350 3827 1455 3877 contra

185 3929 279 3987 aliam
315 3937 437 4003 partem
469 3930 621 4008 judicium
651 3939 864 4007 acceptantem
894 3946 984 3988 suam
1006 3929 1162 3985 accionem
1179 3926 1335 3984 ammittat
1358 3932 1388 3982 et
1410 3927 1455 3983 in·

185 4049 279 4107 super
302 4037 333 4093 in
357 4038 503 4095 omnibus
527 4037 787 4110 acquisicionibus
810 4044 840 4095 et
871 4036 1049 4094 accionibus
1084 4034 1182 4107 ipsius
1217 4032 1313 4105 partis
1347 4046 1455 4104 accep·

185 4143 276 4200 tantis
300 4144 483 4201 succumbat
506 4149 537 4203 et
560 4145 761 4202 convincatur
785 4158 821 4201 eo
838 4136 928 4201 iacto.
946 4142 994 4199 Ad
1019 4157 1078 4213 que
1094 4156 1127 4197 se
1142 4140 1209 4212 ipse
1225 4144 1328 4211 partes
1344 4145 1455 4210 sponte

184 4248 362 4321 obligarunt
386 4264 492 4307 coram
515 4251 605 4307 nobis
629 4250 805 4308 testimonio
829 4249 1024 4322 presencium
1049 4245 1212 4303 mediante.
1234 4245 1352 4301 Datum
1370 4243 1454 4301 Bude

183 4352 317 4412 infesto
348 4354 431 4412 beati
462 4356 586 4427 Mathye
617 4355 762 4430 apostoli.
796 4347 888 4412 Anno
912 4353 1031 4410 domini
1055 4351 1225 4408 millesimo
1248 4349 1454 4421 quadringen-

183 4460 292 4518 tesimo
317 4460 477 4532 trigesimo
499 4469 616 4520 octavo.

287 4649 312 4697 E
329 4655 489 4714 transumpta
506 4648 613 4714 capituli
631 4648 770 4699 dusmensis
783 4649 851 4698 facto
864 4663 931 4697 anno
953 4648 1028 4710 1438.
1047 4654 1075 4696 ut
1093 4647 1167 4697 infra.
1184 4673 1213 4682 -
1228 4647 1259 4694 Iv
1281 4643 1451 4708 Kukuljevie.

180 4738 268 4788 Arkiv
286 4754 317 4787 za
335 4738 496 4803 povjestnicu
513 4735 723 4802 jugoslavenslru,
743 4737 796 4802 trnj.
816 4738 868 4788 111.
888 4744 931 4787 str.
951 4736 1065 4800 96-97.
