3278 5348
271 415 310 474 62
684 413 757 471 Dec.
777 424 830 487 50.
847 422 899 486 51.
924 443 964 453 -
989 410 1047 468 An.
1072 420 1160 487 1427.

269 629 366 688 nostri
382 629 564 702 charissimi,
580 630 657 703 ipsis
674 645 731 703 per
747 643 961 702 quoscumque
976 627 1232 686 testamentaliter
1247 626 1299 684 vel
1315 627 1428 700 quovis
1442 625 1534 684 modo

270 735 381 808 legatis
406 741 436 792 et
458 734 578 793 donatis
600 735 704 792 nullas
729 733 865 791 decimas
898 735 987 792 nobis
1021 740 1052 791 et
1087 732 1200 791 nostris
1234 733 1466 790 successoribus
1498 748 1536 789 ex

270 847 358 915 parte
380 856 489 899 eorum
512 842 678 915 provenire
708 840 874 911 debendas,
906 841 1029 898 solvere
1061 839 1194 897 debeant
1227 845 1257 896 et
1289 855 1345 895 nec
1377 838 1536 911 perpetuis

271 946 383 1005 futuris
419 948 614 1021 temporibus
649 948 710 1005 sint
745 946 877 1019 obligati
912 946 1046 1017 easdem,
1081 948 1155 1019 quia
1179 960 1236 1019 pro
1260 944 1378 1002 eisdem
1403 944 1536 1002 dominis

270 1052 484 1128 prebendariis
508 1053 654 1110 duximus
678 1052 879 1110 remittendas
902 1059 932 1110 et
956 1052 1148 1122 relaxandas,
1172 1053 1270 1108 immo
1294 1051 1485 1108 remittimus
1507 1056 1536 1108 et

270 1160 457 1217 relaxamus.
481 1160 515 1217 ln
539 1162 625 1217 cuius
648 1162 693 1218 rei
707 1160 901 1229 memoriam,
918 1159 1160 1232 firmitatemque
1176 1162 1361 1232 perpetuam
1380 1163 1536 1230 presentes

270 1265 390 1322 litteras
414 1273 534 1323 nostras
565 1268 779 1339 privilegiales
813 1265 974 1339 pendentis
1004 1265 1099 1337 sigilli
1132 1264 1230 1321 nostri
1259 1264 1371 1321 secreti
1401 1264 1536 1321 munitas

269 1370 386 1427 eisdem
412 1371 546 1429 dominis
569 1373 785 1447 prebendariis
809 1372 955 1429 duximus
986 1370 1204 1428 concedendas.
1235 1370 1353 1427 Datum
1384 1369 1536 1443 Zagrabie

269 1476 409 1550 predicta
434 1478 463 1534 in
490 1477 567 1535 festo
591 1481 673 1537 beati
700 1479 908 1535 bartholomei
933 1478 1076 1551 apostoli,
1109 1479 1198 1535 Anno
1221 1476 1340 1534 domini
1363 1476 1534 1535 millesimo

270 1582 577 1655 quadringentesimo
600 1585 753 1657 vigesimo
776 1585 918 1658 septimo,

377 1773 580 1837 Etransumpto
608 1773 715 1836 capituli
743 1772 915 1835 zagrabieusis
934 1773 967 1820 de
985 1788 1053 1821 anno
1075 1782 1149 1837 1520.
1178 1772 1209 1819 In
1229 1770 1333 1819 archivo
1352 1786 1410 1821 ven.
1430 1768 1536 1834 capituli

268 1860 368 1923 zagrab.
389 1859 452 1911 Act.
473 1877 528 1925 cap.
548 1867 599 1911 ant
620 1862 682 1912 fasc.
702 1860 745 1924 76.
765 1877 802 1912 nr.
823 1873 864 1924 34.

842 2130 845 2135 ’
869 2141 931 2206 50.

375 2231 456 2279 Anno
478 2242 560 2293 1427.

374 2378 442 2434 IIoc
480 2393 560 2435 anno
599 2377 793 2434 civitatenses
828 2382 942 2434 terram
975 2377 1261 2450 praebendalialem
1299 2378 1389 2449 Otok,
1428 2379 1535 2437 altaris

267 2484 357 2541 beate
392 2483 529 2556 Virginis
563 2484 593 2539 in
629 2482 800 2540 cathedrali
834 2498 890 2555 per
913 2483 1036 2553 Buzam,
1060 2483 1136 2541 olim
1161 2490 1327 2554 cantorem,
1352 2486 1535 2542 canonicum

267 2591 506 2661 zagrabiensem,
542 2590 698 2657 collatam,
730 2597 759 2646 et
782 2605 854 2645 curn
877 2589 1116 2646 confirmacione
1139 2591 1224 2662 regia
1247 2591 1286 2647 ab
1311 2590 1535 2648 immemoriali

268 2696 397 2770 pacitice
421 2710 603 2768 possessam,
628 2701 826 2768 occuparunt.
850 2688 907 2772 (Ex
930 2696 1107 2753 evocatorio
1129 2687 1322 2772 chasmensi).

374 2884 480 2946 Georgii
500 2882 671 2931 Marcelovid:
692 2884 808 2945 Regesta
825 2882 968 2946 Diplomat.
986 2882 1146 2946 aliorumque
1171 2885 1390 2931 Documentorum
1409 2884 1489 2935 bisc.
1508 2885 1534 2933 in

267 2973 425 3020 bibliotheca
443 2973 597 3023 archidioec.
617 2974 719 3036 aagrab,

374 3398 454 3444 Anno
480 3409 553 3458 1427.

393 3559 527 3633 Injurlue
549 3575 567 3612 a
591 3561 714 3631 capitula
736 3561 848 3617 civibus
877 3557 1068 3619 Grecensibus
1090 3561 1202 3631 illatae,
1226 3562 1404 3636 reserrentur.

371 3755 457 3824 item,
484 3754 515 3810 in
531 3767 610 3809 anno
627 3752 745 3810 domini
768 3755 937 3814 millesimo
961 3756 1192 3828 CCCCXXVII,
1216 3762 1358 3832 tempore
1381 3757 1535 3816 iudicatus

267 3860 327 3918 viri
357 3859 481 3932 providi
512 3864 542 3916 et
573 3859 692 3916 honesti
724 3859 841 3931 Briccii,
868 3862 927 3920 filii
955 3863 1119 3933 Benedicti,
1149 3863 1227 3921 alias
1258 3861 1370 3938 judicis
1400 3865 1535 3922 civitatis

266 3966 380 4023 montis
415 3964 598 4023 Grechensis
623 3964 660 4022 de
684 3967 769 4023 iuxta
792 3966 986 4039 Zagrabiam,
1010 3968 1139 4041 quidam
1163 3968 1327 4042 presbiter,
1351 3969 1535 4043 capellanus

264 4070 383 4128 domini
399 4071 526 4129 Fabiani
551 4072 688 4129 canonici
704 4073 831 4130 ecclesie
849 4075 1066 4151 zagrabiensis,
1092 4075 1169 4132 Kost
1193 4074 1303 4148 dictus,
1326 4091 1364 4133 ex
1389 4077 1536 4134 commis·

265 4178 350 4235 sione
381 4177 478 4250 ipsius
509 4176 626 4235 domini
658 4179 706 4236 sui
736 4184 765 4236 et
789 4195 827 4236 ex
850 4179 926 4237 scitu
950 4185 980 4237 et
1002 4182 1164 4240 voluntate
1188 4182 1286 4239 tocius
1309 4181 1441 4255 capituli
1464 4197 1537 4256 pre·

264 4282 346 4353 dieti,
380 4282 550 4355 quemdam
579 4285 677 4342 civem
702 4285 836 4342 civitatis
860 4285 1005 4359 predicte,
1028 4288 1154 4345 nomine
1177 4288 1354 4359 Martinum,
1385 4292 1535 4358 sutorem,

267 4387 369 4445 filium
394 4389 517 4459 Mathie,
540 4390 658 4462 absque
682 4391 769 4449 omni
796 4392 890 4464 culpa
918 4408 973 4449 sua
1004 4392 1172 4453 crudeliter
1202 4400 1233 4451 et
1263 4394 1432 4451 enormiter
1463 4409 1535 4451 curu

264 4493 415 4551 cambuca
439 4494 598 4567 percussit,
621 4496 726 4568 ipsum
750 4497 939 4555 semivivum
962 4498 1176 4571 relinquend0,
1200 4499 1342 4574 potencia
1364 4499 1529 4558 mediante:

265 4597 333 4655 lite
356 4605 459 4657 tamen
482 4600 561 4658 inter
584 4601 668 4673 ipsos
693 4603 776 4661 cives
799 4609 828 4661 et
851 4602 968 4662 dictum
993 4606 1168 4678 capitulum
1191 4605 1352 4679 pendente.

368 4788 557 4838 Documentum
576 4789 781 4842 transactionale.
800 4792 833 4839 In
851 4791 946 4842 archiv.
966 4808 1022 4842 ven.
1042 4792 1119 4856 Capit
1146 4793 1247 4856 zagrnb,
1268 4793 1330 4844 Act.
1363 4793 1449 4860 Capit.
1476 4799 1531 4845 ant.

262 4875 326 4927 fase.
349 4888 388 4927 10.
409 4893 446 4924 nr.
470 4877 508 4927 16.
