3278 5348
181 379 222 436 66
616 375 689 431 Dec.
707 384 761 450 54.
789 405 824 415 —
850 368 906 430 An.
929 385 1022 449 1429.

181 592 407 667 parochialium
430 589 604 646 rectoribus
627 595 680 646 aut
702 590 825 660 curatis,
849 588 1038 645 addicientes
1061 587 1087 643 si
1116 587 1343 659 cuiuscumque
1374 593 1444 644 tem·

186 698 272 771 poris
295 699 326 754 in
352 710 496 769 processu
520 695 650 767 sepefati
675 696 857 763 Anthonius‚
882 694 996 750 Paulus
1019 700 1050 750 et
1071 692 1227 775 Johannes
1259 699 1313 750 aut
1344 708 1448 750 eorum

183 818 342 859 successor
366 802 417 858 vel
441 816 633 858 successores
655 802 705 858 vel
722 802 776 858 alii
793 801 983 874 quicumque
999 799 1201 856 ecclesiarum
1219 800 1448 872 parochialium

185 916 320 966 rectores
344 908 483 982 predicte
507 909 569 964 litis
593 909 755 965 materiam
780 923 874 980 super
897 904 1096 980 percipienda
1119 914 1230 977 quarta
1255 913 1450 962 testamenta-

185 1015 257 1072 liter
280 1015 456 1087 legatorum
480 1014 641 1071 antedictis
666 1013 880 1086 prebendariis
911 1012 1108 1070 innovaverit
1139 1013 1189 1068 vel
1225 1013 1449 1079 innovaverint

183 1121 379 1178 suscitaverit
420 1126 474 1177 aut
516 1121 752 1190 suscitaverint,
794 1126 865 1175 ante
903 1119 966 1176 litis
1008 1119 1182 1190 ingressum
1227 1119 1450 1191 quinquaginta

183 1242 303 1284 marcas
339 1227 538 1284 denariorum
572 1226 739 1286 usualium.
775 1241 909 1298 quarum
940 1224 1090 1282 medietas
1124 1222 1219 1298 judici
1252 1240 1361 1282 coram
1392 1240 1451 1297 quo

182 1332 270 1390 litem
294 1334 457 1403 moverint,
482 1334 543 1390 alia
567 1348 643 1390 vero
666 1333 922 1405 sepememoratis
946 1331 1160 1405 prebendariis
1191 1332 1377 1403 assignetur,
1408 1347 1452 1389 se-

183 1439 299 1511 pedicti
335 1439 488 1512 capellani
522 1454 575 1495 seu
607 1445 742 1495 rectores
775 1439 903 1495 ecclesie
935 1439 1032 1495 sancti
1055 1438 1150 1495 Marci
1175 1438 1227 1495 vel
1251 1453 1363 1495 eorum
1385 1454 1450 1494 suc·

182 1560 284 1602 cessor
318 1551 371 1602 aut
405 1561 596 1602 successores
632 1552 661 1601 et
698 1545 752 1602 alii
788 1546 975 1618 quicumque
1001 1544 1156 1616 deponere
1179 1551 1353 1613 teneantur,
1377 1559 1453 1616 quas

182 1649 328 1707 videlicet
351 1652 578 1724 quinquaginta
602 1666 722 1707 marcas
739 1652 764 1707 si
786 1650 940 1724 deponere
956 1651 1146 1708 recusaverit
1162 1655 1215 1707 aut
1229 1651 1452 1715 recusaverint

184 1756 222 1812 ad
248 1756 279 1813 id
305 1773 434 1814 censura
464 1758 670 1814 ecclesiastica
702 1757 911 1830 compellatur
935 1761 988 1813 aut
1011 1756 1252 1829 compellantur,
1282 1755 1452 1829 nullusque

184 1862 309 1932 civium,
343 1864 501 1936 hospitum
536 1870 588 1919 aut
624 1864 796 1920 incolarum
833 1862 945 1936 prefati
977 1863 1091 1919 montis
1122 1861 1286 1919 Grecensis
1318 1863 1452 1919 scienter

183 1968 356 2025 clausulam
380 1969 418 2025 de
440 1969 590 2026 solvenda
610 1977 720 2041 quarta
738 1985 756 2025 a
773 1968 988 2042 prebendariis
1004 1969 1261 2041 sepememoratis
1278 1969 1453 2025 rectoribus

187 2075 246 2130 sub
269 2090 348 2148 pena
373 2076 560 2148 privacionis
584 2076 790 2132 ecclesiastice
812 2076 977 2148 sepulture
1007 2076 1121 2132 inserat
1151 2079 1204 2131 aut
1235 2073 1329 2131 faciat
1360 2076 1453 2132 inter-

188 2181 249 2237 seri
280 2182 330 2237 vel
364 2181 506 2250 inscribi;
540 2182 565 2236 si
601 2197 676 2238 vero
707 2182 874 2253 quisquam
898 2180 1080 2238 eorumdem
1105 2185 1157 2237 aut
1180 2194 1454 2254 quorumcumque

184 2286 318 2343 aliorum
343 2287 520 2358 ignoranter
540 2292 702 2358 tamquam
727 2285 804 2361 juris
828 2288 953 2358 ignarus
985 2287 1137 2343 inserierit
1168 2286 1220 2342 vel
1252 2285 1384 2344 inscribi
1412 2285 1454 2343 ie

184 2393 267 2463 ecrit,
304 2393 385 2449 dicta
421 2392 560 2448 clausula
596 2401 757 2464 tamquam
791 2400 898 2449 contra
922 2390 1036 2466 jurium
1061 2391 1303 2464 disposicionem
1327 2393 1451 2463 inserta,

184 2498 308 2555 nullum
329 2501 452 2572 penitus
475 2507 623 2572 operetur
646 2499 799 2556 effectum.
823 2500 856 2555 In
881 2513 1016 2571 quorum
1031 2481 1178 2555 omnium
1196 2503 1227 2554 et
1250 2499 1454 2570 singulorum

185 2602 280 2660 fidem
313 2612 342 2661 et
377 2606 588 2662 testimonium
620 2606 846 2677 premissorum
870 2609 1028 2678 presentes
1052 2605 1170 2661 litteras
1193 2609 1323 2676 nostras,
1348 2606 1454 2663 huius·

187 2709 274 2767 modi
297 2716 434 2768 nostram
466 2713 653 2768 sentenciam
686 2711 887 2769 diffinitivam
915 2717 946 2768 et
977 2710 1221 2768 declaracionem
1246 2710 1277 2768 in
1300 2727 1335 2769 se
1358 2713 1454 2770 conti-

183 2822 315 2886 nentem,
339 2817 408 2875 fieri
432 2824 461 2874 et
485 2818 590 2889 sigillo
614 2825 719 2874 nostro
743 2825 860 2874 secreto
885 2817 1015 2875 fecimus
1038 2817 1227 2890 appensione
1257 2819 1454 2877 communiri

183 2922 299 2980 Datum
324 2923 474 2996 Zagrabie
498 2923 574 2981 feria
598 2931 685 2980 sexta
707 2924 851 2996 proxima
875 2930 945 2996 post
978 2922 1153 2996 predictum
1184 2922 1301 2980 festum
1334 2925 1450 2997 glorio·

182 3030 295 3087 sissimi
326 3033 466 3105 corporis
497 3031 621 3088 Christi.
655 3033 742 3088 Anno
774 3030 914 3087 eiusdem
946 3030 1115 3087 millesimo
1139 3029 1454 3102 quadringentesimo

185 3137 334 3207 vigesimo
358 3145 477 3195 octavo.

287 3274 488 3338 Etransumpto
516 3274 607 3322 notarii
637 3272 734 3337 publici
763 3273 830 3321 sacto
850 3290 917 3323 anuo
941 3287 1015 3336 1429.
1045 3276 1065 3324 l.
1092 3274 1202 3337 januarii
1240 3274 1272 3321 In
1292 3274 1390 3327 charta.
1421 3277 1452 3323 In

183 3360 278 3408 archiv.
299 3361 360 3410 hon.
380 3361 437 3412 coll.
458 3363 600 3412 Praebend.

788 3542 846 3605 54.

290 3699 369 3745 Auno
392 3711 464 3759 1429,
489 3712 508 3749 1.
528 3701 645 3761 januarii.
667 3701 813 3761 Zagrabiac.

175 3822 326 3896 sarrianis
348 3825 469 3896 episcopi
481 3824 633 3898 jadertum,
657 3846 712 3898 quo
728 3827 938 3899 praebendarii
958 3829 1087 3884 ecclesiae
1109 3821 1289 3885 cathedralis
1315 3845 1336 3882 a
1368 3824 1447 3901 lega-

183 3935 281 3985 torum
305 3938 416 4001 qrrrrrta
432 3931 603 4002 paracluirlr'
623 3932 775 3988 rectoribus
798 3934 927 3989 ecclesiae
949 3953 972 3991 s.
997 3933 1099 3990 Murci
1118 3932 1256 3991 solvenda
1281 3932 1449 4004 liberantur,

506 4056 524 4091 a
548 4039 663 4095 nourrii)
678 4038 795 4110 publico
818 4040 921 4096 litteris
940 4040 1133 4113 consignatur.

289 4180 323 4236 In
348 4180 462 4237 Christi
486 4183 618 4240 nomine.
648 4185 754 4239 Amen.
786 4185 875 4240 Anno
906 4184 1076 4241 nativitatis
1108 4183 1247 4242 eiusdem
1280 4187 1451 4245 millesimo

185 4285 489 4357 quadringentesimo
507 4287 657 4359 vigesimo
681 4305 770 4359 nono,
794 4290 965 4347 indiccione
988 4290 1130 4361 septima,
1148 4288 1197 4347 die
1213 4291 1317 4364 prima
1335 4294 1451 4351 mensis

184 4389 538 4466 januarii.Pontilicatus
561 4395 743 4452 sanctissimi
774 4396 804 4452 in
834 4396 958 4454 Christo
994 4399 1090 4469 patris
1120 4403 1149 4455 et
1182 4396 1300 4456 domini
1340 4401 1446 4470 nostri,

185 4496 302 4554 domini
319 4499 442 4554 Martini
459 4514 539 4572 pape
556 4501 663 4571 quinti.
687 4515 766 4557 anno
789 4501 973 4560 duodecimo
997 4503 1145 4575 eiusdem,
1169 4503 1320 4576 Zagrabie
1345 4506 1376 4563 in
1402 4522 1448 4563 ec-

184 4603 278 4660 clesia
292 4602 466 4661 kathedrali
482 4608 578 4663 sancti
595 4608 675 4679 regis
688 4607 835 4681 Stephani
852 4609 1057 4681 personaliter
1074 4610 1230 4667 constituti
1248 4610 1449 4670 honorabiles

184 4708 254 4779 viri,
279 4707 409 4767 domini:
434 4710 541 4768 Petrus
569 4712 720 4781 sacerdos,
745 4712 878 4772 decanus
901 4715 1033 4772 condam
1056 4716 1339 4790 prebendariorum
1363 4718 1450 4777 chon'

185 4816 312 4874 coclesie
329 4816 465 4875 eiusdem
486 4834 521 4876 ac
537 4821 629 4876 ceteri
645 4820 843 4893 prebendarii
859 4823 889 4880 in
913 4823 974 4879 mei
999 4824 1109 4880 notarii
1133 4823 1254 4898 publici
1281 4824 1449 4900 subscripti
