<?xml version="1.0" encoding="UTF-8"?>
<!DOCTYPE html PUBLIC "-//W3C//DTD XHTML 1.0 Transitional//EN"
    "http://www.w3.org/TR/xhtml1/DTD/xhtml1-transitional.dtd">
<html xmlns="http://www.w3.org/1999/xhtml" xml:lang="en" lang="en">
 <head>
  <title>
</title>
<meta http-equiv="Content-Type" content="text/html;charset=utf-8" />
  <meta name='ocr-system' content='tesseract 3.04.00' />
  <meta name='ocr-capabilities' content='ocr_page ocr_carea ocr_par ocr_line ocrx_word'/>
</head>
<body>
  <div class='ocr_page' id='page_1' title='image "./monumentahistor01laszgoog_0627.png"; bbox 0 0 3278 5348; ppageno 0'>
   <div class='ocr_carea' id='block_1_1' title="bbox 615 379 1455 462">
    <p class='ocr_par' dir='ltr' id='par_1_1' title="bbox 615 379 1455 462">
     <span class='ocr_line' id='line_1_1' title="bbox 615 379 1455 462; baseline 0.012 -18"><span class='ocrx_word' id='word_1_1' title='bbox 615 384 689 445; x_wconf 86' lang='lat' dir='ltr'><strong>Doc.</strong></span> <span class='ocrx_word' id='word_1_2' title='bbox 712 379 787 460; x_wconf 83' lang='lat'><em>289.</em></span> <span class='ocrx_word' id='word_1_3' title='bbox 811 417 853 429; x_wconf 93' lang='lat'><em>-</em></span> <span class='ocrx_word' id='word_1_4' title='bbox 877 384 936 443; x_wconf 82' lang='lat' dir='ltr'><strong>An.</strong></span> <span class='ocrx_word' id='word_1_5' title='bbox 961 395 1050 462; x_wconf 74' lang='lat'><em>1473.</em></span> <span class='ocrx_word' id='word_1_6' title='bbox 1391 397 1455 461; x_wconf 84' lang='grc'><strong>359</strong></span> 
     </span>
    </p>
   </div>
   <div class='ocr_carea' id='block_1_2' title="bbox 133 592 1490 3980">
    <p class='ocr_par' dir='ltr' id='par_1_2' title="bbox 133 592 1490 3980">
     <span class='ocr_line' id='line_1_2' title="bbox 184 592 1456 679; baseline -0.004 -17"><span class='ocrx_word' id='word_1_7' title='bbox 184 607 218 662; x_wconf 92' lang='lat' dir='ltr'><strong>et</strong></span> <span class='ocrx_word' id='word_1_8' title='bbox 238 602 413 678; x_wconf 83' lang='lat' dir='ltr'><strong>suspicione</strong></span> <span class='ocrx_word' id='word_1_9' title='bbox 436 606 583 675; x_wconf 85' lang='lat' dir='ltr'><strong>carentes,</strong></span> <span class='ocrx_word' id='word_1_10' title='bbox 607 601 741 676; x_wconf 83' lang='lat' dir='ltr'><strong>quarum</strong></span> <span class='ocrx_word' id='word_1_11' title='bbox 763 606 851 660; x_wconf 91' lang='lat' dir='ltr'><strong>tenor</strong></span> <span class='ocrx_word' id='word_1_12' title='bbox 873 601 946 660; x_wconf 89' lang='lat' dir='ltr'><strong>talis</strong></span> <span class='ocrx_word' id='word_1_13' title='bbox 969 604 1015 660; x_wconf 90' lang='lat' dir='ltr'><strong>est</strong></span> <span class='ocrx_word' id='word_1_14' title='bbox 1038 605 1068 660; x_wconf 94' lang='lat' dir='ltr'><strong>et</strong></span> <span class='ocrx_word' id='word_1_15' title='bbox 1090 599 1247 674; x_wconf 90' lang='lat' dir='ltr'><strong>sequitur:</strong></span> <span class='ocrx_word' id='word_1_16' title='bbox 1270 592 1355 679; x_wconf 81' lang='lat' dir='ltr'><strong>(vide</strong></span> <span class='ocrx_word' id='word_1_17' title='bbox 1377 598 1456 658; x_wconf 89' lang='lat' dir='ltr'><strong>Doc.</strong></span> 
     </span>
     <span class='ocr_line' id='line_1_3' title="bbox 189 700 1490 787; baseline -0.002 -20"><span class='ocrx_word' id='word_1_18' title='bbox 189 709 260 784; x_wconf 77' lang='lat'><strong>²83·</strong></span> <span class='ocrx_word' id='word_1_19' title='bbox 293 709 332 784; x_wconf 65' lang='lat' dir='ltr'><strong>de</strong></span> <span class='ocrx_word' id='word_1_20' title='bbox 362 723 443 769; x_wconf 91' lang='lat' dir='ltr'><strong>anno</strong></span> <span class='ocrx_word' id='word_1_21' title='bbox 478 722 569 784; x_wconf 80' lang='lat'>14⁷3·</span> <span class='ocrx_word' id='word_1_22' title='bbox 603 723 650 783; x_wconf 86' lang='lat'><strong>14·</strong></span> <span class='ocrx_word' id='word_1_23' title='bbox 682 700 856 787; x_wconf 88' lang='lat' dir='ltr'><strong>februarii).</strong></span> <span class='ocrx_word' id='word_1_24' title='bbox 886 708 959 766; x_wconf 85' lang='lat' dir='ltr'><strong>Post</strong></span> <span class='ocrx_word' id='word_1_25' title='bbox 983 706 1247 782; x_wconf 90' lang='lat' dir='ltr'><strong>quarumquidem</strong></span> <span class='ocrx_word' id='word_1_26' title='bbox 1279 705 1457 765; x_wconf 89' lang='lat' dir='ltr'><strong>litterarum</strong></span> <span class='ocrx_word' id='word_1_27' title='bbox 1487 733 1490 739; x_wconf 95' lang='lat'>·</span> 
     </span>
     <span class='ocr_line' id='line_1_4' title="bbox 186 811 1453 889; baseline 0 -16"><span class='ocrx_word' id='word_1_28' title='bbox 186 815 324 889; x_wconf 80' lang='lat' dir='ltr'>predicte</span> <span class='ocrx_word' id='word_1_29' title='bbox 355 815 438 888; x_wconf 90' lang='lat' dir='ltr'><strong>regie</strong></span> <span class='ocrx_word' id='word_1_30' title='bbox 460 814 629 873; x_wconf 89' lang='lat' dir='ltr'><strong>maiestatis</strong></span> <span class='ocrx_word' id='word_1_31' title='bbox 650 813 742 877; x_wconf 86' lang='lat' dir='ltr'><strong>nobis</strong></span> <span class='ocrx_word' id='word_1_32' title='bbox 765 814 1038 888; x_wconf 88' lang='lat' dir='ltr'><strong>presentacionem‚</strong></span> <span class='ocrx_word' id='word_1_33' title='bbox 1062 827 1171 871; x_wconf 90' lang='lat' dir='ltr'><strong>eorum</strong></span> <span class='ocrx_word' id='word_1_34' title='bbox 1196 811 1323 887; x_wconf 88' lang='lat' dir='ltr'><strong>dignam</strong></span> <span class='ocrx_word' id='word_1_35' title='bbox 1346 813 1453 887; x_wconf 88' lang='lat' dir='ltr'><strong>petici-</strong></span> 
     </span>
     <span class='ocr_line' id='line_1_5' title="bbox 190 918 1456 996; baseline -0.001 -16"><span class='ocrx_word' id='word_1_36' title='bbox 190 935 281 980; x_wconf 85' lang='lat' dir='ltr'><strong>onem</strong></span> <span class='ocrx_word' id='word_1_37' title='bbox 304 921 533 980; x_wconf 85' lang='lat' dir='ltr'><strong>considerantes</strong></span> <span class='ocrx_word' id='word_1_38' title='bbox 556 924 587 978; x_wconf 93' lang='lat' dir='ltr'><strong>et</strong></span> <span class='ocrx_word' id='word_1_39' title='bbox 609 921 771 979; x_wconf 89' lang='lat' dir='ltr'><strong>honestam</strong></span> <span class='ocrx_word' id='word_1_40' title='bbox 793 920 901 980; x_wconf 83' lang='lat' dir='ltr'><strong>divino</strong></span> <span class='ocrx_word' id='word_1_41' title='bbox 923 934 980 978; x_wconf 92' lang='lat' dir='ltr'><strong>nos</strong></span> <span class='ocrx_word' id='word_1_42' title='bbox 1001 920 1113 996; x_wconf 91' lang='lat' dir='ltr'><strong>spiritu</strong></span> <span class='ocrx_word' id='word_1_43' title='bbox 1137 919 1309 994; x_wconf 81' lang='lat' dir='ltr'><strong>instigante,</strong></span> <span class='ocrx_word' id='word_1_44' title='bbox 1334 919 1388 996; x_wconf 90' lang='lat' dir='ltr'><strong>pio</strong></span> <span class='ocrx_word' id='word_1_45' title='bbox 1410 918 1456 979; x_wconf 89' lang='lat' dir='ltr'><strong>af-</strong></span> 
     </span>
     <span class='ocr_line' id='line_1_6' title="bbox 187 1025 1455 1102; baseline -0.002 -16"><span class='ocrx_word' id='word_1_46' title='bbox 187 1026 270 1087; x_wconf 86' lang='lat' dir='ltr'><strong>fectu</strong></span> <span class='ocrx_word' id='word_1_47' title='bbox 285 1044 320 1087; x_wconf 92' lang='lat' dir='ltr'><strong>ac</strong></span> <span class='ocrx_word' id='word_1_48' title='bbox 336 1029 438 1087; x_wconf 87' lang='lat' dir='ltr'><strong>libero</strong></span> <span class='ocrx_word' id='word_1_49' title='bbox 453 1032 605 1101; x_wconf 91' lang='lat' dir='ltr'><strong>gratoque</strong></span> <span class='ocrx_word' id='word_1_50' title='bbox 621 1027 734 1100; x_wconf 89' lang='lat' dir='ltr'><strong>animo,</strong></span> <span class='ocrx_word' id='word_1_51' title='bbox 747 1031 870 1088; x_wconf 89' lang='lat' dir='ltr'><strong>matura</strong></span> <span class='ocrx_word' id='word_1_52' title='bbox 887 1027 1116 1085; x_wconf 87' lang='lat' dir='ltr'><strong>deliberacione</strong></span> <span class='ocrx_word' id='word_1_53' title='bbox 1140 1025 1314 1101; x_wconf 88' lang='lat' dir='ltr'><strong>prehabita,</strong></span> <span class='ocrx_word' id='word_1_54' title='bbox 1329 1026 1455 1102; x_wconf 83' lang='lat' dir='ltr'><strong>vitaque</strong></span> 
     </span>
     <span class='ocr_line' id='line_1_7' title="bbox 186 1131 1456 1208; baseline -0.001 -13"><span class='ocrx_word' id='word_1_55' title='bbox 186 1151 298 1195; x_wconf 88' lang='lat' dir='ltr'><strong>eorum</strong></span> <span class='ocrx_word' id='word_1_56' title='bbox 317 1134 471 1195; x_wconf 86' lang='lat' dir='ltr'><strong>laudabili</strong></span> <span class='ocrx_word' id='word_1_57' title='bbox 494 1133 688 1193; x_wconf 89' lang='lat' dir='ltr'><strong>considerata</strong></span> <span class='ocrx_word' id='word_1_58' title='bbox 710 1148 746 1192; x_wconf 90' lang='lat' dir='ltr'><strong>ac</strong></span> <span class='ocrx_word' id='word_1_59' title='bbox 769 1135 866 1192; x_wconf 91' lang='lat' dir='ltr'><strong>eciam</strong></span> <span class='ocrx_word' id='word_1_60' title='bbox 890 1134 933 1192; x_wconf 92' lang='lat' dir='ltr'><strong>ob</strong></span> <span class='ocrx_word' id='word_1_61' title='bbox 956 1133 1124 1208; x_wconf 88' lang='lat' dir='ltr'><strong>specialem</strong></span> <span class='ocrx_word' id='word_1_62' title='bbox 1148 1131 1351 1191; x_wconf 84' lang='lat' dir='ltr'><strong>devocionem</strong></span> <span class='ocrx_word' id='word_1_63' title='bbox 1366 1132 1456 1193; x_wconf 87' lang='lat' dir='ltr'><strong>beate</strong></span> 
     </span>
     <span class='ocr_line' id='line_1_8' title="bbox 187 1239 1455 1316; baseline -0.001 -16"><span class='ocrx_word' id='word_1_64' title='bbox 187 1242 355 1301; x_wconf 81' lang='lat' dir='ltr'><strong>Katherine</strong></span> <span class='ocrx_word' id='word_1_65' title='bbox 377 1242 509 1315; x_wconf 84' lang='lat' dir='ltr'><strong>virginis</strong></span> <span class='ocrx_word' id='word_1_66' title='bbox 540 1245 571 1299; x_wconf 92' lang='lat' dir='ltr'><strong>et</strong></span> <span class='ocrx_word' id='word_1_67' title='bbox 593 1240 739 1312; x_wconf 87' lang='lat' dir='ltr'><strong>martiris,</strong></span> <span class='ocrx_word' id='word_1_68' title='bbox 763 1241 851 1300; x_wconf 91' lang='lat' dir='ltr'><strong>cuius</strong></span> <span class='ocrx_word' id='word_1_69' title='bbox 874 1240 1021 1314; x_wconf 84' lang='lat' dir='ltr'><strong>precibus</strong></span> <span class='ocrx_word' id='word_1_70' title='bbox 1051 1239 1168 1299; x_wconf 88' lang='lat' dir='ltr'><strong>nedum</strong></span> <span class='ocrx_word' id='word_1_71' title='bbox 1190 1239 1224 1299; x_wconf 92' lang='lat' dir='ltr'><strong>in</strong></span> <span class='ocrx_word' id='word_1_72' title='bbox 1246 1239 1382 1316; x_wconf 87' lang='lat' dir='ltr'><strong>presenti</strong></span> <span class='ocrx_word' id='word_1_73' title='bbox 1407 1253 1455 1298; x_wconf 87' lang='lat' dir='ltr'><strong>se·</strong></span> 
     </span>
     <span class='ocr_line' id='line_1_9' title="bbox 186 1344 1455 1422; baseline -0.004 -14"><span class='ocrx_word' id='word_1_74' title='bbox 186 1349 269 1421; x_wconf 91' lang='lat' dir='ltr'><strong>culo,</strong></span> <span class='ocrx_word' id='word_1_75' title='bbox 284 1364 392 1408; x_wconf 85' lang='lat' dir='ltr'><strong>verum</strong></span> <span class='ocrx_word' id='word_1_76' title='bbox 415 1348 514 1407; x_wconf 90' lang='lat' dir='ltr'><strong>eciam</strong></span> <span class='ocrx_word' id='word_1_77' title='bbox 537 1347 569 1406; x_wconf 92' lang='lat' dir='ltr'><strong>in</strong></span> <span class='ocrx_word' id='word_1_78' title='bbox 585 1346 690 1406; x_wconf 88' lang='lat' dir='ltr'><strong>celesti</strong></span> <span class='ocrx_word' id='word_1_79' title='bbox 704 1347 858 1421; x_wconf 85' lang='lat' dir='ltr'><strong>yerarbya</strong></span> <span class='ocrx_word' id='word_1_80' title='bbox 877 1360 1040 1422; x_wconf 89' lang='lat' dir='ltr'><strong>speramus</strong></span> <span class='ocrx_word' id='word_1_81' title='bbox 1062 1344 1234 1406; x_wconf 84' lang='lat' dir='ltr'><strong>comfoveri</strong></span> <span class='ocrx_word' id='word_1_82' title='bbox 1257 1348 1288 1405; x_wconf 95' lang='lat' dir='ltr'><strong>et</strong></span> <span class='ocrx_word' id='word_1_83' title='bbox 1303 1344 1455 1419; x_wconf 84' lang='lat' dir='ltr'><strong>adiuvari,</strong></span> 
     </span>
     <span class='ocr_line' id='line_1_10' title="bbox 186 1450 1455 1530; baseline -0.001 -16"><span class='ocrx_word' id='word_1_84' title='bbox 186 1460 282 1530; x_wconf 91' lang='lat' dir='ltr'><strong>prout</strong></span> <span class='ocrx_word' id='word_1_85' title='bbox 305 1455 337 1513; x_wconf 93' lang='lat' dir='ltr'><strong>in</strong></span> <span class='ocrx_word' id='word_1_86' title='bbox 367 1455 480 1514; x_wconf 89' lang='lat' dir='ltr'><strong>litteris</strong></span> <span class='ocrx_word' id='word_1_87' title='bbox 509 1454 594 1527; x_wconf 83' lang='lat' dir='ltr'><strong>regie</strong></span> <span class='ocrx_word' id='word_1_88' title='bbox 624 1453 795 1512; x_wconf 86' lang='lat' dir='ltr'><strong>maiestatis</strong></span> <span class='ocrx_word' id='word_1_89' title='bbox 821 1453 1004 1526; x_wconf 88' lang='lat' dir='ltr'><strong>continetur,</strong></span> <span class='ocrx_word' id='word_1_90' title='bbox 1026 1467 1185 1513; x_wconf 88' lang='lat' dir='ltr'><strong>assensum</strong></span> <span class='ocrx_word' id='word_1_91' title='bbox 1209 1450 1393 1527; x_wconf 87' lang='lat' dir='ltr'><strong>prebuimus</strong></span> <span class='ocrx_word' id='word_1_92' title='bbox 1416 1467 1455 1513; x_wconf 85' lang='lat' dir='ltr'><strong>ex</strong></span> 
     </span>
     <span class='ocr_line' id='line_1_11' title="bbox 186 1558 1454 1636; baseline 0 -16"><span class='ocrx_word' id='word_1_93' title='bbox 186 1578 270 1621; x_wconf 92' lang='lat' dir='ltr'><strong>nunc</strong></span> <span class='ocrx_word' id='word_1_94' title='bbox 293 1567 385 1636; x_wconf 92' lang='lat' dir='ltr'><strong>prout</strong></span> <span class='ocrx_word' id='word_1_95' title='bbox 407 1577 446 1620; x_wconf 86' lang='lat' dir='ltr'><strong>ex</strong></span> <span class='ocrx_word' id='word_1_96' title='bbox 476 1566 548 1620; x_wconf 93' lang='lat' dir='ltr'><strong>tunc</strong></span> <span class='ocrx_word' id='word_1_97' title='bbox 571 1566 602 1619; x_wconf 90' lang='lat' dir='ltr'><strong>et</strong></span> <span class='ocrx_word' id='word_1_98' title='bbox 625 1576 664 1618; x_wconf 84' lang='lat' dir='ltr'><strong>ex</strong></span> <span class='ocrx_word' id='word_1_99' title='bbox 695 1564 768 1618; x_wconf 93' lang='lat' dir='ltr'><strong>tunc</strong></span> <span class='ocrx_word' id='word_1_100' title='bbox 791 1563 885 1634; x_wconf 92' lang='lat' dir='ltr'><strong>prout</strong></span> <span class='ocrx_word' id='word_1_101' title='bbox 907 1576 946 1618; x_wconf 84' lang='lat' dir='ltr'><strong>ex</strong></span> <span class='ocrx_word' id='word_1_102' title='bbox 968 1576 1050 1620; x_wconf 92' lang='lat' dir='ltr'><strong>nunc</strong></span> <span class='ocrx_word' id='word_1_103' title='bbox 1073 1560 1173 1618; x_wconf 91' lang='lat' dir='ltr'><strong>immo</strong></span> <span class='ocrx_word' id='word_1_104' title='bbox 1196 1558 1305 1632; x_wconf 86' lang='lat' dir='ltr'><strong>vigore</strong></span> <span class='ocrx_word' id='word_1_105' title='bbox 1329 1573 1454 1634; x_wconf 86' lang='lat' dir='ltr'><strong>presen-</strong></span> 
     </span>
     <span class='ocr_line' id='line_1_12' title="bbox 186 1664 1455 1742; baseline -0.001 -16"><span class='ocrx_word' id='word_1_106' title='bbox 186 1669 271 1727; x_wconf 91' lang='lat' dir='ltr'><strong>cium</strong></span> <span class='ocrx_word' id='word_1_107' title='bbox 303 1668 469 1742; x_wconf 89' lang='lat' dir='ltr'><strong>prebemus</strong></span> <span class='ocrx_word' id='word_1_108' title='bbox 492 1671 523 1726; x_wconf 92' lang='lat' dir='ltr'><strong>et</strong></span> <span class='ocrx_word' id='word_1_109' title='bbox 547 1665 737 1726; x_wconf 90' lang='lat' dir='ltr'><strong>conferimus</strong></span> <span class='ocrx_word' id='word_1_110' title='bbox 759 1666 815 1725; x_wconf 90' lang='lat' dir='ltr'><strong>tali</strong></span> <span class='ocrx_word' id='word_1_111' title='bbox 838 1666 984 1725; x_wconf 82' lang='lat' dir='ltr'><strong>videlicet</strong></span> <span class='ocrx_word' id='word_1_112' title='bbox 1007 1664 1211 1739; x_wconf 88' lang='lat' dir='ltr'><strong>obligacionis</strong></span> <span class='ocrx_word' id='word_1_113' title='bbox 1234 1665 1360 1724; x_wconf 85' lang='lat' dir='ltr'><strong>vinculo</strong></span> <span class='ocrx_word' id='word_1_114' title='bbox 1390 1680 1455 1725; x_wconf 85' lang='lat' dir='ltr'><strong>me·</strong></span> 
     </span>
     <span class='ocr_line' id='line_1_13' title="bbox 186 1771 1455 1849; baseline -0.004 -15"><span class='ocrx_word' id='word_1_115' title='bbox 186 1776 306 1834; x_wconf 90' lang='lat' dir='ltr'><strong>diante:</strong></span> <span class='ocrx_word' id='word_1_116' title='bbox 331 1774 413 1848; x_wconf 91' lang='lat' dir='ltr'><strong>quod</strong></span> <span class='ocrx_word' id='word_1_117' title='bbox 436 1773 569 1849; x_wconf 89' lang='lat' dir='ltr'><strong>predicti</strong></span> <span class='ocrx_word' id='word_1_118' title='bbox 593 1772 703 1831; x_wconf 87' lang='lat' dir='ltr'><strong>iratres</strong></span> <span class='ocrx_word' id='word_1_119' title='bbox 726 1776 883 1847; x_wconf 88' lang='lat' dir='ltr'><strong>presentes</strong></span> <span class='ocrx_word' id='word_1_120' title='bbox 898 1778 929 1831; x_wconf 92' lang='lat' dir='ltr'><strong>et</strong></span> <span class='ocrx_word' id='word_1_121' title='bbox 944 1772 1040 1830; x_wconf 89' lang='lat' dir='ltr'><strong>futuri</strong></span> <span class='ocrx_word' id='word_1_122' title='bbox 1054 1773 1086 1830; x_wconf 94' lang='lat' dir='ltr'><strong>in</strong></span> <span class='ocrx_word' id='word_1_123' title='bbox 1109 1772 1178 1846; x_wconf 92' lang='lat' dir='ltr'><strong>ipsa</strong></span> <span class='ocrx_word' id='word_1_124' title='bbox 1200 1771 1325 1832; x_wconf 88' lang='lat' dir='ltr'><strong>civitate</strong></span> <span class='ocrx_word' id='word_1_125' title='bbox 1339 1771 1455 1831; x_wconf 88' lang='lat' dir='ltr'><strong>montis</strong></span> 
     </span>
     <span class='ocr_line' id='line_1_14' title="bbox 186 1878 1454 1954; baseline 0.001 -15"><span class='ocrx_word' id='word_1_126' title='bbox 186 1880 349 1940; x_wconf 89' lang='lat' dir='ltr'><strong>Grecensis</strong></span> <span class='ocrx_word' id='word_1_127' title='bbox 380 1884 410 1938; x_wconf 90' lang='lat' dir='ltr'><strong>et</strong></span> <span class='ocrx_word' id='word_1_128' title='bbox 430 1895 488 1938; x_wconf 94' lang='lat' dir='ltr'><strong>suo</strong></span> <span class='ocrx_word' id='word_1_129' title='bbox 510 1880 542 1938; x_wconf 94' lang='lat' dir='ltr'><strong>in</strong></span> <span class='ocrx_word' id='word_1_130' title='bbox 572 1885 724 1939; x_wconf 90' lang='lat' dir='ltr'><strong>conventu</strong></span> <span class='ocrx_word' id='word_1_131' title='bbox 758 1880 922 1937; x_wconf 88' lang='lat' dir='ltr'><strong>nobiscum</strong></span> <span class='ocrx_word' id='word_1_132' title='bbox 951 1893 1011 1953; x_wconf 93' lang='lat' dir='ltr'><strong>pro</strong></span> <span class='ocrx_word' id='word_1_133' title='bbox 1041 1884 1183 1954; x_wconf 90' lang='lat' dir='ltr'><strong>tempore</strong></span> <span class='ocrx_word' id='word_1_134' title='bbox 1206 1878 1361 1953; x_wconf 84' lang='lat' dir='ltr'><strong>degentes,</strong></span> <span class='ocrx_word' id='word_1_135' title='bbox 1388 1883 1454 1940; x_wconf 88' lang='lat' dir='ltr'><strong>tam</strong></span> 
     </span>
     <span class='ocr_line' id='line_1_15' title="bbox 185 1984 1454 2062; baseline -0.002 -16"><span class='ocrx_word' id='word_1_136' title='bbox 185 1989 218 2047; x_wconf 93' lang='lat' dir='ltr'><strong>in</strong></span> <span class='ocrx_word' id='word_1_137' title='bbox 241 1987 447 2062; x_wconf 89' lang='lat' dir='ltr'><strong>prosperitate</strong></span> <span class='ocrx_word' id='word_1_138' title='bbox 478 2002 573 2061; x_wconf 93' lang='lat' dir='ltr'><strong>quam</strong></span> <span class='ocrx_word' id='word_1_139' title='bbox 602 1986 634 2043; x_wconf 92' lang='lat' dir='ltr'><strong>in</strong></span> <span class='ocrx_word' id='word_1_140' title='bbox 664 1984 851 2044; x_wconf 87' lang='lat' dir='ltr'><strong>adversitate</strong></span> <span class='ocrx_word' id='word_1_141' title='bbox 884 1985 1016 2043; x_wconf 90' lang='lat' dir='ltr'><strong>debeant</strong></span> <span class='ocrx_word' id='word_1_142' title='bbox 1046 1985 1078 2043; x_wconf 94' lang='lat' dir='ltr'><strong>in</strong></span> <span class='ocrx_word' id='word_1_143' title='bbox 1101 1985 1247 2044; x_wconf 86' lang='lat' dir='ltr'><strong>omnibus</strong></span> <span class='ocrx_word' id='word_1_144' title='bbox 1269 1990 1300 2043; x_wconf 92' lang='lat' dir='ltr'><strong>et</strong></span> <span class='ocrx_word' id='word_1_145' title='bbox 1322 1984 1454 2058; x_wconf 88' lang='lat' dir='ltr'><strong>singulis</strong></span> 
     </span>
     <span class='ocr_line' id='line_1_16' title="bbox 133 2091 1457 2170; baseline -0.002 -17"><span class='ocrx_word' id='word_1_146' title='bbox 133 2096 136 2103; x_wconf 91' lang='lat'>&#39;</span> <span class='ocrx_word' id='word_1_147' title='bbox 190 2108 251 2170; x_wconf 93' lang='lat' dir='ltr'><strong>pro</strong></span> <span class='ocrx_word' id='word_1_148' title='bbox 275 2094 359 2152; x_wconf 93' lang='lat' dir='ltr'><strong>bono</strong></span> <span class='ocrx_word' id='word_1_149' title='bbox 382 2098 462 2152; x_wconf 92' lang='lat' dir='ltr'><strong>statu</strong></span> <span class='ocrx_word' id='word_1_150' title='bbox 481 2093 669 2166; x_wconf 84' lang='lat' dir='ltr'><strong>reipublice,</strong></span> <span class='ocrx_word' id='word_1_151' title='bbox 699 2096 866 2165; x_wconf 86' lang='lat' dir='ltr'><strong>nostreque</strong></span> <span class='ocrx_word' id='word_1_152' title='bbox 896 2093 1126 2150; x_wconf 89' lang='lat' dir='ltr'><strong>communitatis</strong></span> <span class='ocrx_word' id='word_1_153' title='bbox 1158 2098 1261 2150; x_wconf 92' lang='lat' dir='ltr'><strong>tenere</strong></span> <span class='ocrx_word' id='word_1_154' title='bbox 1292 2091 1457 2150; x_wconf 91' lang='lat' dir='ltr'><strong>nobiscum</strong></span> 
     </span>
     <span class='ocr_line' id='line_1_17' title="bbox 184 2195 1454 2273; baseline -0.003 -14"><span class='ocrx_word' id='word_1_155' title='bbox 184 2201 216 2259; x_wconf 93' lang='lat' dir='ltr'><strong>in</strong></span> <span class='ocrx_word' id='word_1_156' title='bbox 247 2205 399 2273; x_wconf 91' lang='lat' dir='ltr'><strong>quantum</strong></span> <span class='ocrx_word' id='word_1_157' title='bbox 432 2198 582 2272; x_wconf 91' lang='lat' dir='ltr'><strong>congruit,</strong></span> <span class='ocrx_word' id='word_1_158' title='bbox 615 2197 688 2257; x_wconf 93' lang='lat' dir='ltr'><strong>licet</strong></span> <span class='ocrx_word' id='word_1_159' title='bbox 718 2201 747 2255; x_wconf 95' lang='lat' dir='ltr'><strong>et</strong></span> <span class='ocrx_word' id='word_1_160' title='bbox 775 2211 837 2254; x_wconf 93' lang='lat' dir='ltr'><strong>non</strong></span> <span class='ocrx_word' id='word_1_161' title='bbox 867 2197 1072 2256; x_wconf 88' lang='lat' dir='ltr'><strong>contrariatur</strong></span> <span class='ocrx_word' id='word_1_162' title='bbox 1095 2197 1198 2257; x_wconf 92' lang='lat' dir='ltr'><strong>ordini</strong></span> <span class='ocrx_word' id='word_1_163' title='bbox 1221 2202 1251 2255; x_wconf 90' lang='lat' dir='ltr'><strong>et</strong></span> <span class='ocrx_word' id='word_1_164' title='bbox 1274 2197 1368 2257; x_wconf 90' lang='lat' dir='ltr'><strong>statui</strong></span> <span class='ocrx_word' id='word_1_165' title='bbox 1390 2195 1454 2256; x_wconf 91' lang='lat' dir='ltr'><strong>dic·</strong></span> 
     </span>
     <span class='ocr_line' id='line_1_18' title="bbox 185 2302 1452 2378; baseline -0.002 -14"><span class='ocrx_word' id='word_1_166' title='bbox 185 2311 291 2364; x_wconf 91' lang='lat' dir='ltr'><strong>torum</strong></span> <span class='ocrx_word' id='word_1_167' title='bbox 320 2304 463 2378; x_wconf 82' lang='lat' dir='ltr'><strong>fratrum,</strong></span> <span class='ocrx_word' id='word_1_168' title='bbox 486 2320 557 2363; x_wconf 90' lang='lat' dir='ltr'><strong>cum</strong></span> <span class='ocrx_word' id='word_1_169' title='bbox 580 2320 637 2361; x_wconf 93' lang='lat' dir='ltr'><strong>nec</strong></span> <span class='ocrx_word' id='word_1_170' title='bbox 659 2318 715 2361; x_wconf 87' lang='lat' dir='ltr'><strong>nos</strong></span> <span class='ocrx_word' id='word_1_171' title='bbox 738 2302 933 2362; x_wconf 90' lang='lat' dir='ltr'><strong>intendamus</strong></span> <span class='ocrx_word' id='word_1_172' title='bbox 955 2304 1106 2362; x_wconf 89' lang='lat' dir='ltr'><strong>honerare</strong></span> <span class='ocrx_word' id='word_1_173' title='bbox 1128 2304 1253 2363; x_wconf 90' lang='lat' dir='ltr'><strong>eosdem</strong></span> <span class='ocrx_word' id='word_1_174' title='bbox 1276 2304 1343 2363; x_wconf 87' lang='lat' dir='ltr'><strong>sive</strong></span> <span class='ocrx_word' id='word_1_175' title='bbox 1363 2319 1452 2378; x_wconf 90' lang='lat' dir='ltr'><strong>agra·</strong></span> 
     </span>
     <span class='ocr_line' id='line_1_19' title="bbox 183 2410 1452 2487; baseline -0.002 -16"><span class='ocrx_word' id='word_1_176' title='bbox 183 2427 259 2471; x_wconf 87' lang='lat' dir='ltr'><strong>vare</strong></span> <span class='ocrx_word' id='word_1_177' title='bbox 282 2419 479 2487; x_wconf 87' lang='lat' dir='ltr'><strong>preterquam</strong></span> <span class='ocrx_word' id='word_1_178' title='bbox 507 2412 539 2470; x_wconf 91' lang='lat' dir='ltr'><strong>in</strong></span> <span class='ocrx_word' id='word_1_179' title='bbox 566 2411 658 2469; x_wconf 91' lang='lat' dir='ltr'><strong>licitis</strong></span> <span class='ocrx_word' id='word_1_180' title='bbox 687 2425 724 2468; x_wconf 92' lang='lat' dir='ltr'><strong>ac</strong></span> <span class='ocrx_word' id='word_1_181' title='bbox 749 2410 893 2480; x_wconf 86' lang='lat' dir='ltr'><strong>honestis,</strong></span> <span class='ocrx_word' id='word_1_182' title='bbox 923 2411 1088 2469; x_wconf 87' lang='lat' dir='ltr'><strong>offerentes</strong></span> <span class='ocrx_word' id='word_1_183' title='bbox 1110 2425 1166 2470; x_wconf 91' lang='lat' dir='ltr'><strong>nos</strong></span> <span class='ocrx_word' id='word_1_184' title='bbox 1189 2411 1279 2470; x_wconf 88' lang='lat' dir='ltr'><strong>dictis</strong></span> <span class='ocrx_word' id='word_1_185' title='bbox 1302 2410 1452 2471; x_wconf 89' lang='lat' dir='ltr'><strong>fratribus</strong></span> 
     </span>
     <span class='ocr_line' id='line_1_20' title="bbox 183 2517 1454 2593; baseline 0.001 -16"><span class='ocrx_word' id='word_1_186' title='bbox 183 2524 218 2578; x_wconf 88' lang='lat' dir='ltr'><strong>ut</strong></span> <span class='ocrx_word' id='word_1_187' title='bbox 242 2518 374 2577; x_wconf 83' lang='lat' dir='ltr'><strong>facultas</strong></span> <span class='ocrx_word' id='word_1_188' title='bbox 397 2519 549 2591; x_wconf 90' lang='lat' dir='ltr'><strong>subpetet‚</strong></span> <span class='ocrx_word' id='word_1_189' title='bbox 573 2517 780 2590; x_wconf 89' lang='lat' dir='ltr'><strong>possibilitate</strong></span> <span class='ocrx_word' id='word_1_190' title='bbox 795 2517 945 2590; x_wconf 84' lang='lat' dir='ltr'><strong>exigente,</strong></span> <span class='ocrx_word' id='word_1_191' title='bbox 969 2532 1079 2576; x_wconf 89' lang='lat' dir='ltr'><strong>manns</strong></span> <span class='ocrx_word' id='word_1_192' title='bbox 1105 2519 1265 2593; x_wconf 89' lang='lat' dir='ltr'><strong>porrigere</strong></span> <span class='ocrx_word' id='word_1_193' title='bbox 1287 2518 1454 2578; x_wconf 85' lang='lat' dir='ltr'><strong>adiutrices</strong></span> 
     </span>
     <span class='ocr_line' id='line_1_21' title="bbox 183 2621 1453 2700; baseline 0 -15"><span class='ocrx_word' id='word_1_194' title='bbox 183 2627 269 2685; x_wconf 92' lang='lat' dir='ltr'><strong>etin</strong></span> <span class='ocrx_word' id='word_1_195' title='bbox 300 2624 386 2683; x_wconf 90' lang='lat' dir='ltr'><strong>omni</strong></span> <span class='ocrx_word' id='word_1_196' title='bbox 417 2638 527 2682; x_wconf 91' lang='lat' dir='ltr'><strong>eorum</strong></span> <span class='ocrx_word' id='word_1_197' title='bbox 555 2624 735 2682; x_wconf 90' lang='lat' dir='ltr'><strong>necessitate</strong></span> <span class='ocrx_word' id='word_1_198' title='bbox 762 2621 844 2700; x_wconf 86' lang='lat' dir='ltr'><strong>justa</strong></span> <span class='ocrx_word' id='word_1_199' title='bbox 873 2622 1039 2683; x_wconf 83' lang='lat' dir='ltr'><strong>defendere</strong></span> <span class='ocrx_word' id='word_1_200' title='bbox 1071 2631 1178 2685; x_wconf 93' lang='lat' dir='ltr'><strong>contra</strong></span> <span class='ocrx_word' id='word_1_201' title='bbox 1198 2625 1363 2685; x_wconf 84' lang='lat' dir='ltr'><strong>violentos.</strong></span> <span class='ocrx_word' id='word_1_202' title='bbox 1385 2626 1453 2684; x_wconf 88' lang='lat' dir='ltr'><strong>Hoc</strong></span> 
     </span>
     <span class='ocr_line' id='line_1_22' title="bbox 183 2727 1448 2808; baseline 0 -16"><span class='ocrx_word' id='word_1_203' title='bbox 183 2746 332 2808; x_wconf 88' lang='lat' dir='ltr'><strong>expresso</strong></span> <span class='ocrx_word' id='word_1_204' title='bbox 355 2735 386 2790; x_wconf 89' lang='lat' dir='ltr'><strong>et</strong></span> <span class='ocrx_word' id='word_1_205' title='bbox 407 2729 595 2804; x_wconf 88' lang='lat' dir='ltr'><strong>specificato,</strong></span> <span class='ocrx_word' id='word_1_206' title='bbox 619 2727 753 2803; x_wconf 91' lang='lat' dir='ltr'><strong>quodsi</strong></span> <span class='ocrx_word' id='word_1_207' title='bbox 776 2743 834 2805; x_wconf 92' lang='lat' dir='ltr'><strong>pro</strong></span> <span class='ocrx_word' id='word_1_208' title='bbox 858 2736 998 2805; x_wconf 90' lang='lat' dir='ltr'><strong>tempore</strong></span> <span class='ocrx_word' id='word_1_209' title='bbox 1021 2732 1231 2790; x_wconf 89' lang='lat' dir='ltr'><strong>communitas</strong></span> <span class='ocrx_word' id='word_1_210' title='bbox 1254 2737 1358 2791; x_wconf 93' lang='lat' dir='ltr'><strong>nostre</strong></span> <span class='ocrx_word' id='word_1_211' title='bbox 1373 2732 1448 2793; x_wconf 86' lang='lat' dir='ltr'><strong>ciri·</strong></span> 
     </span>
     <span class='ocr_line' id='line_1_23' title="bbox 185 2833 1452 2913; baseline 0.001 -16"><span class='ocrx_word' id='word_1_212' title='bbox 185 2838 258 2898; x_wconf 89' lang='lat' dir='ltr'><strong>tatis</strong></span> <span class='ocrx_word' id='word_1_213' title='bbox 280 2839 312 2897; x_wconf 90' lang='lat' dir='ltr'><strong>in</strong></span> <span class='ocrx_word' id='word_1_214' title='bbox 334 2837 404 2911; x_wconf 89' lang='lat' dir='ltr'><strong>piis,</strong></span> <span class='ocrx_word' id='word_1_215' title='bbox 427 2833 578 2912; x_wconf 87' lang='lat' dir='ltr'><strong>justisque</strong></span> <span class='ocrx_word' id='word_1_216' title='bbox 601 2841 631 2893; x_wconf 90' lang='lat' dir='ltr'><strong>et</strong></span> <span class='ocrx_word' id='word_1_217' title='bbox 653 2836 896 2896; x_wconf 88' lang='lat' dir='ltr'><strong>racionabilibus</strong></span> <span class='ocrx_word' id='word_1_218' title='bbox 920 2838 1020 2896; x_wconf 87' lang='lat' dir='ltr'><strong>causis</strong></span> <span class='ocrx_word' id='word_1_219' title='bbox 1043 2852 1105 2897; x_wconf 91' lang='lat' dir='ltr'><strong>uno</strong></span> <span class='ocrx_word' id='word_1_220' title='bbox 1129 2837 1182 2898; x_wconf 78' lang='lat' dir='ltr'><strong>vet</strong></span> <span class='ocrx_word' id='word_1_221' title='bbox 1204 2838 1350 2913; x_wconf 90' lang='lat' dir='ltr'><strong>pluribus</strong></span> <span class='ocrx_word' id='word_1_222' title='bbox 1372 2836 1452 2898; x_wconf 91' lang='lat' dir='ltr'><strong>indi·</strong></span> 
     </span>
     <span class='ocr_line' id='line_1_24' title="bbox 181 2942 1453 3020; baseline 0 -16"><span class='ocrx_word' id='word_1_223' title='bbox 181 2951 270 3020; x_wconf 90' lang='lat' dir='ltr'><strong>geret</strong></span> <span class='ocrx_word' id='word_1_224' title='bbox 301 2944 375 3003; x_wconf 88' lang='lat' dir='ltr'><strong>dicti</strong></span> <span class='ocrx_word' id='word_1_225' title='bbox 405 2949 575 3002; x_wconf 91' lang='lat' dir='ltr'><strong>conventus</strong></span> <span class='ocrx_word' id='word_1_226' title='bbox 606 2942 764 3016; x_wconf 88' lang='lat' dir='ltr'><strong>fratribus,</strong></span> <span class='ocrx_word' id='word_1_227' title='bbox 794 2943 861 3002; x_wconf 88' lang='lat' dir='ltr'><strong>sive</strong></span> <span class='ocrx_word' id='word_1_228' title='bbox 890 2944 930 3002; x_wconf 91' lang='lat' dir='ltr'><strong>ad</strong></span> <span class='ocrx_word' id='word_1_229' title='bbox 953 2945 1060 3004; x_wconf 92' lang='lat' dir='ltr'><strong>sedem</strong></span> <span class='ocrx_word' id='word_1_230' title='bbox 1083 2946 1297 3019; x_wconf 89' lang='lat' dir='ltr'><strong>apostolicam,</strong></span> <span class='ocrx_word' id='word_1_231' title='bbox 1321 2945 1388 3004; x_wconf 86' lang='lat' dir='ltr'><strong>sive</strong></span> <span class='ocrx_word' id='word_1_232' title='bbox 1412 2944 1453 3004; x_wconf 89' lang='lat' dir='ltr'><strong>ad</strong></span> 
     </span>
     <span class='ocr_line' id='line_1_25' title="bbox 183 3048 1452 3125; baseline 0.001 -15"><span class='ocrx_word' id='word_1_233' title='bbox 183 3051 304 3125; x_wconf 89' lang='lat' dir='ltr'><strong>regiam</strong></span> <span class='ocrx_word' id='word_1_234' title='bbox 335 3052 528 3109; x_wconf 90' lang='lat' dir='ltr'><strong>maiestatem</strong></span> <span class='ocrx_word' id='word_1_235' title='bbox 561 3048 742 3122; x_wconf 88' lang='lat' dir='ltr'><strong>dirigendis,</strong></span> <span class='ocrx_word' id='word_1_236' title='bbox 772 3049 857 3123; x_wconf 93' lang='lat' dir='ltr'><strong>quod</strong></span> <span class='ocrx_word' id='word_1_237' title='bbox 889 3051 954 3110; x_wconf 90' lang='lat' dir='ltr'><strong>sine</strong></span> <span class='ocrx_word' id='word_1_238' title='bbox 983 3051 1227 3112; x_wconf 84' lang='lat' dir='ltr'><strong>contradiccione</strong></span> <span class='ocrx_word' id='word_1_239' title='bbox 1248 3068 1282 3111; x_wconf 91' lang='lat' dir='ltr'><strong>se</strong></span> <span class='ocrx_word' id='word_1_240' title='bbox 1305 3052 1452 3112; x_wconf 84' lang='lat' dir='ltr'><strong>exhibere</strong></span> 
     </span>
     <span class='ocr_line' id='line_1_26' title="bbox 185 3155 1450 3234; baseline 0.003 -20"><span class='ocrx_word' id='word_1_241' title='bbox 185 3155 320 3214; x_wconf 90' lang='lat' dir='ltr'><strong>debeant</strong></span> <span class='ocrx_word' id='word_1_242' title='bbox 349 3156 422 3214; x_wconf 90' lang='lat' dir='ltr'><strong>dicti</strong></span> <span class='ocrx_word' id='word_1_243' title='bbox 459 3155 571 3215; x_wconf 88' lang='lat' dir='ltr'><strong>fratres</strong></span> <span class='ocrx_word' id='word_1_244' title='bbox 601 3155 750 3229; x_wconf 87' lang='lat' dir='ltr'><strong>benignos</strong></span> <span class='ocrx_word' id='word_1_245' title='bbox 781 3161 833 3214; x_wconf 90' lang='lat' dir='ltr'><strong>aut</strong></span> <span class='ocrx_word' id='word_1_246' title='bbox 864 3159 1040 3231; x_wconf 89' lang='lat' dir='ltr'><strong>graciosos,</strong></span> <span class='ocrx_word' id='word_1_247' title='bbox 1074 3164 1183 3234; x_wconf 91' lang='lat' dir='ltr'><strong>sponte</strong></span> <span class='ocrx_word' id='word_1_248' title='bbox 1218 3163 1249 3220; x_wconf 89' lang='lat' dir='ltr'><strong>et</strong></span> <span class='ocrx_word' id='word_1_249' title='bbox 1285 3158 1450 3232; x_wconf 86' lang='lat' dir='ltr'><strong>benivole,</strong></span> 
     </span>
     <span class='ocr_line' id='line_1_27' title="bbox 183 3262 1450 3342; baseline 0.003 -21"><span class='ocrx_word' id='word_1_250' title='bbox 183 3262 224 3321; x_wconf 92' lang='lat' dir='ltr'><strong>ad</strong></span> <span class='ocrx_word' id='word_1_251' title='bbox 259 3278 409 3337; x_wconf 87' lang='lat' dir='ltr'><strong>expensas</strong></span> <span class='ocrx_word' id='word_1_252' title='bbox 442 3262 605 3321; x_wconf 87' lang='lat' dir='ltr'><strong>dumtaxat</strong></span> <span class='ocrx_word' id='word_1_253' title='bbox 627 3267 756 3334; x_wconf 89' lang='lat' dir='ltr'><strong>nostras,</strong></span> <span class='ocrx_word' id='word_1_254' title='bbox 780 3264 901 3323; x_wconf 88' lang='lat' dir='ltr'><strong>nemine</strong></span> <span class='ocrx_word' id='word_1_255' title='bbox 932 3265 1156 3324; x_wconf 89' lang='lat' dir='ltr'><strong>contradictore</strong></span> <span class='ocrx_word' id='word_1_256' title='bbox 1186 3272 1364 3342; x_wconf 88' lang='lat' dir='ltr'><strong>apparente,</strong></span> <span class='ocrx_word' id='word_1_257' title='bbox 1395 3266 1450 3328; x_wconf 87' lang='lat' dir='ltr'><strong>scd</strong></span> 
     </span>
     <span class='ocr_line' id='line_1_28' title="bbox 183 3369 1450 3448; baseline 0.005 -21"><span class='ocrx_word' id='word_1_258' title='bbox 183 3377 316 3444; x_wconf 90' lang='lat' dir='ltr'><strong>utraque</strong></span> <span class='ocrx_word' id='word_1_259' title='bbox 328 3376 416 3444; x_wconf 90' lang='lat' dir='ltr'><strong>parte</strong></span> <span class='ocrx_word' id='word_1_260' title='bbox 428 3369 526 3428; x_wconf 89' lang='lat' dir='ltr'><strong>libere</strong></span> <span class='ocrx_word' id='word_1_261' title='bbox 542 3369 762 3444; x_wconf 90' lang='lat' dir='ltr'><strong>consenciente,</strong></span> <span class='ocrx_word' id='word_1_262' title='bbox 774 3375 805 3429; x_wconf 92' lang='lat' dir='ltr'><strong>et</strong></span> <span class='ocrx_word' id='word_1_263' title='bbox 816 3386 848 3428; x_wconf 93' lang='lat' dir='ltr'><strong>se</strong></span> <span class='ocrx_word' id='word_1_264' title='bbox 864 3371 944 3430; x_wconf 92' lang='lat' dir='ltr'><strong>alter</strong></span> <span class='ocrx_word' id='word_1_265' title='bbox 959 3371 1050 3430; x_wconf 90' lang='lat' dir='ltr'><strong>alteri</strong></span> <span class='ocrx_word' id='word_1_266' title='bbox 1071 3372 1111 3431; x_wconf 89' lang='lat' dir='ltr'><strong>ad</strong></span> <span class='ocrx_word' id='word_1_267' title='bbox 1124 3374 1276 3448; x_wconf 89' lang='lat' dir='ltr'><strong>premissa</strong></span> <span class='ocrx_word' id='word_1_268' title='bbox 1297 3372 1450 3434; x_wconf 87' lang='lat' dir='ltr'><strong>servanda</strong></span> 
     </span>
     <span class='ocr_line' id='line_1_29' title="bbox 185 3477 1450 3552; baseline 0.006 -18"><span class='ocrx_word' id='word_1_269' title='bbox 185 3478 372 3551; x_wconf 90' lang='lat' dir='ltr'><strong>obligarunt.</strong></span> <span class='ocrx_word' id='word_1_270' title='bbox 395 3478 430 3536; x_wconf 92' lang='lat' dir='ltr'><strong>ln</strong></span> <span class='ocrx_word' id='word_1_271' title='bbox 453 3491 588 3550; x_wconf 91' lang='lat' dir='ltr'><strong>quorum</strong></span> <span class='ocrx_word' id='word_1_272' title='bbox 611 3477 753 3535; x_wconf 91' lang='lat' dir='ltr'><strong>omnium</strong></span> <span class='ocrx_word' id='word_1_273' title='bbox 777 3484 807 3537; x_wconf 95' lang='lat' dir='ltr'><strong>et</strong></span> <span class='ocrx_word' id='word_1_274' title='bbox 837 3479 1032 3552; x_wconf 89' lang='lat' dir='ltr'><strong>singulorum</strong></span> <span class='ocrx_word' id='word_1_275' title='bbox 1062 3483 1169 3551; x_wconf 93' lang='lat' dir='ltr'><strong>robur,</strong></span> <span class='ocrx_word' id='word_1_276' title='bbox 1193 3481 1289 3540; x_wconf 91' lang='lat' dir='ltr'><strong>fidem</strong></span> <span class='ocrx_word' id='word_1_277' title='bbox 1312 3482 1450 3542; x_wconf 87' lang='lat' dir='ltr'><strong>et&#39;testi·</strong></span> 
     </span>
     <span class='ocr_line' id='line_1_30' title="bbox 185 3583 1452 3660; baseline 0.006 -20"><span class='ocrx_word' id='word_1_278' title='bbox 185 3583 327 3641; x_wconf 92' lang='lat' dir='ltr'><strong>monium</strong></span> <span class='ocrx_word' id='word_1_279' title='bbox 363 3584 597 3659; x_wconf 88' lang='lat' dir='ltr'><strong>premissorum,</strong></span> <span class='ocrx_word' id='word_1_280' title='bbox 628 3585 822 3658; x_wconf 88' lang='lat' dir='ltr'><strong>presentibus</strong></span> <span class='ocrx_word' id='word_1_281' title='bbox 852 3593 956 3645; x_wconf 90' lang='lat' dir='ltr'><strong>nostre</strong></span> <span class='ocrx_word' id='word_1_282' title='bbox 987 3587 1218 3646; x_wconf 88' lang='lat' dir='ltr'><strong>communitatis</strong></span> <span class='ocrx_word' id='word_1_283' title='bbox 1248 3587 1389 3660; x_wconf 90' lang='lat' dir='ltr'><strong>sigillum</strong></span> <span class='ocrx_word' id='word_1_284' title='bbox 1419 3588 1452 3648; x_wconf 91' lang='lat' dir='ltr'><strong>in</strong></span> 
     </span>
     <span class='ocr_line' id='line_1_31' title="bbox 182 3689 1451 3764; baseline 0.004 -16"><span class='ocrx_word' id='word_1_285' title='bbox 182 3690 282 3750; x_wconf 88' lang='lat' dir='ltr'><strong>serico</strong></span> <span class='ocrx_word' id='word_1_286' title='bbox 314 3691 461 3764; x_wconf 89' lang='lat' dir='ltr'><strong>pendenti</strong></span> <span class='ocrx_word' id='word_1_287' title='bbox 491 3689 609 3750; x_wconf 90' lang='lat' dir='ltr'><strong>eisdem</strong></span> <span class='ocrx_word' id='word_1_288' title='bbox 641 3689 789 3749; x_wconf 87' lang='lat' dir='ltr'><strong>iratribus</strong></span> <span class='ocrx_word' id='word_1_289' title='bbox 820 3691 966 3752; x_wconf 88' lang='lat' dir='ltr'><strong>duximus</strong></span> <span class='ocrx_word' id='word_1_290' title='bbox 997 3692 1236 3754; x_wconf 87' lang='lat' dir='ltr'><strong>concedendum.</strong></span> <span class='ocrx_word' id='word_1_291' title='bbox 1267 3693 1385 3753; x_wconf 89' lang='lat' dir='ltr'><strong>Datum</strong></span> <span class='ocrx_word' id='word_1_292' title='bbox 1418 3694 1451 3753; x_wconf 92' lang='lat' dir='ltr'><strong>in</strong></span> 
     </span>
     <span class='ocr_line' id='line_1_32' title="bbox 185 3796 1448 3876; baseline 0.006 -22"><span class='ocrx_word' id='word_1_293' title='bbox 185 3796 342 3855; x_wconf 91' lang='lat' dir='ltr'><strong>dominica</strong></span> <span class='ocrx_word' id='word_1_294' title='bbox 364 3799 508 3872; x_wconf 86' lang='lat' dir='ltr'><strong>proxima</strong></span> <span class='ocrx_word' id='word_1_295' title='bbox 534 3801 603 3855; x_wconf 92' lang='lat' dir='ltr'><strong>ante</strong></span> <span class='ocrx_word' id='word_1_296' title='bbox 627 3796 740 3856; x_wconf 90' lang='lat' dir='ltr'><strong>festum</strong></span> <span class='ocrx_word' id='word_1_297' title='bbox 756 3800 840 3859; x_wconf 90' lang='lat' dir='ltr'><strong>beati</strong></span> <span class='ocrx_word' id='word_1_298' title='bbox 865 3802 983 3859; x_wconf 92' lang='lat' dir='ltr'><strong>Vrbani</strong></span> <span class='ocrx_word' id='word_1_299' title='bbox 1007 3816 1096 3876; x_wconf 91' lang='lat' dir='ltr'><strong>pape.</strong></span> <span class='ocrx_word' id='word_1_300' title='bbox 1122 3802 1211 3860; x_wconf 86' lang='lat' dir='ltr'><strong>Anno</strong></span> <span class='ocrx_word' id='word_1_301' title='bbox 1235 3799 1354 3860; x_wconf 91' lang='lat' dir='ltr'><strong>domini</strong></span> <span class='ocrx_word' id='word_1_302' title='bbox 1377 3801 1448 3861; x_wconf 92' lang='lat' dir='ltr'><strong>mil·</strong></span> 
     </span>
     <span class='ocr_line' id='line_1_33' title="bbox 183 3903 1007 3980; baseline 0.006 -19"><span class='ocrx_word' id='word_1_303' title='bbox 183 3903 296 3962; x_wconf 91' lang='lat' dir='ltr'><strong>lesimo</strong></span> <span class='ocrx_word' id='word_1_304' title='bbox 321 3904 625 3977; x_wconf 87' lang='lat' dir='ltr'><strong>quadringentesimo</strong></span> <span class='ocrx_word' id='word_1_305' title='bbox 648 3908 879 3980; x_wconf 89' lang='lat' dir='ltr'><strong>septuagesimo</strong></span> <span class='ocrx_word' id='word_1_306' title='bbox 904 3909 1007 3967; x_wconf 90' lang='lat' dir='ltr'><strong>tercio.</strong></span> 
     </span>
    </p>
   </div>
   <div class='ocr_carea' id='block_1_3' title="bbox 182 4039 1448 4192">
    <p class='ocr_par' dir='ltr' id='par_1_3' title="bbox 182 4039 1448 4192">
     <span class='ocr_line' id='line_1_34' title="bbox 291 4039 1448 4112; baseline 0.007 -23"><span class='ocrx_word' id='word_1_307' title='bbox 291 4039 425 4104; x_wconf 85' lang='lat' dir='ltr'><strong>Originale</strong></span> <span class='ocrx_word' id='word_1_308' title='bbox 451 4041 478 4090; x_wconf 94' lang='lat' dir='ltr'><strong>in</strong></span> <span class='ocrx_word' id='word_1_309' title='bbox 497 4041 644 4091; x_wconf 85' lang='lat' dir='ltr'><strong>membrana</strong></span> <span class='ocrx_word' id='word_1_310' title='bbox 672 4044 699 4092; x_wconf 90' lang='lat' dir='ltr'><strong>A</strong></span> <span class='ocrx_word' id='word_1_311' title='bbox 719 4051 791 4107; x_wconf 78' lang='lat' dir='ltr'><strong>tergo</strong></span> <span class='ocrx_word' id='word_1_312' title='bbox 809 4043 924 4108; x_wconf 84' lang='lat' dir='ltr'><strong>sigillum</strong></span> <span class='ocrx_word' id='word_1_313' title='bbox 944 4045 1103 4109; x_wconf 87' lang='lat' dir='ltr'><strong>impressum.</strong></span> <span class='ocrx_word' id='word_1_314' title='bbox 1129 4047 1162 4095; x_wconf 93' lang='lat' dir='ltr'><strong>In</strong></span> <span class='ocrx_word' id='word_1_315' title='bbox 1187 4046 1301 4096; x_wconf 84' lang='lat' dir='ltr'><strong>archivio</strong></span> <span class='ocrx_word' id='word_1_316' title='bbox 1329 4044 1376 4099; x_wconf 87' lang='lat' dir='ltr'><strong>lib.</strong></span> <span class='ocrx_word' id='word_1_317' title='bbox 1395 4063 1448 4112; x_wconf 87' lang='lat' dir='ltr'><strong>reg.</strong></span> 
     </span>
     <span class='ocr_line' id='line_1_35' title="bbox 182 4129 373 4192; baseline 0.005 -13"><span class='ocrx_word' id='word_1_318' title='bbox 182 4129 254 4181; x_wconf 81' lang='lat' dir='ltr'><strong>civit.</strong></span> <span class='ocrx_word' id='word_1_319' title='bbox 273 4129 373 4192; x_wconf 84' lang='lat' dir='ltr'><strong>zagrab.</strong></span> 
     </span>
    </p>
   </div>
   <div class='ocr_carea' id='block_1_4' title="bbox 290 4308 862 4497">
    <p class='ocr_par' dir='ltr' id='par_1_4' title="bbox 290 4308 862 4497">
     <span class='ocr_line' id='line_1_36' title="bbox 777 4308 862 4376; baseline -0.024 -2"><span class='ocrx_word' id='word_1_320' title='bbox 777 4308 862 4376; x_wconf 79' lang='lat'><strong>289.</strong></span> 
     </span>
     <span class='ocr_line' id='line_1_37' title="bbox 290 4430 772 4497; baseline 0 -17"><span class='ocrx_word' id='word_1_321' title='bbox 290 4430 370 4481; x_wconf 79' lang='lat' dir='ltr'><strong>Anno</strong></span> <span class='ocrx_word' id='word_1_322' title='bbox 393 4443 467 4495; x_wconf 83' lang='lat'><strong>1473,</strong></span> <span class='ocrx_word' id='word_1_323' title='bbox 487 4431 502 4481; x_wconf 89' lang='lat'><strong>6</strong></span> <span class='ocrx_word' id='word_1_324' title='bbox 528 4431 595 4497; x_wconf 89' lang='lat' dir='ltr'><strong>Julii</strong></span> <span class='ocrx_word' id='word_1_325' title='bbox 623 4431 772 4495; x_wconf 83' lang='lat' dir='ltr'><strong>Zagrabiae.</strong></span> 
     </span>
    </p>
   </div>
   <div class='ocr_carea' id='block_1_5' title="bbox 291 4541 1449 4745">
    <p class='ocr_par' dir='ltr' id='par_1_5' title="bbox 291 4541 1449 4745">
     <span class='ocr_line' id='line_1_38' title="bbox 440 4541 1207 4616; baseline 0.001 -16"><span class='ocrx_word' id='word_1_326' title='bbox 440 4541 585 4600; x_wconf 77' lang='lat' dir='ltr'><strong>Stumtum</strong></span> <span class='ocrx_word' id='word_1_327' title='bbox 608 4542 642 4600; x_wconf 82' lang='lat' dir='ltr'><strong>de</strong></span> <span class='ocrx_word' id='word_1_328' title='bbox 664 4560 736 4600; x_wconf 80' lang='lat' dir='ltr'><strong>urea</strong></span> <span class='ocrx_word' id='word_1_329' title='bbox 760 4543 881 4616; x_wconf 80' lang='lat' dir='ltr'><strong>capituli</strong></span> <span class='ocrx_word' id='word_1_330' title='bbox 900 4544 1020 4616; x_wconf 70' lang='lat' dir='ltr'><strong>zugrab.</strong></span> <span class='ocrx_word' id='word_1_331' title='bbox 1045 4545 1207 4607; x_wconf 82' lang='lat' dir='ltr'><strong>mum‘enda.</strong></span> 
     </span>
     <span class='ocr_line' id='line_1_39' title="bbox 291 4667 1449 4745; baseline 0.007 -20"><span class='ocrx_word' id='word_1_332' title='bbox 291 4669 380 4726; x_wconf 80' lang='lat' dir='ltr'><strong>Anno</strong></span> <span class='ocrx_word' id='word_1_333' title='bbox 402 4667 521 4727; x_wconf 91' lang='lat' dir='ltr'><strong>domini</strong></span> <span class='ocrx_word' id='word_1_334' title='bbox 544 4669 714 4727; x_wconf 90' lang='lat' dir='ltr'><strong>millesimo</strong></span> <span class='ocrx_word' id='word_1_335' title='bbox 738 4669 1042 4743; x_wconf 89' lang='lat' dir='ltr'><strong>quadringentesimo</strong></span> <span class='ocrx_word' id='word_1_336' title='bbox 1060 4672 1290 4745; x_wconf 87' lang='lat' dir='ltr'><strong>septuagesimo</strong></span> <span class='ocrx_word' id='word_1_337' title='bbox 1306 4673 1401 4732; x_wconf 90' lang='lat' dir='ltr'><strong>tercio</strong></span> <span class='ocrx_word' id='word_1_338' title='bbox 1417 4673 1449 4733; x_wconf 91' lang='lat' dir='ltr'><strong>in</strong></span> 
     </span>
    </p>
   </div>
   <div class='ocr_carea' id='block_1_6' title="bbox 182 4774 1450 4961">
    <p class='ocr_par' dir='ltr' id='par_1_6' title="bbox 182 4774 1450 4961">
     <span class='ocr_line' id='line_1_40' title="bbox 182 4774 1450 4853; baseline 0.006 -21"><span class='ocrx_word' id='word_1_339' title='bbox 182 4779 293 4832; x_wconf 85' lang='lat' dir='ltr'><strong>octava</strong></span> <span class='ocrx_word' id='word_1_340' title='bbox 316 4774 480 4833; x_wconf 90' lang='lat' dir='ltr'><strong>beatorum</strong></span> <span class='ocrx_word' id='word_1_341' title='bbox 504 4775 585 4834; x_wconf 88' lang='lat' dir='ltr'><strong>Petri</strong></span> <span class='ocrx_word' id='word_1_342' title='bbox 607 4780 637 4833; x_wconf 91' lang='lat' dir='ltr'><strong>et</strong></span> <span class='ocrx_word' id='word_1_343' title='bbox 661 4775 750 4834; x_wconf 89' lang='lat' dir='ltr'><strong>Pauli</strong></span> <span class='ocrx_word' id='word_1_344' title='bbox 773 4777 996 4850; x_wconf 88' lang='lat' dir='ltr'><strong>apostolorum,</strong></span> <span class='ocrx_word' id='word_1_345' title='bbox 1014 4776 1133 4837; x_wconf 91' lang='lat' dir='ltr'><strong>domini</strong></span> <span class='ocrx_word' id='word_1_346' title='bbox 1149 4780 1362 4853; x_wconf 89' lang='lat' dir='ltr'><strong>capitulariter</strong></span> <span class='ocrx_word' id='word_1_347' title='bbox 1377 4795 1450 4840; x_wconf 90' lang='lat' dir='ltr'><strong>oon·</strong></span> 
     </span>
     <span class='ocr_line' id='line_1_41' title="bbox 182 4879 1448 4961; baseline 0.006 -22"><span class='ocrx_word' id='word_1_348' title='bbox 182 4880 303 4953; x_wconf 87' lang='lat' dir='ltr'><strong>gregati</strong></span> <span class='ocrx_word' id='word_1_349' title='bbox 326 4880 366 4938; x_wconf 88' lang='lat' dir='ltr'><strong>ad</strong></span> <span class='ocrx_word' id='word_1_350' title='bbox 391 4879 623 4958; x_wconf 85' lang='lat' dir='ltr'><strong>infrascriptam</strong></span> <span class='ocrx_word' id='word_1_351' title='bbox 635 4881 765 4956; x_wconf 89' lang='lat' dir='ltr'><strong>capituli</strong></span> <span class='ocrx_word' id='word_1_352' title='bbox 780 4882 997 4956; x_wconf 88' lang='lat' dir='ltr'><strong>municionem,</strong></span> <span class='ocrx_word' id='word_1_353' title='bbox 1020 4889 1128 4960; x_wconf 91' lang='lat' dir='ltr'><strong>utpote</strong></span> <span class='ocrx_word' id='word_1_354' title='bbox 1143 4886 1448 4961; x_wconf 87' lang='lat' dir='ltr'><strong>circumsepcionem,</strong></span> 
     </span>
    </p>
   </div>
   <div class='ocr_carea' id='block_1_7' title="bbox 0 0 1644 5348">
    <p class='ocr_par' dir='ltr' id='par_1_7' title="bbox 0 0 1644 5348">
     <span class='ocr_line' id='line_1_42' title="bbox 0 0 1644 5348; baseline 0 1"><span class='ocrx_word' id='word_1_355' title='bbox 0 0 1644 5348; x_wconf 95' lang='lat' dir='ltr'><strong> </strong></span> 
     </span>
    </p>
   </div>
  </div>
 </body>
</html>
