3278 5348
183 465 244 524 400
593 443 666 500 Doc.
684 455 759 518 319.
784 472 825 484 -
848 441 905 499 An.
929 435 1022 518 1480.

183 673 213 724 et
237 666 309 738 quia
333 664 380 721 illi
405 661 521 720 civitati
544 667 647 717 nostre
670 659 711 716 ab
734 657 790 716 illa
807 662 903 730 parte,
919 656 973 714 ubi
989 656 1083 715 turris
1098 657 1168 731 ipsa
1184 657 1325 717 desolata
1339 659 1433 727 existit

185 786 334 843 magnum
359 767 537 842 periculum
560 771 665 839 posset
688 763 821 834 evenire,
845 762 990 820 fidelitati
1011 763 1109 836 igitur
1123 770 1229 823 vestre
1245 765 1355 823 harum
1369 765 1436 822 serie

184 876 318 935 firmiter
349 875 553 949 precipientes
588 870 782 939 mandamus,
815 876 966 944 quatenus
1001 870 1076 929 visis
1111 873 1311 945 presentibus
1340 872 1437 929 turrim

184 983 284 1057 ipsam
314 980 394 1040 intra
424 979 537 1038 lestum
559 977 784 1050 assumpcionis
807 976 896 1034 beate
927 976 1023 1034 Marie
1046 976 1186 1050 virginis,
1210 978 1354 1050 proxime
1375 993 1437 1035 ven·

185 1095 299 1158 turum,
315 1086 459 1144 edificare
482 1093 512 1142 et
536 1085 664 1157 munire,
687 1083 718 1141 in
741 1098 839 1156 eaque
861 1098 920 1156 pro
935 1083 1092 1140 iuvamine
1103 1082 1192 1141 illius
1208 1084 1342 1142 civitatis
1353 1089 1439 1142 custo·

186 1193 270 1250 diam
296 1192 394 1249 lacere
418 1191 564 1261 debeatis,
587 1190 726 1263 alioquin
749 1189 973 1246 committimus
997 1188 1096 1259 vobis,
1119 1195 1162 1260 ut,
1187 1190 1298 1264 elapso
1321 1190 1439 1249 termino

186 1299 316 1372 pretim,
352 1312 408 1354 vos
439 1296 477 1354 ad
512 1295 642 1354 eandem
673 1295 785 1354 turrim
815 1294 1000 1369 nullomodo
1023 1295 1232 1354 intromittere
1256 1296 1439 1371 presumatis

186 1405 332 1478 quoniam
357 1418 412 1461 nos
436 1404 536 1476 ipsam
560 1402 650 1460 alteri
673 1401 856 1471 locabimus,
880 1402 934 1475 qui
958 1401 997 1458 de
1019 1416 1055 1459 ea
1071 1417 1181 1460 curam
1198 1410 1287 1475 geret
1302 1411 1332 1462 et
1346 1403 1439 1460 debito

188 1510 282 1568 modo
313 1509 480 1579 edificabit,
511 1507 598 1565 aliud
626 1523 701 1580 ergo
730 1523 793 1565 non
824 1507 943 1566 facturi.
966 1507 1165 1565 Presentibus
1190 1508 1345 1582 perlectis,
1366 1508 1439 1566 enbi-

187 1616 271 1673 benti
301 1615 458 1685 restitutis,
495 1615 612 1672 Datum
647 1615 678 1672 in
713 1614 834 1671 Thatba
864 1613 940 1671 feria
963 1619 1050 1671 sexta
1073 1614 1221 1688 proxima
1245 1622 1318 1690 post
1340 1613 1440 1672 festum

187 1722 355 1779 nativitatis
386 1722 468 1779 beati
499 1721 648 1803 Johannis
679 1720 820 1793 baptiste.
855 1722 944 1777 Anno
968 1719 1085 1778 domini
1109 1721 1287 1779 millesimo
1309 1720 1440 1796 quadrin-

187 1829 359 1900 gentesimo
391 1829 620 1900 septuagesimo
649 1842 739 1885 nono.
770 1827 949 1898 Regnorum
979 1831 1158 1885 nostrorum
1192 1843 1275 1887 anuo
1298 1825 1440 1900 Hungarie¹

186 1941 242 1998 etc,
267 1934 418 2005 vigesimo
441 1933 585 2002 secundo,
607 1932 753 1990 Bohemie
776 1946 851 1989 vero
875 1931 1046 1990 undecimo,

293 2069 426 2132 Originale
440 2070 467 2117 in
486 2069 573 2117 charta
609 2071 641 2117 In
660 2069 776 2131 margine
790 2066 907 2116 interiori
920 2066 1074 2131 impressum
1099 2077 1139 2117 est
1165 2069 1292 2133 sigillum.
1312 2072 1343 2119 In
1360 2068 1440 2117 archis.

188 2159 234 2210 lib.
254 2175 305 2222 reg.
325 2160 373 2210 civ.
392 2159 573 2221 zagrabiensis.

778 2387 858 2453 319.

293 2494 367 2542 Circa
386 2510 444 2545 ann.
467 2496 542 2556 1480.

229 2622 416 2680 Gravamina
439 2624 561 2700 capituli
581 2622 776 2696 zagrabiensb
799 2621 943 2690 Mothiac,
966 2621 1146 2695 Hungariae
1163 2631 1213 2681 etc.
1237 2628 1309 2699 regi,
1331 2627 1419 2682 meisa.

292 2765 495 2825 Serenissimo
527 2768 660 2840 principi
692 2766 819 2824 domino
850 2767 965 2847 M‘athie
998 2765 1048 2824 dei
1071 2768 1176 2839 gracia
1208 2769 1375 2843 Hungarie‚
1395 2768 1442 2825 Bo

190 2872 292 2929 hemie
316 2880 372 2930 etc.
397 2874 471 2945 regi,
497 2871 670 2931 declaracio
694 2874 910 2931 necessitatum
934 2874 1063 2947 capituli
1086 2874 1216 2933 ecclesie
1239 2876 1444 2949 zagrabiensis

292 2979 339 3035 De
374 2980 532 3036 voluntate
567 2980 674 3037 Vestre
704 2978 881 3038 Serenitatis
904 2980 1044 3052 magistri
1073 2978 1446 3055 judiciorumllaiestatis

187 3085 296 3143 Vestre
320 3085 596 3142 reambulaverunt
620 3092 717 3143 metas
748 3086 881 3143 civitatis
904 3087 1019 3143 montis
1042 3085 1214 3158 Grecensis,
1237 3090 1293 3147 ubi
1316 3088 1445 3147 incertis

188 3190 264 3247 locis
289 3197 370 3247 mete
401 3190 530 3247 ecclesie
563 3197 593 3248 et
617 3192 747 3265 capituli
779 3197 849 3249 sunt
880 3191 1057 3266 depravate,
1088 3192 1169 3250 unde
1193 3195 1351 3268 supplicat
1372 3194 1446 3253 idem

186 3296 367 3374 capitulum,
392 3301 424 3352 ut
448 3296 478 3352 in
511 3297 575 3354 illis
598 3297 675 3355 locis
709 3299 879 3356 secundum
900 3297 970 3374 jura
992 3298 1130 3371 ecclesie,
1154 3300 1283 3358 metalia
1307 3317 1364 3374 per
1386 3315 1447 3375 pre·

187 3401 265 3458 fatos
289 3402 454 3473 magistros
478 3418 558 3460 nova
583 3403 671 3461 fieret
694 3405 914 3476 reambulaci0‚
931 3412 962 3462 ut
980 3405 1067 3463 lieret
1090 3407 1215 3478 utrique
1237 3407 1321 3480 parti
1336 3405 1445 3482 justum

185 3507 249 3564 sine
273 3506 388 3578 favore,
413 3516 457 3565 est
481 3509 563 3566 enim
582 3514 646 3566 tam
663 3510 835 3583 capitulum
849 3526 920 3568 cum
936 3511 1065 3569 ecclesia
1089 3526 1183 3585 quam
1209 3512 1321 3570 civitas
1345 3512 1447 3570 Vestre

186 3614 361 3671 Maiestatis.

294 3719 371 3774 Cum
406 3720 530 3776 volente
562 3720 620 3777 deo
651 3723 796 3781 universa
821 3722 885 3781 lere
907 3724 1067 3796 Hungaria
1090 3739 1241 3797 oppressa
1264 3724 1374 3783 fuisset
1397 3740 1448 3798 per

186 3823 340 3892 Tartarus
365 3825 492 3881 ecclesia
516 3827 572 3883 hec
596 3826 627 3885 S.
652 3828 687 3887 V.
712 3831 749 3887 Μ.
769 3846 840 3887 cum
863 3830 1001 3903 capitulo
1025 3828 1163 3887 funditus
1187 3828 1246 3888 fuit
1262 3831 1294 3889 in
1317 3832 1446 3890 cinerem

184 3944 282 3997 versa,
307 3936 338 3983 at
361 3928 415 3983 ubi
439 3945 492 3984 rex
517 3932 675 4005 Hungarie
692 3935 857 3993 debellatis
880 3935 1017 3993 Tartaris
1040 3936 1146 4008 regale
1168 3936 1284 3994 solium
1309 3952 1459 4020 consceng

123 4082 124 4086 ,
184 4033 285 4100 disset,
303 4038 413 4088 eotunc
437 4032 622 4096 Thimotheo
639 4041 787 4116 episcopo
804 4042 894 4098 huius
910 4041 1038 4099 ecclesie
1053 4042 1190 4099 habenas
1213 4049 1349 4115 regente,
1367 4044 1449 4103 iactis

185 4145 264 4193 terre
288 4138 378 4207 saxis,
403 4137 458 4192 hec
483 4142 612 4200 ecclesia
627 4155 717 4216 prout
731 4164 812 4204 nunc
833 4152 927 4220 extat,
944 4141 1077 4206 mirifico
1093 4163 1186 4221 opere
1210 4149 1313 4222 prima
1330 4155 1450 4224 ceperat
1460 4152 1470 4161 ''

184 4240 390 4298 fundamenta.
425 4242 509 4315 Rege
540 4255 644 4306 autem
676 4253 931 4311 christianissimo
969 4253 1091 4311 Andrea
1120 4254 1319 4313 Hierusalem
1343 4262 1449 4314 versus

183 4362 289 4403 amore
322 4347 394 4405 fidei
429 4351 485 4407 hac
520 4356 733 4426 proficiscente
763 4361 903 4433 primum
935 4361 993 4419 fuit
1028 4369 1205 4419 consecrata
1239 4368 1269 4419 et
1293 4362 1449 4436 regalibus

184 4453 324 4525 prolecto
349 4455 452 4513 dotata
477 4463 657 4520 muneribus
680 4473 710 4521 et
724 4468 900 4537 graciarum
925 4468 1132 4540 prerogativis
1155 4467 1311 4541 insignita.
1326 4468 1447 4542 Quibus

183 4558 212 4616 S.
236 4576 302 4631 rex,
323 4563 410 4620 velut
433 4571 570 4623 armatus
601 4571 779 4641 premunita
814 4589 875 4630 non
907 4573 937 4630 in
968 4589 1102 4647 parvam
1124 4573 1360 4648 rempublicam
1381 4589 1449 4632 eva·

182 4672 273 4725 serat.
300 4670 338 4725 At
362 4671 416 4727 ubi
441 4670 580 4729 felicitati
604 4676 744 4747 primum
767 4679 849 4751 cepit
872 4680 989 4737 invidia
1006 4679 1177 4753 adversari,
1199 4679 1275 4738 bina
1298 4680 1369 4739 vice
1392 4680 1451 4740 boc

181 4775 353 4847 capitulum
378 4776 405 4835 S.
432 4778 466 4834 V.
490 4794 546 4851 per
569 4780 651 4840 cives
675 4783 814 4841 eiusdem
839 4787 952 4842 montis
976 4785 1139 4844 Grecensis
1162 4784 1223 4844 tuit
1245 4787 1449 4847 combustum

181 4891 211 4937 et
239 4883 332 4939 rebus
355 4885 514 4958 privatum
545 4893 574 4942 et
598 4884 719 4962 juribus
749 4891 812 4948 suis
844 4890 1036 4964 destitutum,
1059 4897 1126 4950 tum
1149 4891 1227 4951 certi
1256 4894 1400 4954 muouici
1421 4894 1453 4954 'tn
