3278 5348
197 462 259 522 3¹4
630 441 704 498 Duc.
730 437 801 514 256.
826 472 868 481 —
893 438 948 496 An.
975 435 1062 514 1467.

194 663 273 720 serie
296 661 428 718 firmiter
451 657 644 724 mandamus,
669 662 820 728 quatenus
845 655 919 711 visis
949 654 1153 727 presentibus,
1179 642 1347 710 'ommissis'
1376 651 1454 711 dictis

194 768 322 826 cautelis
338 766 521 837 adinventis,
545 762 719 838 predictum
744 776 829 819 sacre
854 776 966 819 corone
989 760 1122 832 vectigal
1146 765 1230 817 recte
1245 767 1278 816 et
1293 759 1381 818 iuxta
1394 773 1454 816 oon·

194 881 276 932 tenta
300 872 491 947 prefatarum
516 871 692 928 litterarum
715 875 746 925 et
777 867 907 939 regestri
936 867 1037 924 nostri
1063 864 1232 939 superinde
1261 865 1349 937 editi,
1381 864 1454 922 vide

194 981 265 1038 licet
289 977 505 1036 tantummodo
529 976 567 1033 de
590 976 684 1033 rebus
708 973 996 1031 mercimonialibus
1020 986 1080 1046 que
1095 961 1296 1045 ue'parubus
1312 972 1454 1030 extraneis

193 1087 400 1160 importantur
415 1085 452 1141 ad
479 1098 609 1156 regnum
632 1088 774 1139 nostrum
798 1080 849 1137 vel
873 1079 911 1136 de
927 1078 1037 1137 eodem
1053 1084 1258 1152 exportantur
1273 1077 1314 1135 ad
1332 1070 1453 1147 easdem,

192 1195 296 1267 ipsum
320 1192 452 1260 vectigal
476 1196 661 1262 extorquere
686 1186 805 1244 faciatis
829 1184 999 1244 secundum
1031 1184 1161 1243 modum
1192 1193 1223 1242 et
1254 1184 1451 1257 quantitatem

193 1299 223 1356 in
246 1299 378 1370 registro
401 1294 568 1369 superinde
591 1294 675 1351 edito
706 1298 856 1351 emanata.
887 1291 982 1349 Secus
1014 1305 1076 1348 non
1107 1288 1230 1348 facturi.
1264 1289 1452 1348 Presentibus

193 1404 347 1477 perlectis,
371 1401 531 1459 exhibenti
555 1402 712 1458 restitutis.
736 1400 851 1456 Datum
877 1397 960 1455 Bude
983 1398 1014 1454 in
1038 1396 1116 1454 festo
1135 1396 1220 1454 beati
1236 1389 1451 1469 Georgii‘mar·

192 1511 266 1567 tiris.
291 1513 379 1567 Anno
403 1508 521 1566 domini
545 1508 716 1565 millesimo
748 1505 1053 1579 quadringentesimo
1084 1503 1281 1576 sexagesimo
1300 1503 1449 1577 septimo.

192 1617 289 1687 Regni
313 1617 408 1673 nostri
432 1631 511 1673 anno
536 1615 665 1685 decimo,
689 1615 900 1672 coronacionis
923 1609 998 1670 vero
1018 1619 1138 1685 quarto.

205 1740 208 1745 ¹
297 1750 469 1814 Originalein
488 1751 576 1798 charta
612 1753 644 1799 In
663 1751 776 1814 margine
800 1749 916 1798 inferiori
939 1748 1091 1812 impressum
1115 1754 1156 1796 est
1180 1747 1300 1810 sigillum
1322 1748 1407 1798 maius.
1423 1747 1449 1794 Iu

191 1841 305 1890 archivio
323 1839 368 1891 lib.
388 1857 441 1904 reg.
460 1842 508 1893 civ.
527 1841 707 1903 angrabiensis.

776 2071 860 2136 256.

297 2215 377 2261 Anno
400 2214 473 2276 1467,
497 2226 534 2262 ta.
555 2214 623 2262 maii.
644 2213 790 2274 Zagrahiac⁴

191 2320 356 2399 Sacerdotes
379 2323 580 2395 actgrulu'enscs
603 2323 636 2379 dc
666 2323 759 2379 atroci
778 2324 891 2395 inipetu,
916 2322 1037 2397 aliisque
1060 2321 1183 2397 injuriis
1206 2341 1226 2377 cr
1249 2322 1334 2379 lat'ce‘s
1355 2319 1449 2396 syuodo

473 2430 564 2485 illatis
586 2429 714 2485 Paulum
738 2428 780 2485 ll.
796 2430 903 2504 pontifi
934 2447 1014 2491 rreax.
1037 2429 1194 2502 appellant.

296 2573 376 2629 Cum
415 2574 640 2646 appellacionis
671 2573 845 2630 remedium
876 2575 907 2631 in
938 2574 1115 2631 relevamen
1145 2587 1371 2647 oppressorum
1402 2570 1446 2627 vel

189 2679 402 2736 verisimiliter
429 2681 567 2753 opprimi
602 2679 843 2737 lormidancium
874 2696 891 2736 a
925 2681 1037 2738 sanctis
1068 2679 1209 2752 patribus
1234 2685 1265 2735 et
1294 2678 1447 2750 utriusque

190 2784 264 2840 iuris
287 2783 475 2856 doctoribus,
499 2801 716 2859 sumpmorum
742 2786 924 2858 pontificum
948 2786 1129 2843 auctoritate
1153 2783 1299 2841 fulcitum
1323 2792 1353 2841 et
1380 2783 1450 2840 alias

190 2891 333 2947 canonice
364 2893 403 2948 sit
431 2893 614 2961 institutum,
646 2902 678 2948 ut
713 2907 755 2959 ea,
789 2908 849 2964 que
873 2898 979 2949 contra
1002 2891 1049 2949 ius
1073 2890 1189 2959 tierent,
1213 2891 1313 2962 ipsius
1336 2888 1448 2946 auxilio

189 2995 397 3053 reformentur
427 3007 456 3053 et
487 2999 517 3053 in
541 3005 656 3054 statum
680 2998 821 3055 debitum
846 2999 1052 3055 restituantur.
1076 2995 1208 3054 Proinde
1232 3011 1338 3053 coram
1363 2996 1448 3053 vobis

189 3104 421 3160 venerabilibus
451 3109 481 3160 et
511 3104 749 3162 honorabilibus
776 3111 806 3161 et
837 3104 977 3162 discretis
1008 3103 1084 3161 viris
1113 3103 1163 3161 hic
1192 3103 1391 3177 presentibus
1421 3106 1448 3158 et

187 3210 359 3266 astantibus
383 3215 411 3266 et
435 3218 497 3266 tam
522 3212 643 3268 notario
667 3212 804 3284 publico
829 3218 990 3283 tamquam
1014 3210 1189 3268 authentica
1206 3223 1340 3284 persona
1356 3207 1448 3281 legali

188 3324 217 3371 et
241 3315 335 3385 fideli,
360 3332 414 3373 nos
439 3318 575 3375 universi
599 3324 629 3375 et
653 3318 768 3390 singuli
793 3318 1077 3389 vicearchidiaconi,
1094 3317 1230 3391 plebani,
1247 3315 1448 3391 hospitalium

187 3427 216 3477 et
240 3422 386 3480 altarium
410 3433 544 3481 rectores
569 3441 625 3497 per
649 3432 746 3482 totam
771 3425 929 3497 dyocesim
960 3425 1192 3498 zagrabiensem
1225 3423 1360 3481 ubilibet
1387 3423 1447 3480 exi·

186 3534 299 3583 stentes
315 3535 344 3584 et
368 3531 534 3597 constituti,
559 3532 663 3587 animo
687 3538 716 3587 et
740 3533 911 3589 intencione
936 3531 1128 3605 provocandi
1141 3535 1170 3587 et
1185 3529 1379 3603 appellandi,
1396 3544 1446 3586 an·

187 3634 311 3690 nuimus
335 3642 365 3690 et
393 3637 581 3707 apponimus
605 3643 634 3692 et
658 3638 841 3709 allegamus,
865 3638 1065 3713 appellamus
1087 3644 1117 3696 et
1140 3635 1332 3711 appellando
1356 3635 1448 3694 dedu·

186 3739 285 3794 cimus
309 3745 338 3794 et
361 3740 428 3811 hiis,
452 3742 565 3813 quibus
599 3743 725 3800 interest
748 3750 778 3800 et
801 3745 948 3802 interesse
971 3745 1084 3817 poterit
1108 3743 1282 3817 quemlibet
1312 3743 1342 3801 in
1368 3742 1449 3800 futu·

186 3860 265 3914 rum,
300 3847 389 3915 gravi
421 3847 624 3919 proponimus
655 3866 726 3905 cum
762 3852 906 3922 querela:
931 3850 1014 3922 quod
1039 3850 1183 3923 quamvis
1207 3848 1397 3907 reverendus
1420 3849 1449 3905 in

185 3949 309 4006 Christo
332 3957 421 4025 pater
451 3957 480 4009 et
511 3951 663 4025 dominus,
687 3955 831 4013 dominus
855 3957 1027 4029 Oswaldus,
1052 3957 1102 4014 dei
1124 3962 1155 4015 et
1177 3956 1350 4031 apostolice
1370 3955 1450 4015 sedis

184 4056 288 4125 gracia
312 4057 475 4131 episcopus
498 4060 714 4130 zagrabiensiS,
739 4063 877 4134 prelatus
896 4066 1008 4134 noster,
1025 4062 1109 4121 iuxta
1126 4069 1307 4121 sanctorum
1324 4069 1450 4137 patrum

184 4160 330 4233 instituta,
355 4163 412 4221 hiis
435 4163 545 4222 diebus
567 4171 704 4222 sanctam
727 4167 874 4226 indixerit
897 4170 953 4226 toti
976 4169 1061 4227 clero
1083 4185 1137 4227 sue
1160 4168 1299 4241 diocesis,
1331 4174 1362 4229 et
1391 4169 1451 4243 sig·

185 4276 292 4326 nanter
313 4271 403 4327 nobis
434 4272 586 4345 plebanis,
618 4272 762 4330 sinodum
794 4276 1023 4335 celebrandam.
1049 4275 1174 4349 Nosque
1196 4275 1300 4337 eidem
1323 4277 1452 4335 obedire

183 4376 348 4446 cupientes,
365 4384 523 4450 tamquam
550 4378 676 4435 domino
699 4386 728 4435 et
754 4382 873 4452 prelato
889 4389 1004 4456 nostro,
1021 4383 1080 4456 ipsi
1096 4381 1228 4440 sinodali
1245 4382 1453 4445 celebracioni

184 4480 428 4540 interfuissemus
451 4491 481 4541 et
505 4493 538 4541 ut
561 4486 744 4542 tenebamur
767 4504 837 4544 cum
862 4489 976 4559 gaudio
999 4489 1241 4561 expectabamus
1257 4474 1453 4562 presenciam

183 4588 280 4661 ipsius
304 4590 415 4661 prelati
437 4592 543 4663 nostri,
567 4591 705 4648 nondum
730 4595 844 4664 cogniti
868 4595 935 4651 sive
958 4595 1027 4667 visi,
1051 4595 1136 4668 quod
1168 4594 1315 4654 videlicet
1344 4596 1452 4656 huius·

183 4695 273 4754 modi
295 4695 427 4753 sinodali
443 4696 648 4754 celebracioni
671 4701 877 4771 personaliter
907 4702 1074 4774 interesset,
1105 4701 1306 4776 defectusque
1328 4709 1453 4765 nostros

181 4802 369 4872 attendisset,
400 4810 430 4860 et
459 4803 544 4876 ipsis,
577 4809 610 4860 ut
635 4812 721 4876 pater
755 4814 869 4877 noster,
894 4809 1032 4879 graciose
1056 4808 1238 4866 occurrisset
1260 4790 1315 4868 vel
1337 4807 1450 4870 saltem

181 4912 304 4985 aliquos
333 4911 482 4990 speciales
507 4910 590 4974 viros
615 4910 756 4971 doctores
780 4921 809 4972 et
833 4915 999 4987 magistros
1022 4930 1080 4989 pro
1104 4912 1329 4976 informacioue
1343 4914 1384 4978 'et
1405 4898 1452 4979 re·
