3278 5348
186 428 246 502 368
609 424 680 481 Dar.
702 435 774 497 299.
798 455 842 467 -
865 422 920 479 An.
944 431 1033 500 1475.

183 529 700 540 μᾷ

775 635 864 700 299.

291 797 371 845 Anno
394 808 468 860 1475.
489 811 576 844 mense
593 793 674 859 Julio.
694 793 844 857 Zagrabiae.

184 925 324 981 Homines
345 924 519 990 capitulares
542 941 561 978 a
583 922 691 979 civibus
713 920 948 995 sagrabiensibus
978 920 1009 976 in
1039 926 1168 976 mercatu
1191 937 1252 976 csse
1282 921 1448 991 vulneratos,

184 1031 392 1103 nanttullosque
403 1029 573 1103 interjectas,
582 1028 730 1085 comitatus
747 1026 942 1100 ragrabiensis
956 1025 1132 1099 exquirenda
1143 1026 1362 1100 constituitpra
1375 1034 1447 1084 certa.

290 1173 354 1229 Nos
378 1172 485 1230 Petrus
508 1170 651 1243 Bochlray
676 1169 713 1228 de
736 1169 1032 1243 Razynalrerezthwr
1053 1184 1157 1227 comes
1180 1185 1216 1227 ac
1232 1168 1355 1246 judices
1365 1172 1447 1229 nobi·

184 1280 263 1338 lium
293 1280 457 1337 comitatus
487 1277 701 1349 zagrabiensis.
735 1277 884 1334 liemorie
906 1273 1169 1347 commendamus,
1194 1275 1281 1348 quod
1305 1293 1377 1335 cum
1399 1292 1447 1335 nos

185 1386 224 1444 ad
260 1387 424 1443 instantem
461 1385 646 1457 peticionem
682 1383 875 1440 honorabilis
910 1381 1041 1455 capituli
1075 1380 1204 1439 ecclesie
1240 1382 1448 1456 zagrabiensis

185 1492 368 1550 Michaelem
400 1490 619 1562 Benchekoych
644 1495 672 1548 et
697 1489 813 1547 Lucam
845 1489 883 1546 de
906 1488 1018 1560 Kalyn,
1042 1487 1120 1546 duos
1143 1505 1182 1546 ex
1203 1489 1307 1561 nobis,
1339 1490 1448 1548 scilicet

183 1597 300 1674 judices
322 1598 486 1668 nobilium,
511 1595 550 1654 ad
574 1596 773 1670 infrascripta
795 1595 972 1669 peragenda
996 1594 1033 1652 de
1057 1594 1130 1652 sede
1159 1602 1268 1653 nostra
1289 1594 1445 1671 judiciaria

183 1704 335 1777 legittime
359 1704 597 1761 destinassemus
606 1722 613 1772 ;
638 1703 763 1761 tandem
786 1702 881 1760 iidem
913 1701 1024 1759 exinde
1054 1699 1093 1758 ad
1124 1715 1181 1758 nos
1211 1704 1342 1774 reversi,
1365 1702 1447 1760 nobis

183 1811 384 1869 conformiter
406 1810 578 1866 retulerunt
601 1823 637 1866 eo
668 1808 777 1866 modo:
813 1807 971 1881 quomodo
1002 1807 1063 1881 ipsi
1094 1808 1135 1863 ab
1159 1808 1316 1879 omnibus,
1341 1809 1446 1882 quihus

184 1918 335 1975 decuisset
358 1922 387 1973 et
411 1917 546 1973 licuisset
568 1916 675 1989 palam
706 1922 736 1972 et
760 1915 861 1972 oculte
885 1914 1048 1987 diligenter
1071 1913 1267 1986 inquirendo,
1290 1915 1388 1972 talem
1410 1912 1445 1970 de

183 2023 389 2096 infrascriptis
420 2022 615 2079 rescivissent
647 2021 838 2080 certitudinis
868 2022 1049 2090 veritatem,
1073 2019 1157 2093 quod
1181 2035 1256 2077 cum
1279 2019 1330 2078 die
1353 2019 1445 2078 domi·

183 2132 252 2188 nico
275 2129 420 2203 proximo
443 2133 513 2184 ante
536 2126 651 2185 festum
676 2128 763 2184 beate
780 2126 974 2199 Margarethe
998 2125 1127 2198 virginis
1150 2131 1181 2183 et
1204 2127 1354 2200 martiris,
1376 2141 1444 2202 pro·

183 2237 267 2294 xime
303 2235 458 2309 preterito,
490 2234 631 2305 Michael,
665 2235 846 2304 Anthemus,
879 2232 1053 2306 Stephanus
1084 2237 1114 2290 et
1144 2231 1288 2291 Andreas
1311 2234 1445 2301 clericus,

184 2342 353 2400 familiares
377 2339 450 2397 dicti
475 2340 612 2414 capituli,
630 2340 667 2398 de
690 2341 814 2398 civitate
837 2340 951 2397 montis
975 2339 1136 2397 Grecensis
1159 2338 1200 2396 ad
1223 2338 1309 2398 idem
1333 2342 1444 2414 capitu·

182 2450 250 2508 lum
275 2447 380 2505 venire
410 2448 599 2518 habuissent,
624 2454 696 2504 tunc
727 2447 863 2504 Thomas
896 2452 991 2517 sutor,
1014 2444 1189 2520 Stephanus
1212 2446 1288 2517 lah,
1312 2446 1442 2519 Gymrko

183 2555 329 2629 frenipar‚
353 2553 473 2611 Blasius
489 2560 584 2625 sutor,
601 2552 753 2626 Clemens,
777 2553 888 2610 Kelecz
904 2552 1012 2624 dictus,
1035 2552 1191 2634 Johannes
1214 2558 1245 2610 et
1269 2553 1445 2612 Valentinus

183 2670 312 2733 sutores,
347 2660 479 2717 lfiehael
512 2660 687 2733 Hungarus,
711 2661 864 2718 Klachecz
896 2660 1005 2732 dictus,
1038 2658 1209 2732 Gregorius
1240 2658 1444 2732 Pawsynzeth

184 2768 366 2825 Valentinus
397 2767 633 2838 Kozynowzeth,
665 2767 847 2823 Dominicus
870 2766 994 2838 Malecz,
1018 2766 1103 2824 Hans
1127 2765 1276 2839 frenipar‚
1300 2764 1444 2837 Georgius

184 2875 328 2930 similiter
360 2872 506 2946 frenipar‚
539 2873 639 2930 dictus
663 2872 795 2944 Banych,
828 2873 1001 2931 Anthonius
1024 2871 1169 2945 chhlyn,
1192 2872 1288 2944 Elyas
1310 2871 1444 2930 sutoria

184 2980 289 3053 platea
311 2985 460 3049 sutorum,
485 2979 636 3035 suburbio
660 2978 804 3035 videlicet
828 2979 962 3036 civitatis
992 2977 1130 3053 predicte
1152 2983 1391 3051 commorantes,
1411 2975 1443 3033 de

186 3085 315 3142 consilio
339 3092 368 3141 et
392 3084 552 3141 voluntate
576 3083 668 3141 Blasii
693 3081 803 3159 judicis
827 3085 908 3142 dicte
931 3084 1071 3153 civitatis,
1095 3083 1246 3166 Johannis
1269 3083 1440 3156 Perowych

184 3189 311 3247 alterius
334 3190 483 3269 Johannis
507 3188 730 3261 Saldynarych
748 3189 841 3248 Blasii
858 3191 1040 3248 Thewthina
1056 3190 1215 3259 institoris,
1237 3189 1442 3262 Walenthycz,

184 3295 276 3351 Blasii
301 3294 508 3366 Zthenychky,
540 3295 696 3354 Dominici
729 3296 906 3368 Perowych,
938 3296 1048 3354 Briccii
1078 3296 1228 3368 Hungari,
1253 3297 1330 3354 item
1356 3296 1441 3353 Pazar

184 3407 213 3457 et
238 3401 397 3455 Laurencii
421 3399 537 3471 Sporar
561 3403 705 3459 manibus
728 3403 855 3459 armatis
879 3408 908 3459 et
932 3402 1138 3476 potenciariis,
1154 3401 1291 3459 arcubus
1314 3403 1441 3469 attensis,

183 3506 213 3563 in
239 3504 364 3560 eosdem
391 3506 583 3576 llichaelem,
607 3510 808 3579 Anthonium,
840 3508 1033 3582 Stephanum
1064 3514 1095 3565 et
1118 3507 1277 3565 Andream
1301 3508 1441 3566 clericum

183 3610 268 3666 omni
292 3610 431 3681 ipsorum
456 3612 574 3683 absque
606 3615 700 3687 culpa
731 3616 897 3685 irruentes,
929 3614 1093 3691 jamfatum
1125 3613 1311 3672 Michaelem
1336 3613 1442 3671 famili·

181 3730 267 3772 arem
288 3713 361 3771 dicti
384 3715 513 3787 capituli
537 3733 610 3775 nece
634 3720 753 3778 crudeli
789 3723 1022 3793 interimissent,
1045 3720 1191 3796 jamfatos
1225 3735 1353 3794 quoque
1383 3722 1438 3778 An·

182 3821 344 3891 thonium,
374 3819 565 3893 Stephanum
599 3832 629 3882 et
660 3827 816 3885 Andream
847 3829 960 3885 ictibus
992 3826 1229 3900 quamplurium
1261 3828 1440 3900 sagittarum

183 3927 317 3984 letaliter
341 3927 533 3984 vulnerando
567 3933 762 4003 sauciassent,
786 3934 817 3991 in
853 3941 1038 4007 portamque
1071 3932 1144 3991 dicti
1167 3932 1299 4006 capituli
1322 3930 1441 3992 eosdem

182 4033 362 4106 aufugentes
396 4041 494 4090 certas
529 4037 654 4107 sagittas
679 4049 749 4112 post
785 4055 837 4097 eos
873 4040 1057 4110 emittentes,
1092 4040 1199 4112 siper
1237 4039 1442 4099 defensionem

182 4141 354 4213 proborum
389 4139 531 4197 eliberati
561 4157 621 4198 non
653 4143 791 4216 fuissent,
823 4145 950 4203 eosdem
981 4161 1055 4203 nece
1079 4145 1200 4203 crudeli
1224 4145 1442 4204 interemissent

182 4248 323 4319 potencia
346 4245 507 4316 mediante,
525 4246 555 4302 in
569 4249 775 4319 preiudicium
799 4259 827 4308 et
846 4251 1017 4323 dampnum
1041 4250 1178 4308 annotati
1201 4252 1334 4324 capituli
1358 4249 1443 4309 valde

182 4368 339 4424 magnum.
363 4352 432 4425 Qua
454 4352 656 4425 inquisicione
680 4355 768 4425 facta,
785 4357 881 4414 iidem
902 4355 1019 4431 judices
1041 4356 1196 4414 nobilium
1221 4357 1253 4415 in
1277 4356 1357 4417 festo
1372 4356 1443 4416 divi·

181 4460 274 4516 sionis
306 4461 529 4533 apostolorum,
558 4461 701 4518 similiter
732 4465 875 4536 proxime
906 4464 1099 4537 preteritum,
1123 4461 1162 4520 ad
1185 4461 1354 4538 jamfatum
1381 4464 1443 4522 Bla-

181 4568 262 4625 sium
286 4565 420 4643 judicem
443 4567 586 4625 iamdicte
610 4569 743 4626 civitatis
759 4570 874 4627 montis
899 4569 1062 4627 Grecensis
1077 4568 1266 4639 accedentes,
1282 4571 1444 4644 ipsumque

181 4675 386 4747 personaliter
409 4680 569 4747 repertum
592 4674 623 4732 in
646 4690 690 4745 eo,
714 4683 748 4733 ut
765 4677 831 4749 ipse
855 4693 893 4733 ex
910 4684 998 4749 parte
1015 4677 1134 4734 Thorne
1157 4676 1283 4747 sutoris,
1298 4674 1445 4751 Stephani

181 4781 245 4838 Lah
276 4789 305 4838 et
335 4781 468 4838 aliorum
504 4783 748 4855 prescriptorum
779 4799 873 4856 super
905 4783 1065 4855 premissis
1096 4784 1217 4841 actibus
1248 4783 1446 4857 potenciariis

177 4884 284 4964 judicii
308 4894 338 4945 et
360 4886 480 4964 justicie
496 4889 760 4961 complementum
777 4889 878 4946 eidem
895 4891 1034 4962 capitulo
1051 4889 1152 4947 facere
1175 4896 1206 4947 et
1229 4889 1448 4951 administrare
