3278 5348
183 444 244 504 412
596 423 672 481 Boc.
691 432 765 497 325·
790 453 832 462 —
856 418 912 478 An.
936 412 1027 495 1481.

182 642 333 702 diuturnis
364 640 557 714 temporibus
580 639 726 698 habuisse
748 642 779 695 et
809 637 984 712 possedisse
1018 633 1158 692 unanimi
1182 636 1213 690 et
1236 629 1384 690 concordi
1407 635 1446 687 te·

183 719 371 806 stificacione
401 746 607 814 affirmarunt,
638 744 692 802 sed
724 759 787 817 quo
816 742 885 820 jure
915 742 1022 803 eedem
1047 747 1129 800 terre
1151 738 1292 797 arabiles
1315 743 1346 795 et
1368 740 1448 811 prau

181 853 336 912 antedicta
368 853 406 910 ad
431 852 556 910 eosdem
579 850 760 926 pertineant,
784 850 930 909 dixerunt
952 865 985 907 se
1008 848 1159 921 ignorare.
1183 846 1219 904 ln
1245 845 1335 903 cuius
1358 857 1448 900 asser·

183 961 279 1019 cionis
310 959 521 1016 testimonium
554 961 711 1031 presentes
742 956 860 1015 litteras
890 962 1011 1014 nostras
1034 956 1176 1027 patentes
1207 948 1341 1024 prefatis
1363 962 1449 1023 expo

182 1066 327 1124 uentibus
350 1062 497 1120 duximus
520 1061 740 1121 concedendas.
771 1062 888 1120 Datum
912 1060 1098 1119 duodecimo
1121 1058 1174 1118 die
1197 1054 1448 1130 congregacionis

182 1177 290 1229 nostre
312 1169 451 1244 predicte
475 1169 505 1227 in
537 1168 606 1226 loco
640 1176 821 1228 memorato.
854 1169 944 1225 Anno
968 1165 1086 1224 domini
1110 1163 1286 1222 millesimo
1309 1160 1451 1237 quadrin-

184 1278 355 1349 gentesimo
379 1274 589 1347 octuagesimo
612 1276 725 1347 primo.
749 1274 870 1347 Quibus
894 1272 1043 1331 exhibitis
1065 1270 1162 1329 iidem
1185 1268 1309 1329 domini
1323 1266 1451 1326 Michael

181 1388 213 1441 et
237 1382 390 1454 Georgius
413 1382 472 1439 sibi
496 1387 526 1439 et
541 1380 632 1439 dictis
647 1381 718 1438 aliis
741 1380 956 1454 prebendariis
979 1394 1017 1437 ex
1040 1383 1130 1452 parte
1145 1375 1316 1451 prescripti
1339 1372 1452 1432 domini

181 1488 323 1547 Oswaldi
346 1489 484 1562 episcopi
520 1503 576 1561 per
611 1503 668 1545 nos
703 1487 734 1545 in
770 1486 932 1560 premissis
965 1484 1041 1561 juris
1065 1483 1236 1558 equitatem
1259 1480 1452 1556 postularunt

180 1594 344 1667 impertiri.
367 1594 437 1666 Quo
459 1592 565 1651 audito
587 1594 743 1675 Johannes
759 1590 797 1649 de
820 1593 904 1650 Mere
927 1606 986 1664 pro
1001 1589 1135 1650 antefato
1160 1587 1292 1647 domino
1307 1585 1450 1646 Oswaldo

183 1701 331 1773 episcopo
368 1714 438 1757 cum
474 1700 697 1773 procuratoriis
730 1698 843 1757 litteris
877 1697 1024 1769 eiusdem,
1059 1701 1197 1754 nostram
1233 1709 1391 1767 exurgens
1422 1692 1450 1751 in

186 1807 389 1880 presenciam,
413 1806 573 1879 respondit
596 1823 634 1864 ex
666 1805 814 1864 adverso:
846 1803 1004 1878 quomodo
1026 1801 1154 1862 antefati
1177 1801 1314 1861 condam
1339 1798 1452 1859 domini

185 1912 394 1983 Eberhardns,
418 1912 558 1971 Andreas
589 1919 618 1971 et
640 1913 796 1995 Johannes
827 1911 966 1985 episcopi
989 1910 1070 1968 dicte
1089 1909 1219 1968 ecclesie
1242 1906 1449 1980 zagrabiensis

185 2026 339 2093 pretactos
363 2026 533 2092 proventus
548 2020 646 2093 ipsius
670 2018 798 2076 ecclesie
820 2017 1028 2091 zagrabiensis
1052 2015 1222 2075 decimales
1246 2019 1314 2072 tam
1347 2013 1386 2071 de
1408 2012 1450 2070 ri·

184 2126 250 2183 neis
272 2140 366 2199 quam
390 2126 429 2183 de
452 2127 542 2184 terris
573 2125 790 2200 provenientes
813 2123 943 2197 prefatis
965 2123 1099 2180 dominis
1123 2120 1344 2195 prebendariis
1367 2125 1397 2178 et
1411 2118 1450 2176 al·

181 2232 304 2290 taribus
328 2246 436 2290 eorum
471 2233 501 2291 in
526 2232 732 2306 preiudicium
756 2232 832 2289 iuris
862 2229 999 2288 eiusdem
1023 2229 1151 2287 ecclesie
1174 2228 1307 2286 minime
1329 2226 1404 2285 dare
1424 2228 1451 2283 et

183 2336 326 2396 conterre
355 2354 391 2396 ac
426 2339 569 2408 alienare,
605 2346 635 2397 et
666 2355 721 2397 nec
754 2338 815 2412 ipsi
850 2336 1046 2411 prebendarii
1068 2335 1197 2394 eosdem
1219 2341 1393 2410 proventus
1414 2333 1450 2390 ab

185 2444 301 2502 eisdem
323 2445 458 2504 dominis
481 2447 643 2520 episcopis,
667 2445 937 2519 predecessoribus
961 2443 1058 2517 ipsius
1082 2442 1201 2501 domini
1224 2441 1368 2500 Oswaldi
1390 2439 1450 2514 epi·

184 2553 280 2624 scopi,
304 2566 361 2625 pro
385 2566 417 2609 se
448 2553 615 2624 impetrare
647 2551 825 2610 valuissent.
858 2550 981 2622 Quibus
1010 2550 1054 2607 sic
1074 2549 1191 2607 habitis
1213 2549 1358 2622 ipsisque
1381 2561 1447 2622 pro·

184 2658 379 2714 curatoribus
403 2657 544 2730 parcium
568 2674 624 2731 per
645 2671 701 2715 nos
724 2658 756 2714 in
787 2657 947 2730 premissis
977 2653 1127 2731 judicium
1150 2658 1182 2713 et
1204 2653 1363 2730 justiciam
1386 2668 1450 2728 pre·

184 2765 258 2822 bere
282 2765 520 2838 postulantibus,
544 2765 616 2837 quia
633 2762 785 2821 antefatus
803 2763 879 2821 olim
904 2761 1047 2820 dominus
1071 2761 1275 2820 Eberhardus
1289 2762 1450 2834 episcopus

183 2871 216 2928 in
250 2871 424 2944 prescripto
460 2885 539 2928 anno
575 2870 692 2929 domini
727 2870 897 2928 millesimo
921 2868 1228 2942 quadringentesimo
1254 2870 1361 2943 primo
1383 2882 1450 2941 pre·

185 2978 317 3050 scriptas
333 2978 492 3035 universas
509 2977 644 3035 decimas
661 2975 700 3033 de
716 2977 814 3034 vineis
830 2981 860 3034 et
884 2977 973 3035 terris
996 2974 1152 3033 dictorum
1168 2975 1448 3048 prebendarioruro

185 3084 343 3156 perpetuis
356 3083 467 3140 futuris
480 3083 683 3156 temporibus,
695 3082 738 3140 ob
749 3089 925 3156 respectum
937 3082 1079 3156 superius
1095 3081 1321 3156 specificatum,
1335 3080 1448 3140 eisdem

185 3189 397 3262 prebendariis
429 3192 555 3247 omnino
586 3189 740 3247 remisisse
771 3194 801 3247 et
831 3189 994 3258 relaxasse,
1024 3187 1161 3262 prelatus
1192 3189 1294 3246 eciam
1318 3187 1448 3248 condam

184 3294 332 3354 dominus
355 3296 495 3354 Andreas
527 3298 694 3369 episcopus
728 3296 818 3353 huius
848 3296 1051 3353 relaxacionis
1082 3311 1138 3368 per
1161 3296 1266 3368 ipsum
1292 3295 1449 3354 dominum

183 3401 399 3459 Eberhardum
431 3402 548 3460 facturn
572 3402 742 3460 ratificasse
766 3410 796 3460 et
819 3402 1011 3476 approbasse
1034 3407 1063 3458 et
1093 3400 1219 3460 tandem
1243 3403 1450 3471 confirmasse,

185 3511 375 3583 prescriptus
408 3510 542 3583 denique
565 3510 697 3568 condam
721 3510 868 3568 dominus
890 3510 1046 3592 Johannes
1069 3509 1234 3582 episcopus
1256 3509 1299 3566 ob
1323 3509 1450 3583 premis·

186 3632 255 3673 sum
280 3616 377 3674 divini
402 3618 503 3674 cultus
535 3624 737 3689 augmentum
769 3616 867 3675 dictas
898 3630 1006 3674 omnes
1036 3615 1180 3686 decimas,
1205 3622 1270 3674 tam
1294 3615 1333 3674 de
1357 3617 1451 3675 vineis

182 3738 287 3797 ,qnam
312 3723 350 3780 de
374 3724 463 3781 terris
487 3724 627 3797 ipsorum
644 3724 922 3798 prebendariorum
946 3723 1162 3797 provenientes
1184 3721 1281 3781 modo
1304 3724 1402 3783 simili
1422 3724 1451 3781 in

182 3838 374 3902 perpetuum
398 3835 563 3902 relaxasse,
587 3831 759 3905 pretitulati
781 3832 878 3888 eciam
900 3831 1073 3887 vicecomes
1101 3836 1131 3887 et
1153 3828 1272 3904 judices
1295 3831 1448 3889 nobilium

182 3934 255 3992 dicti
279 3937 443 3994 comitatus
466 3938 680 4010 zagrabiensis,
711 3935 866 4013 juratiquc
896 3951 1065 3993 assessores
1089 3934 1169 3995 dicte
1192 3938 1445 4010 congregacionis

181 4048 285 4098 nostre
307 4045 494 4117 proscriptas
526 4053 622 4102 terras
655 4045 790 4103 arabiles
822 4049 851 4101 et
877 4055 965 4116 prata
988 4058 1041 4099 seu
1066 4041 1172 4101 fertilia
1195 4042 1236 4100 ad
1259 4043 1360 4103 dictas
1384 4060 1450 4119 pre·

179 4145 301 4204 ‚bendas
335 4156 364 4204 et
396 4157 565 4207 rectoratus
599 4152 744 4209 altarium
768 4156 941 4223 spectantes
965 4155 994 4206 et
1018 4150 1207 4223 pertinentes
1233 4149 1316 4209 iuter
1338 4151 1450 4209 limites

182 4251 244 4308 vici
268 4252 447 4309 latinorum
466 4256 639 4326 existentes,
663 4256 779 4314 eisdem
804 4255 1016 4328 prebendariis
1040 4261 1068 4312 et
1093 4255 1241 4313 altaristis
1264 4272 1338 4315 curn
1355 4258 1449 4315 tocius

182 4358 312 4416 dominii
338 4359 430 4431 plena
461 4368 613 4431 potestate
647 4364 801 4435 per-tinere
833 4368 862 4418 et
894 4361 1017 4419 easdem
1041 4376 1097 4433 per
1121 4361 1206 4434 ipsos
1229 4362 1450 4435 prebendarios

181 4473 210 4525 et
233 4465 387 4522 altaristas
412 4464 539 4537 pacifice
573 4483 643 4524 usos
675 4469 777 4539 fuisse,
809 4468 903 4524 modo
936 4481 997 4539 quo
1029 4482 1124 4540 supra
1147 4467 1298 4540 requisiti,
1322 4467 1397 4527 fassi
1419 4472 1446 4525 et

180 4574 315 4631 attestati
337 4573 515 4646 extitissent,
544 4574 604 4647 ipsi
634 4574 766 4649 denique
797 4573 994 4649 prebendarii
1027 4579 1057 4631 et
1080 4579 1216 4631 rectores
1246 4575 1395 4633 altarium
1416 4574 1446 4633 in

181 4679 312 4755 pacifica
335 4681 528 4753 possessione
551 4680 732 4739 earumdem
756 4687 910 4739 terrarum
934 4686 963 4736 et
987 4678 1131 4738 senilium
1154 4695 1173 4738 a
1197 4687 1341 4755 ternpore
1363 4679 1446 4756 quod

180 4788 315 4846 humana
348 4789 499 4847 memoria
533 4787 797 4862 comprehendere
830 4788 945 4860 nequit,
981 4785 1084 4860 fuisse,
1108 4792 1138 4847 et
1173 4787 1301 4847 easdem
1324 4788 1443 4863 absque

180 4895 265 4955 omni
288 4896 448 4955 solucione
473 4895 618 4955 decimali
634 4902 666 4955 et
682 4897 744 4953 alia
766 4895 869 4973 quiete
892 4893 1074 4969 possedisse,
1098 4895 1130 4952 in
1154 4893 1289 4970 pacifico
1312 4893 1448 4956 dominio
