3278 5348
615 401 689 458 Dec.
707 395 789 476 368.
815 433 854 442 -
880 401 1049 475 An1495.
1391 401 1453 476 489

185 612 339 671 Omnibus
363 615 476 674 Christi
501 615 656 686 fidelibus,
681 617 878 690 presentibus
901 617 1018 690 pariter
1042 615 1161 685 suturis,
1186 616 1379 688 presencium
1402 629 1455 671 no·

185 719 291 776 liciam
315 721 467 779 habituris
497 722 630 779 salutem
662 723 691 779 in
725 722 865 780 omnium
888 723 1052 779 salvatore.
1084 723 1167 778 Laus
1190 728 1235 779 est
1260 723 1289 778 in
1318 722 1457 794 principe

184 833 214 882 et
246 827 418 899 plurimum
450 828 592 885 convenit
624 829 777 886 maiestati
812 830 955 901 regentis,
979 836 1013 886 ut
1035 828 1175 886 subditos
1200 842 1272 884 suos
1295 836 1455 885 conservet

183 933 216 990 in
241 934 374 1006 antiquis
397 935 538 1006 ipsorum
563 934 769 1003 libertatibus,
786 950 863 1007 quas
888 936 1007 1006 magnis
1032 935 1200 992 virtutibus
1223 941 1254 992 et
1277 933 1415 991 serviciis
1434 949 1451 989 a

185 1040 352 1110 veteribus,
376 1040 518 1114 divisque
541 1040 668 1113 regibus
698 1042 844 1114 consequi
875 1048 1063 1107 meruerunt,
1088 1048 1117 1098 et
1148 1055 1256 1098 eorum
1287 1040 1453 1113 privilegia

184 1161 223 1203 ne
248 1146 305 1203 illa
328 1153 392 1204 etas
418 1147 593 1205 transitoria
616 1154 647 1204 et
670 1153 793 1220 tempus
821 1149 925 1205 omnia
949 1162 1167 1205 consummeris
1191 1161 1296 1203 secum
1320 1146 1352 1202 in
1375 1146 1454 1202 obli·

187 1253 313 1309 vionem
338 1268 393 1309 sua
418 1253 624 1311 taciturnitate
648 1253 799 1321 detrahat,
822 1269 904 1310 novo
927 1253 1362 1335 privilegiorum-patrocinio
1385 1267 1456 1325 per-

187 1363 283 1431 petuo
307 1358 457 1417 duraturo
481 1360 608 1417 roboret
623 1367 652 1416 et
669 1359 838 1418 confirmet.
856 1359 987 1417 Proinde
1003 1359 1043 1416 ad
1067 1359 1284 1416 universorum
1306 1359 1453 1416 noticiam

184 1465 296 1522 harum
319 1467 398 1523 serie
426 1466 573 1523 volumus
606 1467 785 1538 pervenire,
809 1466 893 1539 quod
918 1474 1020 1523 nostre
1045 1466 1213 1522 maiestatis
1238 1445 1394 1522 venientes
1418 1465 1449 1522 in

185 1577 385 1644 conspectum
416 1571 526 1629 fideles
560 1573 658 1629 nostri
689 1573 905 1645 circumspecti
938 1572 1059 1646 Gaspar
1095 1572 1266 1642 Kusewyth
1296 1570 1390 1628 iudex
1420 1586 1455 1627 ac

185 1676 310 1734 Domlro
334 1678 499 1752 Perowyth
530 1688 559 1736 et
588 1680 746 1736 Emericus
770 1680 916 1748 notarius,
948 1680 1030 1736 cives
1054 1679 1189 1736 civitatis
1213 1686 1315 1734 nostre
1339 1679 1452 1734 montis

186 1782 357 1856 Grecensis,
384 1786 414 1842 in
439 1786 502 1842 suis
525 1800 561 1841 ac
585 1785 718 1842 aliorum
743 1785 961 1842 universorum
984 1786 1108 1854 civium,
1138 1784 1298 1856 hospitum
1322 1790 1352 1840 et
1375 1783 1456 1840 inco·

189 1890 292 1947 larum
318 1891 379 1948 loci
409 1890 548 1948 eiusdem
579 1868 758 1948 nominibus
781 1892 863 1948 etin
888 1892 1035 1962 personis,
1060 1891 1266 1947 exhibuerunt
1289 1896 1319 1946 et
1342 1888 1456 1963 produ-

185 2002 298 2054 xerunt
315 2013 421 2055 coram
437 1998 528 2054 nobis
552 1997 753 2070 privilegium
767 2004 796 2054 et
813 1998 930 2054 litteras
946 1997 1134 2054 serenissimi
1158 1996 1307 2069 principis
1323 1994 1455 2052 condam

184 2101 303 2160 domini
333 2102 524 2176 Sigismundi
556 2103 753 2176 imperatoris
785 2112 814 2158 et
837 2103 918 2175 regis
943 2103 1100 2173 Hungarie
1124 2109 1179 2159 etc.
1213 2102 1244 2158 in
1266 2115 1456 2174 pargameno

184 2208 244 2265 sub
266 2208 409 2283 dupplici
431 2209 584 2267 autentico
608 2224 663 2265 suo
686 2209 791 2280 sigillo
808 2209 1047 2282 privilegialiter
1071 2214 1236 2278 emanatas,
1261 2208 1408 2265 habentes
1424 2208 1455 2264 in

183 2331 217 2372 se
240 2315 456 2373 confirmative
489 2323 609 2372 tenores
633 2314 840 2388 quarumdam
865 2315 998 2372 aliarum
1022 2315 1198 2372 litterarum
1222 2329 1349 2370 suarum
1372 2313 1456 2370 simi-

184 2421 256 2479 liter
287 2421 540 2495 privilegialinm,
573 2421 687 2493 quibus
733 2419 896 2477 confirmat
927 2420 1078 2493 quasdam
1103 2421 1180 2477 alias
1203 2421 1322 2477 litteras
1346 2419 1456 2476 confir·

183 2529 372 2586 macionales
404 2528 534 2585 condam
570 2528 757 2585 serenissimi
788 2525 905 2584 domini
938 2527 1046 2584 Karoli
1077 2528 1168 2599 regis,
1202 2541 1263 2599 que
1286 2541 1325 2582 ex
1347 2539 1452 2582 conse·

184 2635 291 2708 quenti
313 2635 432 2693 litteras
455 2635 532 2691 olim
556 2633 673 2690 domini
693 2633 763 2690 Bele
788 2634 876 2704 regis
900 2649 994 2706 super
1015 2633 1161 2690 omnibus
1183 2630 1389 2701 libertatibus,
1413 2631 1457 2687 le·

184 2741 286 2814 gibus,
306 2741 413 2799 edictis
447 2747 476 2797 et
508 2740 690 2797 libertatum
721 2740 937 2811 prerogativis,
973 2755 1008 2796 ac
1040 2739 1208 2797 donacione
1231 2745 1261 2794 et
1285 2736 1455 2794 collacione

186 2845 348 2903 cuiusdam
372 2854 452 2903 terre
475 2844 592 2902 eisdem
615 2845 737 2902 civibus
762 2849 792 2902 et
812 2845 928 2902 civitati
953 2861 1008 2918 per
1032 2846 1136 2918 ipsum
1160 2843 1322 2901 dominum
1347 2842 1455 2901 Belam

183 2967 289 3024 regem
321 2953 471 3009 concessis
503 2958 660 3009 emanatas
696 2950 933 3020 confirmabant,
966 2952 1080 3009 tenoris
1115 2949 1312 3024 infrascripti,
1336 2948 1456 3024 suppli·

183 3066 285 3116 cantes
309 3059 459 3115 maiestati
482 3064 585 3114 nostre
606 3057 776 3127 humiliter,
805 3063 840 3113 ut
863 3056 987 3114 easdem
1012 3058 1131 3114 litteras
1154 3065 1183 3113 et
1207 3057 1312 3114 omnia
1336 3056 1368 3114 in
1393 3057 1450 3114 eis·

187 3164 258 3221 dem
292 3171 432 3222 contenta
466 3172 557 3234 ratas,
588 3170 691 3236 gratas
722 3173 751 3220 et
773 3168 898 3235 accepta
923 3163 1075 3233 habendo,
1099 3142 1272 3236 litterisque
1295 3162 1460 3235 privilegia

188 3271 292 3328 alibus
315 3272 503 3328 verbotenus
527 3271 619 3328 inseri
642 3269 792 3340 faciendo,
817 3285 874 3341 pro
904 3271 972 3344 ipsa
994 3271 1119 3327 civitate
1143 3275 1172 3326 et
1197 3269 1317 3327 civibus
1340 3270 1454 3327 nostris

184 3376 361 3434 innovando
384 3385 535 3450 perpetuo
560 3376 709 3433 valituras
725 3375 908 3433 confirmare
932 3374 1140 3448 dignaremur.
1157 3374 1299 3447 Quarum
1322 3374 1451 3448 quidem

182 3483 357 3541 litterarum
374 3490 459 3540 tenor
482 3484 553 3540 talis
576 3489 637 3540 est:
650 3475 734 3559 (vide
750 3482 821 3538 Doc,
842 3481 892 3550 87.
917 3482 954 3538 de
977 3497 1056 3539 anno
1084 3495 1174 3556 1435.
1190 3480 1240 3538 die
1258 3496 1283 3551 7.
1307 3483 1453 3540 octobris.

185 3589 250 3647 Nos
281 3590 385 3662 itaque
420 3590 571 3663 premissa
599 3589 830 3663 supplicacione
864 3588 1059 3662 prefatorum
1093 3588 1250 3663 Gasparis
1285 3588 1455 3660 Kysewyth

185 3694 297 3771 judicis
320 3711 355 3752 ac
378 3695 503 3753 Domlro
527 3695 704 3766 Petrowyth
727 3703 757 3752 et
780 3696 912 3753 Emerici
936 3696 1056 3766 notarii,
1079 3696 1194 3753 civium
1216 3694 1296 3752 dicte
1320 3693 1455 3751 civitatis

183 3809 287 3861 nostre
310 3803 425 3860 montis
449 3801 619 3872 Grecensis,
642 3802 674 3859 in
697 3802 760 3859 suis
784 3807 814 3859 et
838 3802 973 3858 aliorum
997 3817 1131 3874 quorum
1155 3816 1249 3874 supra
1273 3800 1451 3857 nominibus

184 3916 288 3967 nostre
313 3906 407 3966 modo
438 3908 591 3981 premisso
623 3915 766 3980 porrecta
798 3909 949 3965 maiestati
979 3909 1064 3980 regia
1096 3908 1286 3978 benignitate
1308 3904 1452 3964 exaudita

183 4014 351 4072 clementer
373 4020 403 4072 et
431 4013 575 4082 admissa,
599 4014 787 4087 prescriptas
811 4014 929 4071 litteras
953 4013 1026 4071 dicti
1050 4013 1184 4070 condam
1208 4012 1328 4070 domini
1353 4010 1451 4083 Sigis-

183 4119 291 4178 mundi
306 4120 503 4193 imperatoris
526 4125 555 4176 et
578 4120 659 4192 regis
681 4134 743 4176 non
766 4119 901 4190 abrasas,
919 4135 979 4177 non
1000 4120 1194 4189 cancellatas,
1210 4134 1265 4177 nec
1289 4120 1319 4176 in
1347 4118 1454 4190 aliqua

183 4229 232 4284 sui
256 4232 344 4300 parte
367 4231 534 4300 suspectas,
563 4226 820 4299 presentibusque
845 4226 954 4282 litteris
978 4226 1090 4282 nostris
1115 4224 1364 4298 privilegialibus
1387 4239 1456 4282 ver-

182 4335 313 4392 botenus
335 4333 401 4390 siue
424 4331 631 4389 diminucione
655 4338 684 4389 et
706 4338 874 4403 augmento
898 4332 1028 4404 aliquali
1053 4333 1191 4402 insertas,
1217 4331 1321 4404 quoad
1344 4345 1453 4388 omnes

185 4455 294 4499 earum
317 4438 531 4511 continencias,
555 4438 710 4495 clausulas
734 4450 764 4494 et
786 4438 934 4497 articulos
947 4444 1072 4496 eatenus
1089 4446 1239 4512 quatenus
1264 4436 1372 4495 eedem
1396 4438 1454 4495 rite

183 4552 213 4605 et
242 4546 395 4619 legittime
425 4545 559 4602 existunt
591 4551 731 4600 emanate
762 4544 943 4616 viribusque
975 4559 1083 4601 earum
1117 4544 1230 4600 veritas
1255 4542 1454 4614 suffragatur,

182 4658 387 4726 acceptamus,
403 4651 624 4724 approbamus,
649 4650 839 4709 ratificamus
862 4666 898 4708 ac
921 4667 979 4724 pro
1002 4653 1069 4726 ipsa
1085 4651 1209 4708 civitate
1223 4656 1328 4707 nostra
1341 4650 1455 4707 montis

184 4759 355 4829 Grecensis,
380 4758 563 4830 civibusque
587 4765 616 4815 et
640 4758 749 4815 incolis
773 4757 911 4814 eiusdem
944 4757 1140 4831 presentibus
1164 4764 1193 4813 et
1218 4754 1329 4815 futuris
1368 4757 1453 4814 inno·

186 4865 286 4925 vando
309 4871 461 4943 perpetuo
494 4864 644 4925 valituras
668 4862 898 4935 confirmamus,
922 4863 1017 4921 salvis
1047 4862 1170 4939 juribus
1193 4859 1311 4936 alienis,
1342 4857 1453 4919 harum
