3278 5348
184 428 244 503 398
589 420 663 479 Doc.
680 415 756 497 316.
781 453 820 462 -
846 416 1020 497 An.1478.

182 639 268 697 modi
292 645 395 696 vestra
418 639 527 696 citacio
550 646 580 694 et
603 636 701 709 ipsius
717 636 804 693 citati
826 635 973 694 noticiam
998 635 1147 694 devenire
1173 639 1280 695 valeat
1305 637 1448 696 verisimi-

182 746 262 818 liter,
286 745 467 801 auctoritate
498 741 727 800 commissionis
758 739 878 815 prelata
901 743 932 800 in
955 747 1095 801 nostram
1119 744 1337 818 peremptorie
1359 743 1449 801 citetis

183 852 384 925 presenciam,
407 865 500 922 quem
523 857 553 908 et
577 845 640 905 'nos
674 847 788 904 harum
817 848 897 906 serie
919 849 963 906 sic
986 849 1127 921 citamus,
1151 857 1187 906 ut
1211 850 1282 923 ipse
1305 864 1384 908 nono
1404 848 1447 907 die

184 973 202 1014 a
226 956 276 1014 die
297 955 478 1013 huiusmodi
501 955 658 1013 citacionis
684 959 786 1011 vestre
810 953 849 1012 de
871 955 947 1029 ipsis
970 955 1071 1014 fiende
1094 954 1320 1029 computando,
1343 955 1445 1029 siipsa

182 1062 248 1121 dies
269 1061 400 1136 juridica
423 1061 515 1118 fuerit
538 1067 568 1118 et
591 1076 646 1118 nos
669 1059 708 1118 ad
732 1058 801 1135 jura
824 1060 981 1119 reddenda
1002 1068 1033 1120 et
1055 1076 1163 1119 musas
1188 1059 1361 1118 audiendas
1395 1076 1445 1134 pro

182 1167 332 1226 tribunali
367 1166 474 1224 sedere
502 1167 694 1239 contingerit,
724 1167 864 1239 alioquin
891 1167 994 1241 prima
1025 1166 1075 1224 die
1097 1164 1234 1241 juridica
1259 1172 1373 1224 extunc
1394 1167 1445 1223 im·

183 1274 316 1332 mediate
339 1273 487 1346 sequenti,
520 1289 576 1346 per
599 1289 631 1330 se
655 1272 706 1329 vel
736 1288 793 1346 per
824 1273 922 1347 ipsius
953 1273 1123 1344 legittimus
1155 1281 1377 1346 procuratores
1397 1288 1444 1330 seu

184 1386 417 1453 procuratorem
439 1378 477 1435 ad
503 1377 682 1436 huiusmodi
706 1393 829 1436 causam
854 1394 907 1436 seu
927 1393 1034 1436 causas
1049 1377 1243 1436 sufficienter
1266 1380 1445 1437 instructum

183 1502 236 1543 seu
271 1487 435 1543 instructos
470 1485 620 1558 Zagrabie
651 1501 757 1543 coram
790 1486 881 1543 nobis
914 1485 1067 1558 legittime
1100 1491 1294 1559 compareat,
1329 1485 1443 1559 prelato

184 1590 273 1649 fratri
297 1592 452 1648 Anthonio
469 1591 521 1648 vel
543 1591 642 1665 ipsius
658 1592 812 1664 legittimo
835 1593 1030 1665 procuratori
1043 1591 1115 1650 inde
1137 1598 1169 1649 et
1191 1607 1290 1666 super
1306 1592 1443 1650 omnibus

183 1705 213 1755 et
236 1699 366 1770 singulis
398 1699 557 1770 premissis
588 1706 618 1755 et
649 1713 757 1755 eorum
787 1699 947 1756 occasione
978 1698 1016 1756 de
1045 1697 1112 1774 jure
1142 1704 1175 1756 et
1199 1697 1238 1755 de
1261 1697 1381 1774 justicia
1402 1713 1443 1754 re

184 1819 362 1877 sponsurus,
380 1804 615 1877 processurique
631 1811 660 1861 et
683 1803 810 1877 procedi
834 1804 930 1862 visuri
947 1805 978 1862 in
994 1803 1172 1861 huiusmodi
1196 1819 1291 1862 causa
1306 1809 1338 1862 et
1352 1802 1443 1862 causis

184 1909 338 1983 gradatim
363 1916 393 1965 et
414 1910 585 1967 successive
609 1926 706 1983 usque
728 1909 767 1966 ad
784 1908 985 1967 diffinitivam
1007 1910 1194 1967 sentenciam
1219 1910 1380 1981 inclusive,
1395 1908 1441 1966 de·

183 2015 257 2072 bitis
291 2021 394 2072 tamen
430 2023 459 2071 et
483 2015 636 2072 consvetis
659 2015 800 2073 terminis
821 2021 851 2073 et
874 2015 1082 2074 dilacionibus
1106 2016 1392 2085 intervenientibus,
1412 2018 1442 2070 ut

184 2121 280 2178 moris
310 2128 364 2187 est,
395 2122 535 2194 aliasque
566 2121 686 2192 dicturi,
717 2120 837 2191 facturi,
869 2122 1042 2194 allegaturi.
1076 2120 1212 2179 audituri
1242 2129 1274 2180 et
1297 2121 1443 2194 recepturi

184 2227 216 2286 id
242 2227 324 2300 quod
347 2224 464 2301 justum
488 2227 582 2285 fuerit
604 2236 634 2283 et
650 2226 728 2285 ordo
744 2227 907 2286 dictaverit
921 2227 1062 2298 racionis,
1085 2226 1292 2285 certificantes
1315 2227 1442 2286 eundern

182 2333 355 2415 Johannem
381 2334 528 2390 lectorem
550 2334 687 2400 citatum,
712 2333 794 2406 quod
819 2335 884 2391 sive
901 2334 1012 2407 ipsein
1029 2332 1112 2391 dicto
1128 2334 1289 2391 citacionis
1313 2333 1440 2392 termino

184 2454 288 2497 coram
312 2440 403 2495 nobis
427 2447 606 2512 compareat
629 2440 695 2496 sive
718 2455 787 2511 non,
810 2454 866 2497 nos
888 2454 950 2497 non
975 2439 1052 2497 alibi
1075 2439 1206 2497 ulterius
1228 2439 1300 2512 ipso
1322 2440 1356 2498 iu
1378 2454 1444 2512 par·

183 2545 275 2614 tibus,
299 2544 352 2600 sed
385 2561 441 2617 per
471 2544 607 2603 edictum
639 2547 671 2603 in
701 2545 821 2604 foribus
851 2546 943 2604 huius
973 2546 1057 2604 alme
1078 2547 1208 2604 ecclesie
1230 2545 1443 2618 zagrabiensis,

183 2665 271 2708 more
294 2651 386 2708 solito
411 2652 535 2724 publice
559 2652 651 2709 citato
674 2651 714 2709 ad
738 2653 835 2726 partis
858 2666 964 2710 coram
988 2653 1078 2710 nobis
1101 2653 1313 2726 comparentis
1335 2653 1444 2709 instan-

183 2758 272 2826 ciam,
295 2765 388 2830 prout
410 2756 486 2831 juris
510 2757 603 2815 luerit
638 2759 666 2815 in
703 2773 794 2816 causa
828 2764 858 2816 et
891 2759 990 2817 causis
1024 2758 1204 2816 huiusmodi
1235 2757 1276 2815 ad
1300 2757 1444 2814 ulteriora

183 2862 397 2937 procedemus,
421 2863 549 2921 alterius
581 2865 679 2937 partis
708 2865 850 2923 absencia
887 2864 939 2922 vel
970 2864 1162 2922 contumacia
1185 2864 1217 2921 in
1240 2864 1349 2937 aliquo
1386 2877 1445 2920 non

183 2970 332 3026 obstante.
358 2969 393 3025 Et
410 2977 479 3041 post
503 2970 560 3026 hec
583 2969 666 3027 diem
690 2976 721 3027 et
737 2971 841 3028 locum
859 2971 955 3045 ipsius
980 2977 1081 3028 vestre
1104 2970 1298 3027 execucionis
1321 2977 1352 3026 et
1369 2969 1446 3042 quit·

183 3076 257 3149 quid
284 3075 314 3132 in
340 3075 498 3147 premissis
529 3075 675 3145 feceritis,
698 3077 834 3135 remissis
857 3078 889 3135 in
910 3077 1013 3151 specie
1036 3076 1241 3151 presentibus,
1265 3076 1357 3134 nobis
1380 3090 1447 3132 con·

182 3183 347 3239 scienciose
372 3182 555 3239 rescribatis.
585 3182 701 3239 Datum
731 3182 881 3256 Zagrabie
906 3164 1062 3257 'vigesima
1093 3183 1226 3256 septima
1261 3181 1312 3240 die
1335 3181 1447 3239 mensis

180 3289 264 3372 Juiii.
292 3290 378 3345 Anno
411 3287 530 3345 domini
555 3289 726 3346 millesimo
749 3289 1054 3363 quadringentesimo
1076 3290 1308 3363 septuagesimo
1330 3294 1448 3346 octavo.

183 3394 378 3452 Presentibus
402 3394 519 3451 ibidem
543 3396 776 3452 venerabilibus
798 3403 828 3453 et
845 3395 983 3456 discretis
999 3396 1089 3454 viris:
1115 3395 1227 3465 Blasi0,
1251 3393 1448 3452 decretorum

182 3501 307 3557 doctore
330 3509 359 3556 et
383 3501 600 3558 archidiacono
624 3501 662 3559 de
686 3501 828 3569 Kemlelu
852 3501 957 3572 Paulo,
980 3501 1125 3559 similiter
1147 3500 1369 3558 archidiacono
1386 3515 1448 3555 vva·

180 3606 338 3673 rasdiensi‚
374 3606 524 3661 llichaele
556 3606 723 3678 Rayffnicz,
757 3608 877 3666 Thoma
911 3608 1065 3681 Thumpa,
1089 3607 1245 3664 canonicis
1277 3607 1310 3664 in
1340 3605 1449 3663 eadem

181 3712 310 3771 ecclesia
332 3710 533 3781 zagrabiensi‚
558 3711 649 3769 Petro
666 3714 872 3787 prebendario
889 3714 976 3772 chori
998 3714 1128 3772 ecclesie
1151 3712 1301 3786 predicte,
1317 3712 1450 3784 aliisque

182 3815 422 3891 quampluribus
446 3816 575 3873 testibus
599 3817 765 3893 fidedignis
788 3821 827 3878 ad
851 3822 1002 3895 premissa
1026 3821 1145 3879 vocatis
1161 3825 1191 3878 et
1214 3821 1343 3894 rogatis.

604 3973 708 4027 Blasius
727 3968 834 4039 Georgii
853 3976 884 4023 de
903 3976 1052 4034 Fodrowcz,
1071 3973 1187 4023 notarius
1206 3975 1234 4024 in
1253 3976 1398 4040 premissis,

287 4164 420 4229 Originnle
439 4166 465 4214 in
484 4166 579 4218 charta.
618 4170 649 4216 In
668 4171 782 4234 margine
802 4169 920 4220 inferiori
938 4169 1091 4235 impressum
1109 4175 1149 4217 est
1167 4167 1294 4232 sigillum.
1326 4173 1360 4220 In
1378 4172 1449 4222 arch.

180 4272 236 4306 ven.
257 4254 332 4320 capit.
353 4255 414 4306 ecci,
434 4256 534 4318 zagrab.
