3278 5348
185 424 244 482 322
582 403 655 460 Duc.
681 397 750 459 261.
779 435 817 444 —
843 402 901 459 An.
926 397 1021 478 1468.

181 621 311 680 condam
337 620 453 678 domini
478 621 586 704 Jacobi
610 617 826 687 archidiaconi,
847 632 953 675 coram
977 618 1075 684 nobis,
1092 627 1127 673 ut
1151 593 1354 690 premittitur,
1370 619 1440 677 lacta

181 740 210 786 et
235 729 384 801 porrectis
408 729 554 797 inclinati,
578 726 763 799 premissam
788 723 928 791 domum,
959 739 1077 781 necnon
1100 724 1268 782 cellarium
1294 727 1441 784 subterra·

181 849 283 902 neum,
313 848 431 890 necnon
461 833 578 889 curiam
609 838 639 888 et
672 836 785 897 ortum,
818 830 871 898 sic,
903 837 937 886 ut
962 830 1161 902 premittitur,
1187 846 1245 904 per
1268 838 1440 890 annotatum

182 939 313 997 condam
343 939 504 996 dominum
535 938 686 1019 Jacobum
717 936 777 1008 ipsi
809 935 925 992 Mathie
957 936 1130 1009 presbitero
1162 937 1374 1011 legatamque‚
1397 938 1442 995 da·

183 1053 309 1118 tamque
337 1051 366 1102 et
397 1044 434 1101 ad
468 1045 678 1117 prescriptum
709 1041 808 1098 altare
832 1042 914 1099 beati
941 1040 1121 1098 Bemardini
1145 1057 1303 1100 annexam
1328 1043 1440 1116 prefato

182 1152 297 1208 Mathie
328 1151 509 1224 presbitero,
538 1148 689 1207 moderno
720 1148 840 1217 rectori,
871 1148 1031 1220 ipsiusque
1062 1149 1297 1205 successoribus
1320 1150 1444 1222 predicti

183 1257 292 1315 altaris
316 1271 372 1328 pro
396 1262 537 1329 tempore
562 1254 792 1327 possessoribus
808 1269 846 1310 err
863 1254 1022 1326 premissis
1047 1254 1205 1323 legacione
1229 1260 1260 1311 et
1282 1254 1444 1312 donacione

182 1364 346 1419 statuimus
377 1367 407 1418 et
436 1362 667 1431 confirmamus,
700 1376 849 1432 moreque
872 1368 902 1416 et
932 1359 1070 1416 adinstar
1093 1359 1228 1416 aliorum
1253 1361 1373 1419 civium
1394 1375 1445 1418 no·

96 1466 99 1472 ’
182 1474 318 1525 strorum
348 1469 378 1525 in
402 1466 509 1525 eadem
534 1467 612 1524 villa
642 1474 746 1523 nostra
769 1466 919 1538 Lepavvez
943 1472 1053 1521 vocata
1077 1466 1181 1523 civilia
1207 1466 1445 1539 possidencium,

183 1574 244 1631 sub
275 1573 486 1630 solucionibus
517 1580 546 1629 et
578 1572 810 1629 condicionibus
840 1572 930 1628 nobis
951 1580 981 1628 et
1004 1571 1132 1628 ecclesie
1155 1580 1262 1629 nostre
1289 1574 1447 1645 provenire

184 1678 369 1735 debentibus
392 1683 421 1735 et
445 1677 655 1735 administrari
672 1678 771 1734 solitis
796 1682 825 1734 et
849 1677 1002 1734 consvetis
1027 1675 1092 1746 jure
1116 1681 1269 1750 perpetuo
1290 1684 1322 1735 et
1337 1678 1447 1736 irrevo-

184 1785 326 1842 cabiliter
349 1782 521 1853 tenendam,
545 1782 775 1857 possidendam,
792 1783 908 1857 pariter
924 1789 953 1839 et
969 1782 1145 1840 habendam
1163 1782 1204 1839 ita
1229 1790 1345 1856 tamen,
1367 1783 1445 1857 quod

185 1888 324 1962 prefatus
347 1890 479 1947 Mathias
503 1890 658 1962 presbiter
681 1889 848 1946 modernus
865 1897 967 1946 rector
982 1887 1120 1946 eiusdem
1145 1889 1252 1946 altaris
1279 1890 1364 1948 beati
1382 1890 1448 1948 Ber·

184 1995 314 2065 nardini,
345 1995 505 2067 ipsiusque
529 2009 721 2053 successores
745 1995 884 2052 eiusdem
908 1994 1020 2052 domus
1042 2000 1072 2051 et
1094 1995 1202 2051 altaris
1226 2010 1287 2068 pro
1310 2004 1448 2071 tempore

186 2116 385 2174 possessores,
417 2117 449 2157 se
481 2109 588 2158 contra
611 2115 667 2158 nos
690 2106 720 2157 et
744 2101 906 2158 ecclesiam
930 2107 1068 2157 nostram
1093 2107 1292 2172 prenotatam
1316 2102 1448 2160 insontes

186 2222 367 2279 preservare
401 2222 419 2263 a
449 2214 522 2264 nota
555 2205 747 2264 infidelitatis
778 2206 929 2279 studeant,
959 2207 1098 2279 alioquin
1123 2221 1211 2264 secus
1234 2206 1392 2280 facientes,
1413 2208 1449 2267 de

167 2311 323 2369 dominio
347 2312 485 2368 eiusdem
511 2312 622 2369 domus
645 2318 675 2368 et
698 2327 827 2369 suarum
851 2312 1022 2370 utilitatum
1047 2311 1157 2369 cadant
1180 2320 1211 2370 et
1234 2313 1450 2386 destituantur,

185 2418 387 2490 ipsorumque
403 2418 569 2490 disposicio
585 2417 623 2475 ad
648 2434 703 2475 nos
728 2425 757 2475 et
773 2419 935 2476 ecclesiam
958 2425 1096 2476 nostram
1119 2425 1319 2493 prenotatam
1341 2421 1449 2480 devol-

187 2532 277 2580 vatur
309 2524 376 2596 ipso
406 2524 496 2581 facto.
528 2525 648 2581 Harum
678 2531 855 2581 nostrarum
880 2525 987 2596 vigore
1010 2531 1041 2582 et
1062 2526 1242 2583 testimonio
1274 2526 1450 2586 litterarum

187 2629 349 2690 mediante.
374 2630 488 2702 quibus
504 2630 644 2701 sigillum
669 2636 810 2686 nostrum
836 2629 982 2687 duximus
1006 2630 1256 2704 appendendum.
1281 2633 1401 2692 Datum
1422 2635 1452 2692 in

187 2734 266 2792 festo
289 2735 371 2793 beati
403 2736 484 2807 regis
516 2735 672 2808 Stephani.
696 2737 786 2792 Anno
811 2735 929 2793 domini
953 2736 1122 2793 millesimo
1146 2737 1453 2812 quadringentesimo

186 2842 380 2912 sexagesimo
404 2851 523 2898 octavo,

293 2950 471 3005 auscultata
496 2965 552 3020 per
576 2964 625 3005 me
648 2948 840 3020 Stephanum
868 2949 1079 3007 Bartholomei
1103 2949 1141 3007 de
1164 2951 1312 3023 Ivvanych
1336 2958 1368 3011 et
1384 2968 1455 3011 con·

187 3054 293 3111 cordat
318 3072 388 3111 curn
414 3071 469 3111 suo
487 3056 631 3126 originali
649 3054 686 3111 de
710 3056 808 3112 verbo
825 3055 864 3111 ad
881 3056 1024 3124 verbum,
1048 3071 1142 3128 super
1164 3071 1229 3129 quo
1252 3056 1335 3116 facio
1350 3059 1456 3118 fidem.

292 3209 425 3270 Originale
445 3211 470 3256 in
490 3209 584 3260 charta.
612 3211 643 3256 In
666 3209 761 3259 archiv.
782 3226 830 3257 ven
859 3211 935 3274 capit.
961 3209 1061 3273 zagrab.
1081 3210 1143 3260 Act.
1169 3226 1225 3275 cap.
1252 3219 1305 3263 ant.
1331 3214 1396 3266 fasc.
1416 3227 1458 3280 75.

186 3311 223 3346 nr.
244 3309 267 3359 7.

292 3633 372 3680 Anno
395 3632 468 3694 1468,
489 3645 529 3694 23.
550 3634 673 3696 Augusti.
695 3635 843 3697 Zagrabiae.

179 3755 348 3832 johannem
377 3755 409 3812 de
441 3757 598 3814 Breeorv'ca
622 3760 735 3832 frmrlos
765 3779 831 3817 suos
857 3762 951 3817 ulturi
978 3779 999 3818 s.
1023 3757 1227 3832 Magdalenae
1250 3766 1463 3837 oppigneratos

396 3862 489 3920 cedere
505 3865 579 3920 nolle
599 3884 617 3919 a
641 3874 774 3922 contituta
797 3867 916 3944 atrgrrrb.
933 3868 1057 3940 capitulo
1080 3868 1241 3925 nuntiatur.

290 4006 353 4062 Nos
369 4006 523 4088 johannes
547 4008 584 4063 de
610 4009 766 4080 Palathya‚
784 4026 894 4079 comes,
919 4026 954 4067 ac
977 4009 1094 4084 judices
1116 4011 1272 4068 nobilium
1289 4015 1461 4074 comitatus

184 4112 398 4185 zagrabiensis.
423 4114 570 4199 hlernorie
594 4116 856 4175 commendamus.
874 4117 955 4188 quod
974 4133 1045 4174 cum
1061 4132 1117 4174 nos
1140 4116 1180 4174 ad
1195 4117 1364 4177 instantem
1382 4123 1461 4195 peti·

184 4219 303 4276 cionem
335 4218 459 4277 discreti
492 4222 551 4278 viri
583 4221 700 4278 domini
734 4225 881 4281 Anthonii
912 4226 1040 4283 rectoris
1075 4240 1128 4282 are
1150 4240 1205 4283 seu
1226 4226 1336 4284 altaris
1362 4228 1456 4288 beate

184 4325 281 4381 Marie
297 4324 478 4396 hlagdalene
501 4327 531 4382 in
548 4327 676 4384 ecclesia
694 4330 790 4385 sancti
808 4331 888 4400 regis
905 4330 1053 4403 Stephani
1069 4335 1253 4403 constructe,
1269 4332 1458 4393 Michaelem

185 4430 356 4488 litteratum
381 4429 418 4487 dc
442 4430 621 4489 valechinz
645 4449 741 4489 unum
765 4450 802 4491 ex
826 4437 923 4504 nobis,
941 4437 1059 4493 scilicet
1074 4433 1210 4511 judicem
1225 4437 1395 4507 nobilium,
1418 4441 1459 4499 ad

183 4536 379 4608 infrascripta
406 4538 579 4607 peragenda
596 4538 634 4595 de
650 4539 721 4596 sede
737 4547 842 4597 nostra
858 4540 1019 4614 judiciaria
1035 4542 1189 4614 legittime
1204 4541 1460 4618 destinassemus,

185 4641 310 4699 tandem
342 4641 424 4699 idern
457 4643 493 4700 ad
527 4659 582 4701 nos
611 4645 721 4702 exinde
753 4664 904 4709 reversus.
929 4651 1019 4706 nohis
1042 4649 1149 4707 retulit
1172 4664 1209 4707 eo
1233 4650 1346 4710 modo:
1372 4653 1461 4726 quod

184 4748 252 4822 ipse
280 4749 320 4804 ab
351 4746 504 4820 omnibus,
528 4752 642 4823 quibus
666 4752 817 4810 decuisset
842 4763 871 4810 et
891 4754 1036 4826 licuisset,
1060 4756 1167 4829 palam
1183 4760 1214 4813 et
1237 4757 1361 4816 occulte
1385 4757 1461 4820 dili·

183 4860 291 4928 genter
315 4855 500 4928 inquirendo
525 4858 619 4915 talem
644 4859 682 4916 de
706 4859 911 4933 infrascriptis
943 4862 1117 4920 rescivisset
1148 4861 1344 4923 certitudinis
1377 4868 1463 4927 veri·
