3278 5348
687 425 761 482 Doc.
784 437 852 485 100.
894 456 914 466 -
942 424 999 482 An.
1024 421 1116 502 1436.

261 638 293 697 in
317 638 455 697 eiusdem
484 639 605 698 comitis
640 637 791 697 Leonardi
826 638 1041 712 preiudicium,
1077 656 1188 699 verum
1223 641 1323 699 eciam
1358 640 1390 698 in
1425 644 1526 697 nostre

260 746 431 804 maiestatis
453 745 687 820 displicenciam
711 745 792 804 cedit
815 746 951 804 multum
967 745 1094 820 grande,
1117 746 1156 804 de
1178 747 1288 821 quoin
1314 747 1446 805 veritate
1461 761 1529 820 pes·

260 852 338 910 sime
361 858 479 910 stamus
502 853 636 910 contenti
659 858 689 910 et
712 853 803 911 vobis
826 868 881 910 nec
904 853 1062 911 immerito
1092 854 1233 926 cogimur
1264 868 1337 926 egre
1374 851 1465 924 ferre,
1490 868 1528 910 ex

260 972 297 1016 eo
320 959 489 1032 potissime,
514 966 548 1017 ut
570 974 635 1029 vos,
660 959 714 1032 qui
738 973 825 1017 more
846 959 888 1016 ab
919 959 997 1018 olim
1029 959 1204 1032 observato,
1235 958 1418 1019 huiusmodi
1447 959 1529 1017 vice·

260 1065 498 1123 tricesimatores
513 1070 723 1139 proventuum
739 1065 856 1123 scilicet
873 1071 1052 1124 nostrorum
1075 1065 1259 1124 collectores
1282 1071 1376 1139 atque
1399 1080 1528 1138 percep·

259 1175 349 1239 tores,
374 1171 487 1229 nedum
512 1171 616 1229 taliter
638 1171 716 1229 sicut
739 1172 976 1246 presumpsistis
999 1173 1146 1246 persequi
1168 1178 1198 1230 et
1215 1171 1392 1243 molestare,
1415 1186 1527 1229 verum

259 1279 368 1354 pocius
392 1278 576 1335 debuissetis
599 1279 698 1336 eciam
721 1279 761 1335 ab
785 1277 855 1336 aliis
879 1278 1044 1352 quibusvis
1067 1278 1298 1353 impetitoribus
1322 1284 1388 1336 toto
1421 1283 1526 1335 vestro

259 1399 352 1460 posse
374 1383 543 1442 defensare.
567 1384 657 1443 Unde
680 1384 824 1442 fidelitati
839 1391 941 1442 vestre
964 1384 1144 1443 firmissime
1167 1389 1197 1442 et
1220 1383 1424 1442 seriosissime
1440 1398 1526 1441 man·

259 1489 366 1548 dantes
389 1491 588 1564 precipimus,
613 1497 763 1564 quatenus
787 1491 891 1548 statim
914 1491 1022 1563 agnita
1044 1491 1239 1564 presencium
1263 1488 1387 1560 noiicia,
1417 1502 1526 1546 omnes

258 1601 289 1654 et
319 1597 476 1670 quaslibet
508 1596 688 1655 huiusmodi
722 1613 771 1654 res
803 1597 834 1654 in
865 1611 1063 1670 quocumque
1098 1597 1273 1666 consistant,
1305 1608 1362 1668 per
1393 1609 1461 1664 vos,
1491 1609 1526 1651 ac

258 1710 433 1776 pretactum
452 1702 584 1760 Paulum
600 1702 795 1776 provisorem
819 1703 904 1760 curie
927 1704 1115 1777 episcopalis
1138 1702 1297 1773 antedicte,
1321 1700 1360 1758 de
1384 1706 1525 1775 pretacta

258 1809 344 1866 curia
368 1815 397 1864 et
420 1807 514 1865 domo
537 1813 643 1865 nostra
667 1808 848 1866 tricesimali
868 1816 1016 1882 receptas,
1030 1823 1091 1881 que
1106 1808 1166 1866 sub
1189 1815 1291 1865 vestra
1314 1813 1470 1882 potestate
1489 1823 1525 1865 ac

257 1915 353 1972 vestri
376 1915 408 1971 in
430 1913 535 1972 medio
551 1915 687 1972 existunt
711 1915 863 1972 amaiore
885 1913 1039 1988 usquead
1063 1915 1235 1984 minimam,
1258 1914 1406 1988 pretactis
1423 1913 1524 1971 homi·

254 2022 347 2079 nibus
370 2029 401 2078 et
424 2020 633 2079 familiaribus
657 2022 792 2079 annotati
817 2022 940 2079 comitis
965 2019 1125 2092 Leonardi,
1149 2021 1260 2078 harum
1285 2024 1397 2093 utputa
1419 2026 1523 2077 osten·

254 2127 386 2198 sonibus,
410 2128 548 2201 plenarie
572 2134 658 2185 etex
681 2129 800 2200 integro
824 2126 954 2185 reddere
978 2134 1007 2185 et
1030 2128 1199 2195 restituere,
1223 2126 1261 2183 de
1296 2133 1462 2199 ceteroque
1494 2132 1523 2183 et

254 2248 311 2306 per
342 2233 479 2306 amplius
513 2234 590 2307 ipsis
624 2234 803 2291 hominibus
838 2239 869 2290 et
902 2233 1248 2291 vicetricesimatoribus
1283 2230 1358 2290 dicti
1392 2232 1517 2290 comitis

254 2338 415 2410 Leonardi,
439 2355 496 2412 per
518 2339 650 2396 eundern
673 2340 751 2397 inibi
773 2340 947 2397 constitutis
963 2355 1017 2397 seu
1039 2337 1269 2409 constituendis,
1299 2336 1341 2395 ad
1364 2351 1515 2411 quorum·

253 2459 387 2517 cumque
430 2446 611 2502 instanciam
654 2446 779 2503 nullum
820 2444 1081 2519 impedimentum
1120 2445 1304 2517 nullamque
1340 2443 1522 2501 molestiam

252 2549 366 2608 inferre
389 2566 443 2608 scu
466 2552 613 2623 irrogare,
636 2552 711 2625 quin
735 2552 843 2625 pocius
866 2552 993 2609 eosdem
1015 2551 1056 2608 ab
1079 2551 1149 2608 aliis
1165 2550 1312 2609 omnibus
1334 2553 1364 2606 et
1387 2550 1520 2622 singulis

251 2656 425 2728 illegitimis
459 2657 706 2730 impetitoribus,
742 2673 829 2715 more
863 2658 941 2716 alias
976 2662 1131 2730 consveto,
1167 2663 1339 2730 protegere,
1375 2656 1457 2713 tueri
1491 2661 1520 2713 et

252 2761 411 2820 defensare
435 2779 470 2820 ac
501 2764 540 2821 ad
565 2763 781 2838 percipiendos
818 2771 988 2838 proventus
1018 2770 1141 2821 nostros
1171 2763 1300 2836 regales,
1323 2761 1401 2835 ipsis
1432 2760 1519 2819 favo
1558 2804 1564 2811 .

250 2870 338 2927 ribus
361 2876 391 2926 et
414 2870 539 2927 auxiliis
563 2870 673 2927 vestris
708 2870 816 2927 adesse
846 2878 877 2927 et
899 2871 1042 2928 assistere
1073 2868 1175 2927 modis
1199 2869 1346 2927 omnibus
1368 2866 1519 2938 debeatis,

250 2990 337 3032 secus
368 2976 427 3032 sub
459 2991 537 3049 pena
568 2977 706 3049 capitum
737 2986 913 3034 vestrorum
945 2975 1045 3034 facere
1077 2990 1138 3034 non
1172 2975 1286 3033 ausuri.
1317 2973 1518 3032 Presentibus

250 3082 404 3154 perlectis,
420 3083 446 3139 si
463 3098 548 3138 secus
565 3081 706 3154 feceritis,
723 3083 807 3156 quod
823 3083 912 3154 absit,
926 3083 1083 3140 exhibenti
1106 3082 1262 3140 restitutis.
1286 3081 1404 3138 Datum
1433 3079 1518 3138 Bude

249 3187 326 3245 feria
358 3190 464 3260 quinta
497 3190 641 3262 proxima
664 3197 733 3246 ante
765 3188 879 3246 festum
910 3189 1109 3246 exaltacionis
1144 3193 1247 3246 sancte
1278 3187 1396 3245 Crucis.
1428 3189 1518 3245 Anno

249 3293 367 3352 domini
389 3294 613 3351 MCCCCXXX
637 3301 732 3355 sexto.
762 3296 941 3369 Regnorum
963 3303 1141 3353 nostrorum
1171 3309 1252 3353 anno
1276 3294 1437 3367 Hungarie
1459 3298 1517 3351 etc.

248 3401 281 3459 L
310 3401 523 3458 Romanorum
546 3401 656 3458 xxvi.
680 3402 825 3459 Bohemie
849 3402 943 3459 XVII.
967 3402 1094 3475 Imperii
1117 3417 1192 3460 vero
1216 3408 1336 3475 quarto.

354 3536 488 3599 Originale
499 3538 527 3586 in
539 3537 636 3597 charta,
647 3539 675 3587 in
686 3539 800 3603 margine
812 3539 928 3588 inferiori
940 3540 1093 3604 impressum
1106 3547 1145 3589 est
1158 3538 1273 3604 sigillum
1285 3539 1377 3592 maius.
1397 3539 1430 3587 In
1444 3536 1512 3588 arch.

247 3623 294 3674 lib.
315 3641 365 3688 reg.
386 3626 433 3675 civ.
455 3625 553 3687 zagrab.

837 3804 925 3874 100.

354 3926 435 3973 Anno
458 3926 532 3988 1436,
554 3939 593 3987 29.
614 3929 773 3992 septembris

354 4039 442 4094 Anno
471 4039 560 4113 1436.
584 4040 718 4097 infesto
743 4043 824 4099 beati
849 4044 1008 4101 Michaelis
1042 4044 1228 4116 archangeli.
1263 4043 1510 4117 concambiales,

246 4142 278 4200 vi
301 4157 435 4215 quarum
460 4146 607 4218 magister
631 4147 762 4204 Michael
786 4147 931 4222 lapicida,
954 4148 1037 4206 filius
1060 4147 1218 4223 Stephani,
1241 4150 1318 4208 olim
1340 4166 1439 4224 aeque
1462 4152 1506 4208 la·

245 4247 357 4321 picida,
382 4249 511 4308 domurn
534 4267 623 4310 suam
647 4259 802 4310 muratam
822 4255 852 4312 in
876 4254 1000 4311 civitate
1028 4256 1221 4328 zagrabiensi
1253 4271 1345 4330 penes
1378 4255 1510 4315 fundum

245 4354 391 4412 ecclesiae
423 4357 452 4413 b.
485 4358 613 4429 virginis
637 4359 822 4417 Catharinae
845 4362 1037 4434 existentem,
1061 4361 1138 4419 duas
1161 4364 1262 4420 curias
1285 4362 1422 4436 integras
1443 4362 1511 4420 effi·

244 4461 384 4533 cientem,
420 4478 491 4519 curn
526 4464 671 4521 omnibus
707 4467 898 4538 pertinentiis
934 4468 965 4523 in
1002 4468 1180 4525 Mathaeum
1213 4473 1375 4539 sartorem,
1406 4468 1509 4526 filium

242 4563 400 4639 Stephani,
423 4569 582 4626 concivem
606 4571 846 4643 zagrabiensem,
871 4587 929 4645 pro
954 4573 1015 4630 alia
1039 4572 1133 4631 domo
1164 4573 1304 4633 eiusdem
1336 4574 1368 4632 in
1398 4573 1509 4632 eadem

243 4672 367 4730 civitate
401 4674 517 4747 habita,
549 4691 644 4734 unam
675 4685 819 4750 quartam
842 4686 872 4735 et
892 4685 1035 4737 octavam
1060 4681 1163 4738 curiae
1186 4680 1372 4739 efficientem
1394 4695 1432 4738 ac
1454 4681 1512 4740 tri·

242 4778 327 4851 ginta
353 4780 489 4854 quinque
512 4781 634 4841 florenis
657 4783 725 4841 auri
748 4784 820 4858 puri
850 4781 917 4859 jure
940 4786 1101 4859 perennali
1123 4785 1271 4845 transfert
1300 4800 1408 4846 ooram
1442 4802 1512 4846 ma·

241 4885 373 4959 gistratu
396 4886 465 4959 loci,
488 4890 669 4949 celebratae.
1468 4898 1471 4902 ’
