<?xml version="1.0" encoding="UTF-8"?>
<!DOCTYPE html PUBLIC "-//W3C//DTD XHTML 1.0 Transitional//EN"
    "http://www.w3.org/TR/xhtml1/DTD/xhtml1-transitional.dtd">
<html xmlns="http://www.w3.org/1999/xhtml" xml:lang="en" lang="en">
 <head>
  <title>
</title>
<meta http-equiv="Content-Type" content="text/html;charset=utf-8" />
  <meta name='ocr-system' content='tesseract 3.04.00' />
  <meta name='ocr-capabilities' content='ocr_page ocr_carea ocr_par ocr_line ocrx_word'/>
</head>
<body>
  <div class='ocr_page' id='page_1' title='image "./monumentahistor01laszgoog_0417.png"; bbox 0 0 3278 5348; ppageno 0'>
   <div class='ocr_carea' id='block_1_1' title="bbox 145 377 1447 4948">
    <p class='ocr_par' dir='ltr' id='par_1_1' title="bbox 145 377 1447 4948">
     <span class='ocr_line' id='line_1_1' title="bbox 601 377 1440 460; baseline 0.006 -21"><span class='ocrx_word' id='word_1_1' title='bbox 601 382 674 442; x_wconf 78' lang='lat' dir='ltr'>Dec.</span> <span class='ocrx_word' id='word_1_2' title='bbox 700 378 767 439; x_wconf 80' lang='lat'><em>116.</em></span> <span class='ocrx_word' id='word_1_3' title='bbox 792 414 833 424; x_wconf 93' lang='lat'><em>-</em></span> <span class='ocrx_word' id='word_1_4' title='bbox 857 381 913 439; x_wconf 86' lang='lat' dir='ltr'>An.</span> <span class='ocrx_word' id='word_1_5' title='bbox 938 377 1030 460; x_wconf 73' lang='lat'><em>1438.</em></span> <span class='ocrx_word' id='word_1_6' title='bbox 1386 400 1440 456; x_wconf 85' lang='lat'>151</span> 
     </span>
     <span class='ocr_line' id='line_1_2' title="bbox 182 598 1446 673; baseline 0.002 -17"><span class='ocrx_word' id='word_1_7' title='bbox 182 598 351 670; x_wconf 91' lang='lat' dir='ltr'>tenebitur;</span> <span class='ocrx_word' id='word_1_8' title='bbox 374 599 588 673; x_wconf 87' lang='lat' dir='ltr'>captivitatem</span> <span class='ocrx_word' id='word_1_9' title='bbox 612 613 697 670; x_wconf 91' lang='lat' dir='ltr'>vero,</span> <span class='ocrx_word' id='word_1_10' title='bbox 721 613 816 672; x_wconf 89' lang='lat' dir='ltr'>quam</span> <span class='ocrx_word' id='word_1_11' title='bbox 840 613 949 672; x_wconf 90' lang='lat' dir='ltr'>passus</span> <span class='ocrx_word' id='word_1_12' title='bbox 970 598 1080 667; x_wconf 91' lang='lat' dir='ltr'>extitit,</span> <span class='ocrx_word' id='word_1_13' title='bbox 1105 615 1162 672; x_wconf 92' lang='lat' dir='ltr'>per</span> <span class='ocrx_word' id='word_1_14' title='bbox 1193 598 1318 658; x_wconf 90' lang='lat' dir='ltr'>eosdem</span> <span class='ocrx_word' id='word_1_15' title='bbox 1349 600 1446 659; x_wconf 90' lang='lat' dir='ltr'>banos</span> 
     </span>
     <span class='ocr_line' id='line_1_3' title="bbox 182 703 1446 780; baseline 0.002 -18"><span class='ocrx_word' id='word_1_16' title='bbox 182 712 302 764; x_wconf 88' lang='lat' dir='ltr'>nostros</span> <span class='ocrx_word' id='word_1_17' title='bbox 331 710 475 780; x_wconf 87' lang='lat' dir='ltr'>repertus</span> <span class='ocrx_word' id='word_1_18' title='bbox 511 711 566 776; x_wconf 92' lang='lat' dir='ltr'>est,</span> <span class='ocrx_word' id='word_1_19' title='bbox 589 705 653 762; x_wconf 92' lang='lat' dir='ltr'>suis</span> <span class='ocrx_word' id='word_1_20' title='bbox 687 703 846 762; x_wconf 89' lang='lat' dir='ltr'>demeritis</span> <span class='ocrx_word' id='word_1_21' title='bbox 881 704 1084 775; x_wconf 81' lang='lat' dir='ltr'>exigentibus,</span> <span class='ocrx_word' id='word_1_22' title='bbox 1112 704 1216 763; x_wconf 90' lang='lat' dir='ltr'>debite</span> <span class='ocrx_word' id='word_1_23' title='bbox 1239 704 1305 764; x_wconf 88' lang='lat' dir='ltr'>fore</span> <span class='ocrx_word' id='word_1_24' title='bbox 1329 721 1446 780; x_wconf 89' lang='lat' dir='ltr'>passus.</span> 
     </span>
     <span class='ocr_line' id='line_1_4' title="bbox 145 810 1446 890; baseline 0.002 -21"><span class='ocrx_word' id='word_1_25' title='bbox 145 887 148 890; x_wconf 10' lang='grc' dir='ltr'><strong>Δ</strong></span> <span class='ocrx_word' id='word_1_26' title='bbox 179 810 263 884; x_wconf 88' lang='lat' dir='ltr'>Item,</span> <span class='ocrx_word' id='word_1_27' title='bbox 288 812 373 886; x_wconf 91' lang='lat' dir='ltr'>quod</span> <span class='ocrx_word' id='word_1_28' title='bbox 396 812 474 870; x_wconf 90' lang='lat' dir='ltr'>alias</span> <span class='ocrx_word' id='word_1_29' title='bbox 497 810 629 885; x_wconf 83' lang='lat' dir='ltr'>predicti</span> <span class='ocrx_word' id='word_1_30' title='bbox 650 811 734 870; x_wconf 90' lang='lat' dir='ltr'>cives</span> <span class='ocrx_word' id='word_1_31' title='bbox 757 811 891 869; x_wconf 87' lang='lat' dir='ltr'>exterius</span> <span class='ocrx_word' id='word_1_32' title='bbox 916 811 948 868; x_wconf 94' lang='lat' dir='ltr'>in</span> <span class='ocrx_word' id='word_1_33' title='bbox 971 826 1083 885; x_wconf 92' lang='lat' dir='ltr'>campo</span> <span class='ocrx_word' id='word_1_34' title='bbox 1099 812 1177 869; x_wconf 90' lang='lat' dir='ltr'>duos</span> <span class='ocrx_word' id='word_1_35' title='bbox 1192 811 1333 871; x_wconf 87' lang='lat' dir='ltr'>homines</span> <span class='ocrx_word' id='word_1_36' title='bbox 1348 812 1446 886; x_wconf 90' lang='lat' dir='ltr'>ipsius</span> 
     </span>
     <span class='ocr_line' id='line_1_5' title="bbox 181 917 1447 993; baseline 0.003 -18"><span class='ocrx_word' id='word_1_37' title='bbox 181 918 331 978; x_wconf 84' lang='lat' dir='ltr'>vilhelmi</span> <span class='ocrx_word' id='word_1_38' title='bbox 364 917 588 977; x_wconf 78' lang='lat' dir='ltr'>interfecissent</span> <span class='ocrx_word' id='word_1_39' title='bbox 609 923 640 976; x_wconf 90' lang='lat' dir='ltr'>et</span> <span class='ocrx_word' id='word_1_40' title='bbox 664 924 797 990; x_wconf 91' lang='lat' dir='ltr'>quatuor</span> <span class='ocrx_word' id='word_1_41' title='bbox 832 917 1054 976; x_wconf 80' lang='lat' dir='ltr'>vulnerassent</span> <span class='ocrx_word' id='word_1_42' title='bbox 1087 917 1188 992; x_wconf 86' lang='lat' dir='ltr'>Super</span> <span class='ocrx_word' id='word_1_43' title='bbox 1222 919 1336 993; x_wconf 89' lang='lat' dir='ltr'>quibus</span> <span class='ocrx_word' id='word_1_44' title='bbox 1372 919 1447 979; x_wconf 93' lang='lat' dir='ltr'>dicti</span> 
     </span>
     <span class='ocr_line' id='line_1_6' title="bbox 179 1023 1446 1099; baseline 0.002 -16"><span class='ocrx_word' id='word_1_45' title='bbox 179 1032 397 1099; x_wconf 88' lang='lat' dir='ltr'>procuratores</span> <span class='ocrx_word' id='word_1_46' title='bbox 419 1026 664 1099; x_wconf 88' lang='lat' dir='ltr'>respondissent:</span> <span class='ocrx_word' id='word_1_47' title='bbox 691 1024 776 1098; x_wconf 86' lang='lat' dir='ltr'>quod</span> <span class='ocrx_word' id='word_1_48' title='bbox 800 1040 871 1082; x_wconf 93' lang='lat' dir='ltr'>cum</span> <span class='ocrx_word' id='word_1_49' title='bbox 895 1023 978 1083; x_wconf 89' lang='lat' dir='ltr'>idem</span> <span class='ocrx_word' id='word_1_50' title='bbox 1003 1026 1179 1084; x_wconf 91' lang='lat' dir='ltr'>Vilhelmus</span> <span class='ocrx_word' id='word_1_51' title='bbox 1195 1042 1266 1084; x_wconf 92' lang='lat' dir='ltr'>cum</span> <span class='ocrx_word' id='word_1_52' title='bbox 1283 1027 1346 1085; x_wconf 94' lang='lat' dir='ltr'>suis</span> <span class='ocrx_word' id='word_1_53' title='bbox 1361 1041 1446 1085; x_wconf 92' lang='lat' dir='ltr'>com·</span> 
     </span>
     <span class='ocr_line' id='line_1_7' title="bbox 180 1131 1445 1208; baseline 0.002 -19"><span class='ocrx_word' id='word_1_54' title='bbox 180 1132 313 1205; x_wconf 86' lang='lat' dir='ltr'>plicibus</span> <span class='ocrx_word' id='word_1_55' title='bbox 337 1148 425 1191; x_wconf 90' lang='lat' dir='ltr'>more</span> <span class='ocrx_word' id='word_1_56' title='bbox 448 1133 630 1191; x_wconf 84' lang='lat' dir='ltr'>exercituali</span> <span class='ocrx_word' id='word_1_57' title='bbox 652 1131 794 1208; x_wconf 90' lang='lat' dir='ltr'>predicta</span> <span class='ocrx_word' id='word_1_58' title='bbox 817 1131 894 1190; x_wconf 89' lang='lat' dir='ltr'>feria</span> <span class='ocrx_word' id='word_1_59' title='bbox 917 1132 1052 1190; x_wconf 90' lang='lat' dir='ltr'>secunda</span> <span class='ocrx_word' id='word_1_60' title='bbox 1075 1134 1220 1206; x_wconf 90' lang='lat' dir='ltr'>proxima</span> <span class='ocrx_word' id='word_1_61' title='bbox 1243 1138 1313 1191; x_wconf 89' lang='lat' dir='ltr'>ante</span> <span class='ocrx_word' id='word_1_62' title='bbox 1330 1132 1445 1192; x_wconf 87' lang='lat' dir='ltr'>festum</span> 
     </span>
     <span class='ocr_line' id='line_1_8' title="bbox 180 1218 1445 1315; baseline 0.002 -20"><span class='ocrx_word' id='word_1_63' title='bbox 180 1237 354 1298; x_wconf 71' lang='lat' dir='ltr'>Natiuitatis</span> <span class='ocrx_word' id='word_1_64' title='bbox 376 1240 504 1311; x_wconf 90' lang='lat' dir='ltr'>domini,</span> <span class='ocrx_word' id='word_1_65' title='bbox 528 1239 671 1315; x_wconf 89' lang='lat' dir='ltr'>proxime</span> <span class='ocrx_word' id='word_1_66' title='bbox 687 1239 879 1313; x_wconf 89' lang='lat' dir='ltr'>preteritum,</span> <span class='ocrx_word' id='word_1_67' title='bbox 895 1237 934 1294; x_wconf 88' lang='lat' dir='ltr'>ad</span> <span class='ocrx_word' id='word_1_68' title='bbox 953 1239 1153 1312; x_wconf 90' lang='lat' dir='ltr'>spoliandum</span> <span class='ocrx_word' id='word_1_69' title='bbox 1170 1240 1271 1313; x_wconf 90' lang='lat' dir='ltr'>ipsam</span> <span class='ocrx_word' id='word_1_70' title='bbox 1287 1218 1445 1298; x_wconf 88' lang='lat' dir='ltr'>civitatem</span> 
     </span>
     <span class='ocr_line' id='line_1_9' title="bbox 180 1345 1446 1421; baseline 0.001 -18"><span class='ocrx_word' id='word_1_71' title='bbox 180 1354 205 1405; x_wconf 90' lang='lat' dir='ltr'>et</span> <span class='ocrx_word' id='word_1_72' title='bbox 228 1348 379 1417; x_wconf 89' lang='lat' dir='ltr'>terminos</span> <span class='ocrx_word' id='word_1_73' title='bbox 401 1347 500 1421; x_wconf 91' lang='lat' dir='ltr'>ipsius</span> <span class='ocrx_word' id='word_1_74' title='bbox 523 1346 657 1404; x_wconf 87' lang='lat' dir='ltr'>civitatis</span> <span class='ocrx_word' id='word_1_75' title='bbox 680 1345 834 1404; x_wconf 88' lang='lat' dir='ltr'>hostiliter</span> <span class='ocrx_word' id='word_1_76' title='bbox 856 1345 1026 1417; x_wconf 88' lang='lat' dir='ltr'>invasisset,</span> <span class='ocrx_word' id='word_1_77' title='bbox 1049 1346 1261 1420; x_wconf 89' lang='lat' dir='ltr'>nonnullaque</span> <span class='ocrx_word' id='word_1_78' title='bbox 1280 1361 1393 1421; x_wconf 91' lang='lat' dir='ltr'>pecora</span> <span class='ocrx_word' id='word_1_79' title='bbox 1416 1355 1446 1405; x_wconf 91' lang='lat' dir='ltr'>et</span> 
     </span>
     <span class='ocr_line' id='line_1_10' title="bbox 179 1451 1445 1527; baseline 0.002 -17"><span class='ocrx_word' id='word_1_80' title='bbox 179 1452 273 1512; x_wconf 89' lang='lat' dir='ltr'>boves</span> <span class='ocrx_word' id='word_1_81' title='bbox 298 1453 502 1527; x_wconf 84' lang='lat' dir='ltr'>quamplures</span> <span class='ocrx_word' id='word_1_82' title='bbox 535 1453 702 1527; x_wconf 90' lang='lat' dir='ltr'>recepisset</span> <span class='ocrx_word' id='word_1_83' title='bbox 736 1455 767 1509; x_wconf 90' lang='lat' dir='ltr'>et</span> <span class='ocrx_word' id='word_1_84' title='bbox 789 1451 944 1509; x_wconf 90' lang='lat' dir='ltr'>abducere</span> <span class='ocrx_word' id='word_1_85' title='bbox 969 1452 1127 1525; x_wconf 90' lang='lat' dir='ltr'>voluisset,</span> <span class='ocrx_word' id='word_1_86' title='bbox 1158 1459 1230 1512; x_wconf 92' lang='lat' dir='ltr'>tunc</span> <span class='ocrx_word' id='word_1_87' title='bbox 1254 1454 1381 1527; x_wconf 92' lang='lat' dir='ltr'>quidam</span> <span class='ocrx_word' id='word_1_88' title='bbox 1407 1471 1445 1513; x_wconf 90' lang='lat' dir='ltr'>ex</span> 
     </span>
     <span class='ocr_line' id='line_1_11' title="bbox 178 1557 1445 1634; baseline 0.002 -17"><span class='ocrx_word' id='word_1_89' title='bbox 178 1561 300 1619; x_wconf 89' lang='lat' dir='ltr'>civibus</span> <span class='ocrx_word' id='word_1_90' title='bbox 323 1561 355 1618; x_wconf 93' lang='lat' dir='ltr'>in</span> <span class='ocrx_word' id='word_1_91' title='bbox 378 1558 517 1617; x_wconf 89' lang='lat' dir='ltr'>custodia</span> <span class='ocrx_word' id='word_1_92' title='bbox 540 1559 746 1617; x_wconf 89' lang='lat' dir='ltr'>terminorum</span> <span class='ocrx_word' id='word_1_93' title='bbox 769 1557 850 1615; x_wconf 90' lang='lat' dir='ltr'>dicte</span> <span class='ocrx_word' id='word_1_94' title='bbox 872 1558 1006 1616; x_wconf 91' lang='lat' dir='ltr'>civitatis</span> <span class='ocrx_word' id='word_1_95' title='bbox 1029 1560 1195 1631; x_wconf 89' lang='lat' dir='ltr'>constituti,</span> <span class='ocrx_word' id='word_1_96' title='bbox 1219 1559 1301 1619; x_wconf 90' lang='lat' dir='ltr'>dicta</span> <span class='ocrx_word' id='word_1_97' title='bbox 1332 1575 1445 1634; x_wconf 89' lang='lat' dir='ltr'>pecora</span> 
     </span>
     <span class='ocr_line' id='line_1_12' title="bbox 172 1664 1445 1741; baseline 0.002 -18"><span class='ocrx_word' id='word_1_98' title='bbox 172 1680 209 1725; x_wconf 92' lang='lat' dir='ltr'>ac</span> <span class='ocrx_word' id='word_1_99' title='bbox 233 1668 320 1741; x_wconf 91' lang='lat' dir='ltr'>ipsos</span> <span class='ocrx_word' id='word_1_100' title='bbox 343 1667 441 1724; x_wconf 91' lang='lat' dir='ltr'>boves</span> <span class='ocrx_word' id='word_1_101' title='bbox 464 1664 630 1724; x_wconf 85' lang='lat' dir='ltr'>defendere</span> <span class='ocrx_word' id='word_1_102' title='bbox 650 1665 798 1734; x_wconf 90' lang='lat' dir='ltr'>volentes,</span> <span class='ocrx_word' id='word_1_103' title='bbox 821 1664 947 1722; x_wconf 89' lang='lat' dir='ltr'>eosdem</span> <span class='ocrx_word' id='word_1_104' title='bbox 970 1666 1073 1723; x_wconf 91' lang='lat' dir='ltr'>hostes</span> <span class='ocrx_word' id='word_1_105' title='bbox 1096 1672 1126 1724; x_wconf 90' lang='lat' dir='ltr'>et</span> <span class='ocrx_word' id='word_1_106' title='bbox 1147 1667 1331 1741; x_wconf 88' lang='lat' dir='ltr'>spoliatores</span> <span class='ocrx_word' id='word_1_107' title='bbox 1367 1669 1445 1726; x_wconf 91' lang='lat' dir='ltr'>inse·</span> 
     </span>
     <span class='ocr_line' id='line_1_13' title="bbox 175 1771 1444 1848; baseline 0.001 -16"><span class='ocrx_word' id='word_1_108' title='bbox 175 1780 307 1848; x_wconf 90' lang='lat' dir='ltr'>quentes</span> <span class='ocrx_word' id='word_1_109' title='bbox 329 1774 362 1831; x_wconf 90' lang='lat' dir='ltr'>in</span> <span class='ocrx_word' id='word_1_110' title='bbox 382 1772 594 1847; x_wconf 88' lang='lat' dir='ltr'>captivitatem</span> <span class='ocrx_word' id='word_1_111' title='bbox 622 1771 761 1829; x_wconf 90' lang='lat' dir='ltr'>eiusdem</span> <span class='ocrx_word' id='word_1_112' title='bbox 784 1771 936 1829; x_wconf 90' lang='lat' dir='ltr'>Vilhelmi</span> <span class='ocrx_word' id='word_1_113' title='bbox 968 1771 1169 1844; x_wconf 88' lang='lat' dir='ltr'>devenissent,</span> <span class='ocrx_word' id='word_1_114' title='bbox 1193 1780 1223 1831; x_wconf 92' lang='lat' dir='ltr'>et</span> <span class='ocrx_word' id='word_1_115' title='bbox 1245 1774 1388 1832; x_wconf 91' lang='lat' dir='ltr'>nonnulli</span> <span class='ocrx_word' id='word_1_116' title='bbox 1406 1790 1444 1833; x_wconf 89' lang='lat' dir='ltr'>ex</span> 
     </span>
     <span class='ocr_line' id='line_1_14' title="bbox 171 1871 1444 1954; baseline -0.001 -15"><span class='ocrx_word' id='word_1_117' title='bbox 171 1880 296 1939; x_wconf 89' lang='lat' dir='ltr'>eisdem</span> <span class='ocrx_word' id='word_1_118' title='bbox 320 1896 378 1954; x_wconf 93' lang='lat' dir='ltr'>per</span> <span class='ocrx_word' id='word_1_119' title='bbox 400 1878 532 1937; x_wconf 89' lang='lat' dir='ltr'>eundem</span> <span class='ocrx_word' id='word_1_120' title='bbox 556 1886 587 1937; x_wconf 93' lang='lat' dir='ltr'>et</span> <span class='ocrx_word' id='word_1_121' title='bbox 609 1893 681 1936; x_wconf 86' lang='lat' dir='ltr'>suos</span> <span class='ocrx_word' id='word_1_122' title='bbox 704 1871 875 1952; x_wconf 90' lang='lat' dir='ltr'>complices</span> <span class='ocrx_word' id='word_1_123' title='bbox 898 1878 1050 1937; x_wconf 89' lang='lat' dir='ltr'>interfecti</span> <span class='ocrx_word' id='word_1_124' title='bbox 1074 1879 1210 1952; x_wconf 87' lang='lat' dir='ltr'>fuissent,</span> <span class='ocrx_word' id='word_1_125' title='bbox 1239 1881 1303 1952; x_wconf 89' lang='lat' dir='ltr'>ubi,</span> <span class='ocrx_word' id='word_1_126' title='bbox 1334 1881 1360 1938; x_wconf 91' lang='lat' dir='ltr'>si</span> <span class='ocrx_word' id='word_1_127' title='bbox 1390 1881 1444 1954; x_wconf 92' lang='lat' dir='ltr'>qui</span> 
     </span>
     <span class='ocr_line' id='line_1_15' title="bbox 167 1985 1444 2064; baseline -0.002 -17"><span class='ocrx_word' id='word_1_128' title='bbox 167 2005 231 2064; x_wconf 92' lang='lat' dir='ltr'>per</span> <span class='ocrx_word' id='word_1_129' title='bbox 255 1986 383 2046; x_wconf 89' lang='lat' dir='ltr'>eosdem</span> <span class='ocrx_word' id='word_1_130' title='bbox 407 1989 490 2045; x_wconf 90' lang='lat' dir='ltr'>cives</span> <span class='ocrx_word' id='word_1_131' title='bbox 512 1987 604 2045; x_wconf 92' lang='lat' dir='ltr'>occisi</span> <span class='ocrx_word' id='word_1_132' title='bbox 628 1991 658 2043; x_wconf 90' lang='lat' dir='ltr'>et</span> <span class='ocrx_word' id='word_1_133' title='bbox 679 1985 833 2044; x_wconf 90' lang='lat' dir='ltr'>interfecti</span> <span class='ocrx_word' id='word_1_134' title='bbox 857 1985 993 2056; x_wconf 88' lang='lat' dir='ltr'>fuissent,</span> <span class='ocrx_word' id='word_1_135' title='bbox 1017 1990 1165 2059; x_wconf 91' lang='lat' dir='ltr'>tanquam</span> <span class='ocrx_word' id='word_1_136' title='bbox 1182 1986 1398 2045; x_wconf 84' lang='lat' dir='ltr'>malefactores</span> <span class='ocrx_word' id='word_1_137' title='bbox 1414 1992 1444 2045; x_wconf 91' lang='lat' dir='ltr'>et</span> 
     </span>
     <span class='ocr_line' id='line_1_16' title="bbox 167 2072 1443 2171; baseline -0.002 -17"><span class='ocrx_word' id='word_1_138' title='bbox 167 2095 329 2171; x_wconf 87' lang='lat' dir='ltr'>predones</span> <span class='ocrx_word' id='word_1_139' title='bbox 350 2095 382 2153; x_wconf 93' lang='lat' dir='ltr'>iu</span> <span class='ocrx_word' id='word_1_140' title='bbox 398 2095 445 2153; x_wconf 91' lang='lat' dir='ltr'>sui</span> <span class='ocrx_word' id='word_1_141' title='bbox 461 2093 638 2152; x_wconf 84' lang='lat' dir='ltr'>defensione</span> <span class='ocrx_word' id='word_1_142' title='bbox 654 2093 779 2152; x_wconf 88' lang='lat' dir='ltr'>eosdem</span> <span class='ocrx_word' id='word_1_143' title='bbox 795 2092 1019 2151; x_wconf 90' lang='lat' dir='ltr'>interfecissent</span> <span class='ocrx_word' id='word_1_144' title='bbox 1034 2099 1064 2150; x_wconf 89' lang='lat' dir='ltr'>et</span> <span class='ocrx_word' id='word_1_145' title='bbox 1080 2094 1305 2165; x_wconf 87' lang='lat' dir='ltr'>vulnerassent,</span> <span class='ocrx_word' id='word_1_146' title='bbox 1321 2072 1443 2168; x_wconf 87' lang='lat' dir='ltr'>ipsique</span> 
     </span>
     <span class='ocr_line' id='line_1_17' title="bbox 169 2200 1444 2286; baseline -0.002 -25"><span class='ocrx_word' id='word_1_147' title='bbox 169 2205 259 2261; x_wconf 88' lang='lat' dir='ltr'>cives</span> <span class='ocrx_word' id='word_1_148' title='bbox 283 2202 385 2260; x_wconf 90' lang='lat' dir='ltr'>minus</span> <span class='ocrx_word' id='word_1_149' title='bbox 408 2200 489 2278; x_wconf 87' lang='lat' dir='ltr'>juste</span> <span class='ocrx_word' id='word_1_150' title='bbox 512 2206 542 2259; x_wconf 92' lang='lat' dir='ltr'>et</span> <span class='ocrx_word' id='word_1_151' title='bbox 564 2201 701 2259; x_wconf 89' lang='lat' dir='ltr'>indebite</span> <span class='ocrx_word' id='word_1_152' title='bbox 725 2200 906 2275; x_wconf 89' lang='lat' dir='ltr'>peripsum</span> <span class='ocrx_word' id='word_1_153' title='bbox 930 2201 1124 2286; x_wconf 85' lang='lat' dir='ltr'>Vilhelmum</span> <span class='ocrx_word' id='word_1_154' title='bbox 1141 2206 1172 2259; x_wconf 90' lang='lat' dir='ltr'>et</span> <span class='ocrx_word' id='word_1_155' title='bbox 1186 2216 1257 2259; x_wconf 91' lang='lat' dir='ltr'>suos</span> <span class='ocrx_word' id='word_1_156' title='bbox 1275 2202 1444 2274; x_wconf 89' lang='lat' dir='ltr'>complices</span> 
     </span>
     <span class='ocr_line' id='line_1_18' title="bbox 172 2306 1444 2385; baseline 0 -17"><span class='ocrx_word' id='word_1_157' title='bbox 172 2307 328 2368; x_wconf 86' lang='lat' dir='ltr'>interfecti</span> <span class='ocrx_word' id='word_1_158' title='bbox 352 2315 382 2366; x_wconf 94' lang='lat' dir='ltr'>et</span> <span class='ocrx_word' id='word_1_159' title='bbox 405 2309 561 2366; x_wconf 89' lang='lat' dir='ltr'>vulnerati</span> <span class='ocrx_word' id='word_1_160' title='bbox 583 2308 764 2367; x_wconf 87' lang='lat' dir='ltr'>extitissent.</span> <span class='ocrx_word' id='word_1_161' title='bbox 788 2306 822 2364; x_wconf 90' lang='lat' dir='ltr'>ln</span> <span class='ocrx_word' id='word_1_162' title='bbox 846 2322 908 2380; x_wconf 94' lang='lat' dir='ltr'>quo</span> <span class='ocrx_word' id='word_1_163' title='bbox 932 2306 1014 2364; x_wconf 90' lang='lat' dir='ltr'>facto</span> <span class='ocrx_word' id='word_1_164' title='bbox 1044 2308 1103 2381; x_wconf 91' lang='lat' dir='ltr'>ipsi</span> <span class='ocrx_word' id='word_1_165' title='bbox 1127 2309 1200 2366; x_wconf 92' lang='lat' dir='ltr'>bani</span> <span class='ocrx_word' id='word_1_166' title='bbox 1231 2310 1334 2367; x_wconf 90' lang='lat' dir='ltr'>taliter</span> <span class='ocrx_word' id='word_1_167' title='bbox 1362 2307 1444 2385; x_wconf 90' lang='lat' dir='ltr'>judi·</span> 
     </span>
     <span class='ocr_line' id='line_1_19' title="bbox 174 2414 1444 2489; baseline -0.001 -14"><span class='ocrx_word' id='word_1_168' title='bbox 174 2422 296 2475; x_wconf 90' lang='lat' dir='ltr'>cassent</span> <span class='ocrx_word' id='word_1_169' title='bbox 318 2424 348 2474; x_wconf 95' lang='lat' dir='ltr'>et</span> <span class='ocrx_word' id='word_1_170' title='bbox 370 2416 553 2474; x_wconf 87' lang='lat' dir='ltr'>arbitrative</span> <span class='ocrx_word' id='word_1_171' title='bbox 572 2415 806 2486; x_wconf 87' lang='lat' dir='ltr'>commisissent,</span> <span class='ocrx_word' id='word_1_172' title='bbox 831 2414 914 2489; x_wconf 90' lang='lat' dir='ltr'>quod</span> <span class='ocrx_word' id='word_1_173' title='bbox 939 2414 1077 2488; x_wconf 91' lang='lat' dir='ltr'>prefatus</span> <span class='ocrx_word' id='word_1_174' title='bbox 1100 2414 1273 2489; x_wconf 90' lang='lat' dir='ltr'>Stephanus</span> <span class='ocrx_word' id='word_1_175' title='bbox 1289 2415 1444 2488; x_wconf 88' lang='lat' dir='ltr'>Bychlrele</span> 
     </span>
     <span class='ocr_line' id='line_1_20' title="bbox 178 2520 1443 2607; baseline 0.001 -26"><span class='ocrx_word' id='word_1_176' title='bbox 178 2539 214 2582; x_wconf 93' lang='lat' dir='ltr'>ac</span> <span class='ocrx_word' id='word_1_177' title='bbox 235 2524 392 2607; x_wconf 70' lang='lat' dir='ltr'>johannes</span> <span class='ocrx_word' id='word_1_178' title='bbox 415 2522 505 2593; x_wconf 88' lang='lat' dir='ltr'>Toth,</span> <span class='ocrx_word' id='word_1_179' title='bbox 528 2537 646 2580; x_wconf 89' lang='lat' dir='ltr'>necnon</span> <span class='ocrx_word' id='word_1_180' title='bbox 669 2521 844 2596; x_wconf 90' lang='lat' dir='ltr'>Stephanus</span> <span class='ocrx_word' id='word_1_181' title='bbox 868 2521 905 2579; x_wconf 89' lang='lat' dir='ltr'>de</span> <span class='ocrx_word' id='word_1_182' title='bbox 928 2520 1050 2579; x_wconf 81' lang='lat' dir='ltr'>Bochlra</span> <span class='ocrx_word' id='word_1_183' title='bbox 1078 2525 1108 2578; x_wconf 93' lang='lat' dir='ltr'>et</span> <span class='ocrx_word' id='word_1_184' title='bbox 1132 2521 1277 2578; x_wconf 91' lang='lat' dir='ltr'>Nicolaus</span> <span class='ocrx_word' id='word_1_185' title='bbox 1301 2521 1339 2580; x_wconf 90' lang='lat' dir='ltr'>de</span> <span class='ocrx_word' id='word_1_186' title='bbox 1362 2521 1443 2595; x_wconf 89' lang='lat' dir='ltr'>Gye-</span> 
     </span>
     <span class='ocr_line' id='line_1_21' title="bbox 176 2627 1444 2706; baseline -0.001 -18"><span class='ocrx_word' id='word_1_187' title='bbox 176 2647 256 2706; x_wconf 89' lang='lat' dir='ltr'>pew,</span> <span class='ocrx_word' id='word_1_188' title='bbox 287 2631 461 2688; x_wconf 81' lang='lat' dir='ltr'>vicecomes</span> <span class='ocrx_word' id='word_1_189' title='bbox 492 2629 656 2686; x_wconf 91' lang='lat' dir='ltr'>comitatus</span> <span class='ocrx_word' id='word_1_190' title='bbox 679 2628 897 2701; x_wconf 86' lang='lat' dir='ltr'>zagrabiensis,</span> <span class='ocrx_word' id='word_1_191' title='bbox 921 2643 956 2685; x_wconf 92' lang='lat' dir='ltr'>ac</span> <span class='ocrx_word' id='word_1_192' title='bbox 991 2627 1160 2700; x_wconf 87' lang='lat' dir='ltr'>Gregorius</span> <span class='ocrx_word' id='word_1_193' title='bbox 1183 2627 1221 2685; x_wconf 89' lang='lat' dir='ltr'>de</span> <span class='ocrx_word' id='word_1_194' title='bbox 1244 2629 1391 2688; x_wconf 90' lang='lat' dir='ltr'>Vrnouch</span> <span class='ocrx_word' id='word_1_195' title='bbox 1413 2635 1444 2687; x_wconf 93' lang='lat' dir='ltr'>et</span> 
     </span>
     <span class='ocr_line' id='line_1_22' title="bbox 177 2734 1442 2810; baseline -0.001 -16"><span class='ocrx_word' id='word_1_196' title='bbox 177 2738 286 2796; x_wconf 91' lang='lat' dir='ltr'>Petrus</span> <span class='ocrx_word' id='word_1_197' title='bbox 318 2736 356 2795; x_wconf 90' lang='lat' dir='ltr'>de</span> <span class='ocrx_word' id='word_1_198' title='bbox 386 2735 606 2808; x_wconf 85' lang='lat' dir='ltr'>Schytaryeuo,</span> <span class='ocrx_word' id='word_1_199' title='bbox 637 2735 778 2792; x_wconf 89' lang='lat' dir='ltr'>homines</span> <span class='ocrx_word' id='word_1_200' title='bbox 800 2751 858 2808; x_wconf 91' lang='lat' dir='ltr'>per</span> <span class='ocrx_word' id='word_1_201' title='bbox 884 2735 968 2808; x_wconf 89' lang='lat' dir='ltr'>ipsos</span> <span class='ocrx_word' id='word_1_202' title='bbox 992 2734 1088 2791; x_wconf 88' lang='lat' dir='ltr'>banos</span> <span class='ocrx_word' id='word_1_203' title='bbox 1112 2738 1233 2792; x_wconf 92' lang='lat' dir='ltr'>nostros</span> <span class='ocrx_word' id='word_1_204' title='bbox 1256 2735 1295 2792; x_wconf 89' lang='lat' dir='ltr'>ad</span> <span class='ocrx_word' id='word_1_205' title='bbox 1319 2734 1350 2793; x_wconf 93' lang='lat' dir='ltr'>id</span> <span class='ocrx_word' id='word_1_206' title='bbox 1373 2752 1442 2810; x_wconf 90' lang='lat' dir='ltr'>spe·</span> 
     </span>
     <span class='ocr_line' id='line_1_23' title="bbox 175 2840 1442 2917; baseline -0.003 -13"><span class='ocrx_word' id='word_1_207' title='bbox 175 2845 294 2904; x_wconf 90' lang='lat' dir='ltr'>cialiter</span> <span class='ocrx_word' id='word_1_208' title='bbox 316 2843 465 2917; x_wconf 91' lang='lat' dir='ltr'>deputati,</span> <span class='ocrx_word' id='word_1_209' title='bbox 482 2842 621 2917; x_wconf 92' lang='lat' dir='ltr'>predicto</span> <span class='ocrx_word' id='word_1_210' title='bbox 644 2847 755 2899; x_wconf 92' lang='lat' dir='ltr'>octavo</span> <span class='ocrx_word' id='word_1_211' title='bbox 778 2840 828 2898; x_wconf 90' lang='lat' dir='ltr'>die</span> <span class='ocrx_word' id='word_1_212' title='bbox 850 2840 920 2900; x_wconf 88' lang='lat' dir='ltr'>festi</span> <span class='ocrx_word' id='word_1_213' title='bbox 936 2841 1051 2898; x_wconf 87' lang='lat' dir='ltr'>Pasche</span> <span class='ocrx_word' id='word_1_214' title='bbox 1067 2841 1194 2914; x_wconf 90' lang='lat' dir='ltr'>domini,</span> <span class='ocrx_word' id='word_1_215' title='bbox 1211 2843 1353 2915; x_wconf 90' lang='lat' dir='ltr'>proxime</span> <span class='ocrx_word' id='word_1_216' title='bbox 1370 2858 1442 2901; x_wconf 90' lang='lat' dir='ltr'>ven·</span> 
     </span>
     <span class='ocr_line' id='line_1_24' title="bbox 176 2948 1441 3025; baseline -0.002 -15"><span class='ocrx_word' id='word_1_217' title='bbox 176 2961 254 3025; x_wconf 89' lang='lat' dir='ltr'>turo,</span> <span class='ocrx_word' id='word_1_218' title='bbox 277 2951 463 3024; x_wconf 82' lang='lat' dir='ltr'>Zagrabiam</span> <span class='ocrx_word' id='word_1_219' title='bbox 479 2949 652 3024; x_wconf 89' lang='lat' dir='ltr'>predictam</span> <span class='ocrx_word' id='word_1_220' title='bbox 676 2949 899 3017; x_wconf 89' lang='lat' dir='ltr'>convenientes,</span> <span class='ocrx_word' id='word_1_221' title='bbox 924 2949 1037 3021; x_wconf 91' lang='lat' dir='ltr'>quibus</span> <span class='ocrx_word' id='word_1_222' title='bbox 1059 2949 1134 3006; x_wconf 92' lang='lat' dir='ltr'>illac</span> <span class='ocrx_word' id='word_1_223' title='bbox 1157 2948 1202 3006; x_wconf 90' lang='lat' dir='ltr'>ire</span> <span class='ocrx_word' id='word_1_224' title='bbox 1225 2954 1255 3007; x_wconf 90' lang='lat' dir='ltr'>et</span> <span class='ocrx_word' id='word_1_225' title='bbox 1271 2950 1376 3007; x_wconf 91' lang='lat' dir='ltr'>omnia</span> <span class='ocrx_word' id='word_1_226' title='bbox 1396 2965 1441 3022; x_wconf 88' lang='lat' dir='ltr'>ea,</span> 
     </span>
     <span class='ocr_line' id='line_1_25' title="bbox 175 3053 1442 3134; baseline -0.002 -16"><span class='ocrx_word' id='word_1_227' title='bbox 175 3075 234 3134; x_wconf 91' lang='lat' dir='ltr'>que</span> <span class='ocrx_word' id='word_1_228' title='bbox 257 3059 318 3133; x_wconf 93' lang='lat' dir='ltr'>ipsi</span> <span class='ocrx_word' id='word_1_229' title='bbox 341 3058 415 3116; x_wconf 92' lang='lat' dir='ltr'>bani</span> <span class='ocrx_word' id='word_1_230' title='bbox 438 3056 660 3114; x_wconf 90' lang='lat' dir='ltr'>commiserunt</span> <span class='ocrx_word' id='word_1_231' title='bbox 695 3056 807 3127; x_wconf 82' lang='lat' dir='ltr'>exequi</span> <span class='ocrx_word' id='word_1_232' title='bbox 835 3053 1027 3126; x_wconf 88' lang='lat' dir='ltr'>mandamus,</span> <span class='ocrx_word' id='word_1_233' title='bbox 1044 3071 1138 3129; x_wconf 89' lang='lat' dir='ltr'>super</span> <span class='ocrx_word' id='word_1_234' title='bbox 1156 3056 1334 3114; x_wconf 88' lang='lat' dir='ltr'>huiusmodi</span> <span class='ocrx_word' id='word_1_235' title='bbox 1350 3059 1442 3115; x_wconf 91' lang='lat' dir='ltr'>inter·</span> 
     </span>
     <span class='ocr_line' id='line_1_26' title="bbox 176 3160 1442 3240; baseline -0.002 -16"><span class='ocrx_word' id='word_1_236' title='bbox 176 3166 337 3240; x_wconf 89' lang='lat' dir='ltr'>empcione</span> <span class='ocrx_word' id='word_1_237' title='bbox 360 3169 391 3222; x_wconf 88' lang='lat' dir='ltr'>et</span> <span class='ocrx_word' id='word_1_238' title='bbox 413 3163 633 3221; x_wconf 90' lang='lat' dir='ltr'>vulneracione</span> <span class='ocrx_word' id='word_1_239' title='bbox 655 3163 818 3220; x_wconf 91' lang='lat' dir='ltr'>hominum</span> <span class='ocrx_word' id='word_1_240' title='bbox 843 3160 1054 3234; x_wconf 90' lang='lat' dir='ltr'>predictorum</span> <span class='ocrx_word' id='word_1_241' title='bbox 1075 3162 1278 3236; x_wconf 90' lang='lat' dir='ltr'>probacioues</span> <span class='ocrx_word' id='word_1_242' title='bbox 1302 3169 1331 3221; x_wconf 93' lang='lat' dir='ltr'>et</span> <span class='ocrx_word' id='word_1_243' title='bbox 1347 3163 1442 3222; x_wconf 88' lang='lat' dir='ltr'>docu-</span> 
     </span>
     <span class='ocr_line' id='line_1_27' title="bbox 175 3267 1440 3345; baseline -0.001 -15"><span class='ocrx_word' id='word_1_244' title='bbox 175 3280 277 3331; x_wconf 90' lang='lat' dir='ltr'>menta</span> <span class='ocrx_word' id='word_1_245' title='bbox 301 3288 358 3345; x_wconf 89' lang='lat' dir='ltr'>per</span> <span class='ocrx_word' id='word_1_246' title='bbox 381 3271 463 3345; x_wconf 90' lang='lat' dir='ltr'>ipsas</span> <span class='ocrx_word' id='word_1_247' title='bbox 487 3277 591 3344; x_wconf 92' lang='lat' dir='ltr'>partes</span> <span class='ocrx_word' id='word_1_248' title='bbox 614 3284 721 3327; x_wconf 91' lang='lat' dir='ltr'>eoram</span> <span class='ocrx_word' id='word_1_249' title='bbox 745 3268 861 3326; x_wconf 91' lang='lat' dir='ltr'>eisdem</span> <span class='ocrx_word' id='word_1_250' title='bbox 885 3267 1084 3341; x_wconf 89' lang='lat' dir='ltr'>producendo</span> <span class='ocrx_word' id='word_1_251' title='bbox 1108 3269 1222 3342; x_wconf 46' lang='lat' dir='ltr'>audire,</span> <span class='ocrx_word' id='word_1_252' title='bbox 1243 3276 1271 3328; x_wconf 92' lang='lat' dir='ltr'>et</span> <span class='ocrx_word' id='word_1_253' title='bbox 1294 3271 1440 3344; x_wconf 85' lang='lat' dir='ltr'>recipere,</span> 
     </span>
     <span class='ocr_line' id='line_1_28' title="bbox 175 3353 1439 3451; baseline -0.002 -14"><span class='ocrx_word' id='word_1_254' title='bbox 175 3386 203 3437; x_wconf 93' lang='lat' dir='ltr'>et</span> <span class='ocrx_word' id='word_1_255' title='bbox 224 3380 250 3437; x_wconf 93' lang='lat' dir='ltr'>si</span> <span class='ocrx_word' id='word_1_256' title='bbox 274 3377 305 3436; x_wconf 94' lang='lat' dir='ltr'>id</span> <span class='ocrx_word' id='word_1_257' title='bbox 329 3394 368 3436; x_wconf 88' lang='lat' dir='ltr'>ex</span> <span class='ocrx_word' id='word_1_258' title='bbox 391 3353 583 3436; x_wconf 85' lang='lat' dir='ltr'>documentis</span> <span class='ocrx_word' id='word_1_259' title='bbox 606 3383 636 3435; x_wconf 91' lang='lat' dir='ltr'>et</span> <span class='ocrx_word' id='word_1_260' title='bbox 660 3376 900 3451; x_wconf 91' lang='lat' dir='ltr'>probacionibus</span> <span class='ocrx_word' id='word_1_261' title='bbox 924 3375 1103 3433; x_wconf 91' lang='lat' dir='ltr'>huiusmodi</span> <span class='ocrx_word' id='word_1_262' title='bbox 1126 3377 1265 3449; x_wconf 90' lang='lat' dir='ltr'>ipsarum</span> <span class='ocrx_word' id='word_1_263' title='bbox 1298 3378 1439 3450; x_wconf 87' lang='lat' dir='ltr'>parcium</span> 
     </span>
     <span class='ocr_line' id='line_1_29' title="bbox 176 3482 1440 3560; baseline 0 -17"><span class='ocrx_word' id='word_1_264' title='bbox 176 3487 234 3560; x_wconf 89' lang='lat' dir='ltr'>ipsi</span> <span class='ocrx_word' id='word_1_265' title='bbox 257 3485 449 3558; x_wconf 82' lang='lat' dir='ltr'>agnoverint,</span> <span class='ocrx_word' id='word_1_266' title='bbox 473 3483 557 3558; x_wconf 90' lang='lat' dir='ltr'>quod</span> <span class='ocrx_word' id='word_1_267' title='bbox 581 3484 680 3556; x_wconf 91' lang='lat' dir='ltr'>aliqui</span> <span class='ocrx_word' id='word_1_268' title='bbox 703 3499 740 3540; x_wconf 89' lang='lat' dir='ltr'>ex</span> <span class='ocrx_word' id='word_1_269' title='bbox 765 3482 923 3556; x_wconf 88' lang='lat' dir='ltr'>premissis</span> <span class='ocrx_word' id='word_1_270' title='bbox 938 3482 1106 3540; x_wconf 89' lang='lat' dir='ltr'>interfectis</span> <span class='ocrx_word' id='word_1_271' title='bbox 1123 3488 1151 3540; x_wconf 89' lang='lat' dir='ltr'>et</span> <span class='ocrx_word' id='word_1_272' title='bbox 1169 3483 1340 3542; x_wconf 90' lang='lat' dir='ltr'>vulneratis</span> <span class='ocrx_word' id='word_1_273' title='bbox 1354 3483 1440 3559; x_wconf 88' lang='lat' dir='ltr'>juxta</span> 
     </span>
     <span class='ocr_line' id='line_1_30' title="bbox 176 3589 1439 3664; baseline -0.002 -14"><span class='ocrx_word' id='word_1_274' title='bbox 176 3607 282 3650; x_wconf 89' lang='lat' dir='ltr'>eorum</span> <span class='ocrx_word' id='word_1_275' title='bbox 307 3591 458 3649; x_wconf 89' lang='lat' dir='ltr'>demerita</span> <span class='ocrx_word' id='word_1_276' title='bbox 481 3595 512 3648; x_wconf 92' lang='lat' dir='ltr'>et</span> <span class='ocrx_word' id='word_1_277' title='bbox 535 3590 644 3664; x_wconf 92' lang='lat' dir='ltr'>culpas</span> <span class='ocrx_word' id='word_1_278' title='bbox 667 3596 738 3646; x_wconf 91' lang='lat' dir='ltr'>sunt</span> <span class='ocrx_word' id='word_1_279' title='bbox 754 3589 905 3646; x_wconf 88' lang='lat' dir='ltr'>interfecti</span> <span class='ocrx_word' id='word_1_280' title='bbox 928 3595 958 3646; x_wconf 90' lang='lat' dir='ltr'>et</span> <span class='ocrx_word' id='word_1_281' title='bbox 975 3590 1138 3658; x_wconf 89' lang='lat' dir='ltr'>vulnerati,</span> <span class='ocrx_word' id='word_1_282' title='bbox 1161 3595 1272 3647; x_wconf 83' lang='lat' dir='ltr'>extunc</span> <span class='ocrx_word' id='word_1_283' title='bbox 1294 3590 1439 3664; x_wconf 85' lang='lat' dir='ltr'>homagia</span> 
     </span>
     <span class='ocr_line' id='line_1_31' title="bbox 174 3696 1439 3769; baseline -0.001 -12"><span class='ocrx_word' id='word_1_284' title='bbox 174 3699 284 3757; x_wconf 91' lang='lat' dir='ltr'>talium</span> <span class='ocrx_word' id='word_1_285' title='bbox 308 3696 541 3756; x_wconf 89' lang='lat' dir='ltr'>interfectorum</span> <span class='ocrx_word' id='word_1_286' title='bbox 564 3703 594 3755; x_wconf 95' lang='lat' dir='ltr'>et</span> <span class='ocrx_word' id='word_1_287' title='bbox 617 3697 746 3754; x_wconf 90' lang='lat' dir='ltr'>vulnera</span> <span class='ocrx_word' id='word_1_288' title='bbox 771 3697 1005 3753; x_wconf 87' lang='lat' dir='ltr'>vulneratorum</span> <span class='ocrx_word' id='word_1_289' title='bbox 1029 3702 1177 3769; x_wconf 84' lang='lat' dir='ltr'>tanquam</span> <span class='ocrx_word' id='word_1_290' title='bbox 1201 3696 1439 3756; x_wconf 89' lang='lat' dir='ltr'>malefactorum</span> 
     </span>
     <span class='ocr_line' id='line_1_32' title="bbox 180 3801 1440 3880; baseline 0 -17"><span class='ocrx_word' id='word_1_291' title='bbox 180 3821 237 3880; x_wconf 93' lang='lat' dir='ltr'>pro</span> <span class='ocrx_word' id='word_1_292' title='bbox 253 3805 368 3863; x_wconf 92' lang='lat' dir='ltr'>nichilo</span> <span class='ocrx_word' id='word_1_293' title='bbox 383 3809 573 3879; x_wconf 89' lang='lat' dir='ltr'>reputentur.</span> <span class='ocrx_word' id='word_1_294' title='bbox 590 3804 723 3862; x_wconf 90' lang='lat' dir='ltr'>Illorum</span> <span class='ocrx_word' id='word_1_295' title='bbox 740 3818 822 3873; x_wconf 90' lang='lat' dir='ltr'>vero,</span> <span class='ocrx_word' id='word_1_296' title='bbox 840 3804 894 3876; x_wconf 92' lang='lat' dir='ltr'>qui</span> <span class='ocrx_word' id='word_1_297' title='bbox 918 3803 1019 3860; x_wconf 92' lang='lat' dir='ltr'>minus</span> <span class='ocrx_word' id='word_1_298' title='bbox 1034 3801 1112 3877; x_wconf 89' lang='lat' dir='ltr'>juste</span> <span class='ocrx_word' id='word_1_299' title='bbox 1129 3803 1282 3862; x_wconf 93' lang='lat' dir='ltr'>interfecti</span> <span class='ocrx_word' id='word_1_300' title='bbox 1305 3805 1440 3863; x_wconf 90' lang='lat' dir='ltr'>existunt</span> 
     </span>
     <span class='ocr_line' id='line_1_33' title="bbox 175 3911 1438 3986; baseline -0.001 -16"><span class='ocrx_word' id='word_1_301' title='bbox 175 3919 205 3970; x_wconf 90' lang='lat' dir='ltr'>et</span> <span class='ocrx_word' id='word_1_302' title='bbox 235 3911 392 3970; x_wconf 90' lang='lat' dir='ltr'>vulnerati</span> <span class='ocrx_word' id='word_1_303' title='bbox 427 3927 481 3986; x_wconf 89' lang='lat' dir='ltr'>per</span> <span class='ocrx_word' id='word_1_304' title='bbox 504 3911 585 3974; x_wconf 83' lang='lat' dir='ltr'>illos.</span> <span class='ocrx_word' id='word_1_305' title='bbox 610 3927 666 3985; x_wconf 90' lang='lat' dir='ltr'>per</span> <span class='ocrx_word' id='word_1_306' title='bbox 691 3926 771 3984; x_wconf 92' lang='lat' dir='ltr'>quos</span> <span class='ocrx_word' id='word_1_307' title='bbox 794 3912 958 3968; x_wconf 85' lang='lat' dir='ltr'>commissa</span> <span class='ocrx_word' id='word_1_308' title='bbox 981 3911 1084 3967; x_wconf 82' lang='lat' dir='ltr'>existit</span> <span class='ocrx_word' id='word_1_309' title='bbox 1107 3916 1233 3983; x_wconf 85' lang='lat' dir='ltr'>strages,</span> <span class='ocrx_word' id='word_1_310' title='bbox 1258 3911 1438 3969; x_wconf 89' lang='lat' dir='ltr'>huiusmodi</span> 
     </span>
     <span class='ocr_line' id='line_1_34' title="bbox 175 4016 1437 4092; baseline 0 -16"><span class='ocrx_word' id='word_1_311' title='bbox 175 4019 319 4091; x_wconf 85' lang='lat' dir='ltr'>homagia</span> <span class='ocrx_word' id='word_1_312' title='bbox 356 4017 467 4075; x_wconf 91' lang='lat' dir='ltr'>talium</span> <span class='ocrx_word' id='word_1_313' title='bbox 498 4023 528 4074; x_wconf 95' lang='lat' dir='ltr'>et</span> <span class='ocrx_word' id='word_1_314' title='bbox 551 4016 681 4075; x_wconf 90' lang='lat' dir='ltr'>vulnera</span> <span class='ocrx_word' id='word_1_315' title='bbox 704 4016 790 4092; x_wconf 88' lang='lat' dir='ltr'>juxta</span> <span class='ocrx_word' id='word_1_316' title='bbox 814 4017 900 4088; x_wconf 83' lang='lat' dir='ltr'>regni</span> <span class='ocrx_word' id='word_1_317' title='bbox 932 4016 1184 4075; x_wconf 82' lang='lat' dir='ltr'>consvetvdinem</span> <span class='ocrx_word' id='word_1_318' title='bbox 1209 4018 1437 4089; x_wconf 87' lang='lat' dir='ltr'>persolvantur.</span> 
     </span>
     <span class='ocr_line' id='line_1_35' title="bbox 174 4123 1437 4199; baseline -0.002 -17"><span class='ocrx_word' id='word_1_319' title='bbox 174 4124 371 4199; x_wconf 91' lang='lat' dir='ltr'>Disposuisse</span> <span class='ocrx_word' id='word_1_320' title='bbox 402 4123 500 4181; x_wconf 90' lang='lat' dir='ltr'>eciam</span> <span class='ocrx_word' id='word_1_321' title='bbox 531 4124 610 4181; x_wconf 91' lang='lat' dir='ltr'>inter</span> <span class='ocrx_word' id='word_1_322' title='bbox 640 4130 742 4196; x_wconf 88' lang='lat' dir='ltr'>partes</span> <span class='ocrx_word' id='word_1_323' title='bbox 770 4123 923 4197; x_wconf 85' lang='lat' dir='ltr'>predictas</span> <span class='ocrx_word' id='word_1_324' title='bbox 954 4124 1048 4182; x_wconf 90' lang='lat' dir='ltr'>iidem</span> <span class='ocrx_word' id='word_1_325' title='bbox 1082 4125 1152 4182; x_wconf 90' lang='lat' dir='ltr'>bani</span> <span class='ocrx_word' id='word_1_326' title='bbox 1177 4139 1208 4180; x_wconf 91' lang='lat' dir='ltr'>se</span> <span class='ocrx_word' id='word_1_327' title='bbox 1233 4127 1437 4195; x_wconf 87' lang='lat' dir='ltr'>asseruerunt,</span> 
     </span>
     <span class='ocr_line' id='line_1_36' title="bbox 173 4230 1437 4306; baseline -0.001 -18"><span class='ocrx_word' id='word_1_328' title='bbox 173 4230 257 4306; x_wconf 91' lang='lat' dir='ltr'>quod</span> <span class='ocrx_word' id='word_1_329' title='bbox 280 4236 390 4288; x_wconf 90' lang='lat' dir='ltr'>neutra</span> <span class='ocrx_word' id='word_1_330' title='bbox 412 4231 554 4303; x_wconf 92' lang='lat' dir='ltr'>parcium</span> <span class='ocrx_word' id='word_1_331' title='bbox 576 4230 698 4303; x_wconf 89' lang='lat' dir='ltr'>aliquos</span> <span class='ocrx_word' id='word_1_332' title='bbox 722 4239 807 4288; x_wconf 91' lang='lat' dir='ltr'>actus</span> <span class='ocrx_word' id='word_1_333' title='bbox 832 4232 1044 4304; x_wconf 90' lang='lat' dir='ltr'>potenciarios,</span> <span class='ocrx_word' id='word_1_334' title='bbox 1070 4237 1176 4288; x_wconf 88' lang='lat' dir='ltr'>contra</span> <span class='ocrx_word' id='word_1_335' title='bbox 1199 4230 1285 4302; x_wconf 86' lang='lat' dir='ltr'>regni</span> <span class='ocrx_word' id='word_1_336' title='bbox 1311 4244 1437 4287; x_wconf 87' lang='lat' dir='ltr'>consve-</span> 
     </span>
     <span class='ocr_line' id='line_1_37' title="bbox 173 4334 1436 4412; baseline -0.003 -16"><span class='ocrx_word' id='word_1_337' title='bbox 173 4337 321 4406; x_wconf 88' lang='lat' dir='ltr'>tudinem,</span> <span class='ocrx_word' id='word_1_338' title='bbox 357 4342 463 4395; x_wconf 89' lang='lat' dir='ltr'>contra</span> <span class='ocrx_word' id='word_1_339' title='bbox 498 4353 563 4394; x_wconf 91' lang='lat' dir='ltr'>sese</span> <span class='ocrx_word' id='word_1_340' title='bbox 595 4344 625 4394; x_wconf 90' lang='lat' dir='ltr'>et</span> <span class='ocrx_word' id='word_1_341' title='bbox 660 4336 698 4394; x_wconf 94' lang='lat' dir='ltr'>ad</span> <span class='ocrx_word' id='word_1_342' title='bbox 722 4354 754 4394; x_wconf 94' lang='lat' dir='ltr'>se</span> <span class='ocrx_word' id='word_1_343' title='bbox 777 4339 963 4412; x_wconf 87' lang='lat' dir='ltr'>pertinentes</span> <span class='ocrx_word' id='word_1_344' title='bbox 987 4339 1134 4395; x_wconf 89' lang='lat' dir='ltr'>innovare</span> <span class='ocrx_word' id='word_1_345' title='bbox 1159 4341 1359 4409; x_wconf 88' lang='lat' dir='ltr'>presummat,</span> <span class='ocrx_word' id='word_1_346' title='bbox 1383 4334 1436 4392; x_wconf 89' lang='lat' dir='ltr'>sed</span> 
     </span>
     <span class='ocr_line' id='line_1_38' title="bbox 172 4441 1437 4518; baseline 0 -17"><span class='ocrx_word' id='word_1_347' title='bbox 172 4442 323 4518; x_wconf 91' lang='lat' dir='ltr'>quidquid</span> <span class='ocrx_word' id='word_1_348' title='bbox 347 4443 480 4501; x_wconf 91' lang='lat' dir='ltr'>accionis</span> <span class='ocrx_word' id='word_1_349' title='bbox 504 4450 610 4502; x_wconf 88' lang='lat' dir='ltr'>contra</span> <span class='ocrx_word' id='word_1_350' title='bbox 633 4461 698 4502; x_wconf 89' lang='lat' dir='ltr'>sese</span> <span class='ocrx_word' id='word_1_351' title='bbox 721 4445 858 4503; x_wconf 89' lang='lat' dir='ltr'>vicissim</span> <span class='ocrx_word' id='word_1_352' title='bbox 879 4445 1052 4515; x_wconf 89' lang='lat' dir='ltr'>habuerint,</span> <span class='ocrx_word' id='word_1_353' title='bbox 1072 4446 1130 4502; x_wconf 93' lang='lat' dir='ltr'>hoc</span> <span class='ocrx_word' id='word_1_354' title='bbox 1148 4443 1265 4501; x_wconf 91' lang='lat' dir='ltr'>iusticia</span> <span class='ocrx_word' id='word_1_355' title='bbox 1282 4441 1437 4501; x_wconf 90' lang='lat' dir='ltr'>mediante</span> 
     </span>
     <span class='ocr_line' id='line_1_39' title="bbox 172 4548 1437 4626; baseline -0.001 -18"><span class='ocrx_word' id='word_1_356' title='bbox 172 4550 321 4626; x_wconf 90' lang='lat' dir='ltr'>prosequi</span> <span class='ocrx_word' id='word_1_357' title='bbox 343 4555 484 4609; x_wconf 89' lang='lat' dir='ltr'>teneatur</span> <span class='ocrx_word' id='word_1_358' title='bbox 505 4548 572 4625; x_wconf 88' lang='lat' dir='ltr'>jure</span> <span class='ocrx_word' id='word_1_359' title='bbox 596 4558 626 4609; x_wconf 91' lang='lat' dir='ltr'>et</span> <span class='ocrx_word' id='word_1_360' title='bbox 650 4551 868 4609; x_wconf 89' lang='lat' dir='ltr'>consvetudine</span> <span class='ocrx_word' id='word_1_361' title='bbox 890 4554 974 4624; x_wconf 84' lang='lat' dir='ltr'>regni</span> <span class='ocrx_word' id='word_1_362' title='bbox 991 4552 1089 4609; x_wconf 90' lang='lat' dir='ltr'>nostri</span> <span class='ocrx_word' id='word_1_363' title='bbox 1105 4551 1286 4622; x_wconf 89' lang='lat' dir='ltr'>requirente.</span> <span class='ocrx_word' id='word_1_364' title='bbox 1311 4548 1437 4623; x_wconf 91' lang='lat' dir='ltr'>Suppli·</span> 
     </span>
     <span class='ocr_line' id='line_1_40' title="bbox 172 4656 1437 4732; baseline -0.002 -15"><span class='ocrx_word' id='word_1_365' title='bbox 172 4665 277 4717; x_wconf 92' lang='lat' dir='ltr'>catum</span> <span class='ocrx_word' id='word_1_366' title='bbox 300 4656 404 4731; x_wconf 90' lang='lat' dir='ltr'>itaque</span> <span class='ocrx_word' id='word_1_367' title='bbox 427 4658 529 4716; x_wconf 88' lang='lat' dir='ltr'>extitit</span> <span class='ocrx_word' id='word_1_368' title='bbox 549 4672 606 4732; x_wconf 95' lang='lat' dir='ltr'>pro</span> <span class='ocrx_word' id='word_1_369' title='bbox 623 4665 711 4731; x_wconf 91' lang='lat' dir='ltr'>parte</span> <span class='ocrx_word' id='word_1_370' title='bbox 727 4658 881 4716; x_wconf 89' lang='lat' dir='ltr'>dictorum</span> <span class='ocrx_word' id='word_1_371' title='bbox 897 4659 1013 4715; x_wconf 90' lang='lat' dir='ltr'>civium</span> <span class='ocrx_word' id='word_1_372' title='bbox 1031 4657 1163 4715; x_wconf 88' lang='lat' dir='ltr'>civitatis</span> <span class='ocrx_word' id='word_1_373' title='bbox 1179 4656 1317 4730; x_wconf 89' lang='lat' dir='ltr'>predicte</span> <span class='ocrx_word' id='word_1_374' title='bbox 1333 4662 1437 4716; x_wconf 88' lang='lat' dir='ltr'>nostre</span> 
     </span>
     <span class='ocr_line' id='line_1_41' title="bbox 171 4762 1437 4840; baseline 0 -17"><span class='ocrx_word' id='word_1_375' title='bbox 171 4764 334 4837; x_wconf 85' lang='lat' dir='ltr'>maiestati,</span> <span class='ocrx_word' id='word_1_376' title='bbox 368 4769 403 4822; x_wconf 93' lang='lat' dir='ltr'>ut</span> <span class='ocrx_word' id='word_1_377' title='bbox 436 4763 615 4823; x_wconf 90' lang='lat' dir='ltr'>huiusmodi</span> <span class='ocrx_word' id='word_1_378' title='bbox 644 4762 810 4840; x_wconf 82' lang='lat' dir='ltr'>judicium,</span> <span class='ocrx_word' id='word_1_379' title='bbox 848 4764 1086 4838; x_wconf 90' lang='lat' dir='ltr'>disposicionem</span> <span class='ocrx_word' id='word_1_380' title='bbox 1117 4770 1147 4821; x_wconf 94' lang='lat' dir='ltr'>et</span> <span class='ocrx_word' id='word_1_381' title='bbox 1180 4765 1345 4823; x_wconf 88' lang='lat' dir='ltr'>arbitrium</span> <span class='ocrx_word' id='word_1_382' title='bbox 1381 4781 1437 4839; x_wconf 90' lang='lat' dir='ltr'>per</span> 
     </span>
     <span class='ocr_line' id='line_1_42' title="bbox 168 4869 1435 4948; baseline 0.001 -19"><span class='ocrx_word' id='word_1_383' title='bbox 168 4869 315 4948; x_wconf 84' lang='lat' dir='ltr'>jamfatos</span> <span class='ocrx_word' id='word_1_384' title='bbox 349 4870 447 4931; x_wconf 88' lang='lat' dir='ltr'>banos</span> <span class='ocrx_word' id='word_1_385' title='bbox 481 4878 603 4930; x_wconf 87' lang='lat' dir='ltr'>nostros</span> <span class='ocrx_word' id='word_1_386' title='bbox 625 4870 720 4930; x_wconf 92' lang='lat' dir='ltr'>modo</span> <span class='ocrx_word' id='word_1_387' title='bbox 742 4871 907 4946; x_wconf 89' lang='lat' dir='ltr'>prehabita</span> <span class='ocrx_word' id='word_1_388' title='bbox 929 4870 1010 4928; x_wconf 90' lang='lat' dir='ltr'>facta</span> <span class='ocrx_word' id='word_1_389' title='bbox 1033 4876 1120 4945; x_wconf 90' lang='lat' dir='ltr'>grata</span> <span class='ocrx_word' id='word_1_390' title='bbox 1143 4872 1259 4930; x_wconf 90' lang='lat' dir='ltr'>habere</span> <span class='ocrx_word' id='word_1_391' title='bbox 1282 4878 1312 4930; x_wconf 93' lang='lat' dir='ltr'>et</span> <span class='ocrx_word' id='word_1_392' title='bbox 1327 4870 1435 4930; x_wconf 87' lang='lat' dir='ltr'>eadem</span> 
     </span>
    </p>
   </div>
   <div class='ocr_carea' id='block_1_2' title="bbox 0 0 1644 5348">
    <p class='ocr_par' dir='ltr' id='par_1_2' title="bbox 0 0 1644 5348">
     <span class='ocr_line' id='line_1_43' title="bbox 0 0 1644 5348; baseline 0 2"><span class='ocrx_word' id='word_1_393' title='bbox 0 0 1644 5348; x_wconf 95' lang='lat' dir='ltr'> </span> 
     </span>
    </p>
   </div>
  </div>
 </body>
</html>
