3278 5348
622 453 695 512 Doc.
713 449 792 532 346.
816 486 859 496 —
883 454 939 511 Aru
963 449 1054 531 1487.
1389 458 1448 532 4⁶¹

186 668 274 727 omni
297 666 362 727 litis
385 666 527 726 mucione
550 666 679 742 pacifice
703 666 797 727 tuisse
820 675 851 725 et
873 669 1012 727 extitisse
1027 669 1264 743 reperiebantur
1280 667 1453 732 manifeste.

185 772 374 832 Racionibus
396 772 492 846 igitur
513 788 552 833 ex
574 773 743 847 premissis.
768 773 929 848 potissime
952 789 1036 847 vero,
1060 775 1134 849 quia
1157 776 1348 850 prelibatum
1371 779 1456 853 capi·

187 878 292 938 tulum
325 878 455 938 ecclesie
487 879 696 953 zagrabiensis
730 879 892 953 vigoribus
927 888 957 938 et
988 880 1167 955 patrociniis
1202 881 1450 957 prescriptorum

187 984 328 1044 eiusdem
352 984 592 1059 privilegiorum
614 984 677 1043 iam
702 986 855 1058 proximis
878 987 909 1044 in
921 986 1135 1061 superioribus
1151 987 1335 1047 sensualiter
1351 988 1454 1049 decla·

185 1099 327 1150 ratorum
349 1107 368 1150 a
391 1095 477 1151 tanto
499 1092 651 1166 temporis
673 1091 789 1166 spacio,
811 1099 920 1167 utpote
943 1097 1119 1167 atempore
1135 1094 1284 1167 premisse
1300 1091 1451 1168 tassionis,

186 1197 429 1271 collacionisque
464 1205 494 1256 et
528 1198 775 1273 perpetuacionis
811 1199 959 1272 prelibati
993 1199 1071 1257 olim
1101 1197 1279 1272 Rodolphy,
1312 1198 1371 1259 titii
1393 1201 1454 1261 Ro·

188 1302 318 1376 dolphy,
342 1304 374 1361 in
396 1302 480 1361 dicto
503 1318 584 1362 anno
607 1303 726 1362 domini
756 1303 926 1362 millesimo
956 1303 1263 1378 quadringentesimo
1294 1306 1453 1365 tricesimo

192 1416 305 1483 quarto
324 1416 566 1484 prememorato,
595 1409 734 1483 capitulo
765 1416 796 1467 et
825 1410 916 1469 altari
943 1409 1083 1482 predicto
1112 1424 1232 1483 suoque
1261 1411 1373 1469 rectori
1396 1425 1454 1486 pro

189 1522 331 1589 tempore
362 1516 528 1574 constituto
558 1514 639 1574 facte
669 1520 700 1573 et
728 1517 882 1574 celebrate
906 1515 1035 1589 pacifice
1060 1520 1090 1573 et
1113 1519 1215 1590 quiete
1238 1515 1452 1589 perstitissent,

185 1635 278 1679 causa
309 1636 437 1694 presens
472 1636 528 1696 per
562 1620 719 1694 prefatum
754 1620 917 1680 dominum
951 1628 1092 1680 nostrum
1116 1637 1221 1695 regem
1244 1621 1370 1682 nomine
1391 1637 1449 1682 suo

185 1726 280 1799 regio,
305 1727 415 1785 ordine
446 1732 477 1786 et
501 1728 581 1786 serie
603 1728 756 1802 premissa
777 1727 922 1786 suscitata
953 1733 984 1785 et
1006 1741 1111 1786 coram
1133 1728 1225 1786 nobis
1247 1728 1372 1801 agitata,
1395 1743 1453 1787 nec

183 1833 254 1905 ipso
267 1832 392 1891 nomine
408 1834 493 1906 regio
509 1847 554 1905 eo,
571 1833 655 1907 quod
678 1831 747 1909 jura
770 1833 855 1906 regia
868 1833 935 1891 sive
951 1833 1076 1907 regalia,
1093 1834 1119 1892 si
1135 1833 1240 1906 quein
1263 1834 1453 1907 pretitulatis

185 1939 433 2013 possessionibus
463 1939 643 2010 extitissent,
674 1938 782 1997 eadem
813 1937 882 2015 jura
913 1939 999 2012 regia
1030 1955 1086 2013 per
1121 1939 1277 2013 predictos
1308 1939 1451 1999 dominos

186 2043 422 2118 sigismundum
440 2051 469 2102 et
486 2045 652 2103 Albertum
668 2061 758 2118 reges
780 2045 1048 2120 preexhibitarum
1071 2045 1246 2103 litterarum
1270 2045 1452 2104 eorumdem

185 2147 349 2223 vigoribus
380 2149 510 2226 jamiato
541 2151 680 2227 capitulo
711 2152 825 2209 collata
856 2162 887 2209 et
920 2151 1034 2208 donata
1057 2152 1243 2221 extitissent;
1274 2151 1328 2209 sed
1351 2167 1451 2226 neque

185 2271 244 2331 pro
277 2264 365 2330 parte
396 2264 426 2314 et
457 2256 496 2315 ad
528 2257 709 2316 instanciam
741 2259 858 2315 civium
889 2256 1111 2331 predictorum,
1142 2272 1276 2330 quorum
1307 2256 1453 2316 videlicet

186 2363 386 2436 acquisicioni
409 2361 614 2421 intervallum
638 2364 790 2437 legittime
814 2364 1053 2438 prescripcionis
1069 2364 1108 2421 de
1129 2365 1215 2436 regni
1231 2363 1452 2423 consuetudine

185 2475 315 2542 propter
337 2469 490 2542 temporis
512 2468 747 2527 diuturnitatem
770 2470 921 2528 obviabat
944 2470 1044 2528 leuari
1067 2472 1119 2527 vel
1143 2470 1285 2527 suscitari
1305 2469 1451 2542 potuisse,

185 2589 339 2648 causaque
360 2574 470 2633 eadem
493 2574 563 2649 ipso
586 2576 712 2633 nomine
734 2577 821 2648 regio
844 2574 989 2634 suscitata
1012 2576 1121 2648 vigore
1140 2582 1170 2632 et
1186 2576 1355 2633 virtutibus
1370 2576 1452 2633 litte·

184 2695 291 2739 rarum
316 2681 528 2755 predictorum
551 2681 750 2740 dominorum
774 2680 965 2754 sigismundi
986 2686 1016 2739 et
1032 2682 1154 2741 Alberti
1178 2696 1296 2753 regum,
1312 2679 1451 2739 felicium

184 2787 496 2857 reminiscenciarum,
513 2786 831 2845 confirmacionalium
855 2795 948 2860 atque
972 2786 1233 2855 donacionalium‚
1248 2787 1364 2859 quibus
1387 2802 1451 2844 me·

185 2891 342 2952 diantibus
372 2892 467 2952 iidem
499 2892 618 2950 domini
649 2908 737 2966 reges
770 2894 959 2967 prescriptas
992 2893 1201 2966 possessiones
1224 2899 1373 2966 tanquam
1395 2908 1450 2949 sua

185 2996 254 3074 jura
276 3001 361 3072 regia
386 3000 555 3075 prenotatis
578 2999 712 3058 dominis
738 2998 776 3058 de
798 3001 937 3074 capitulo
960 3000 1153 3073 zagrabiensi
1177 3004 1385 3072 annotatoque
1406 2999 1451 3057 al·

185 3106 245 3164 tari
267 3112 298 3164 et
320 3108 432 3166 rectori
455 3105 593 3165 eiusdem
617 3121 676 3180 pro
707 3113 848 3179 tempore
880 3106 1046 3162 constituto
1078 3105 1245 3176 dedissent,
1273 3105 1451 3164 annuissent

185 3217 216 3270 et
239 3213 461 3271 consensissent
485 3214 596 3271 merito
619 3213 716 3286 sopiri
740 3217 770 3271 et
793 3211 1007 3283 condescendi,
1027 3218 1225 3285 pretacteqeu
1242 3211 1478 3286 possessiones,

186 3317 354 3391 Kouytyau
376 3326 407 3377 et
429 3319 600 3391 Zwyblyan
625 3320 719 3376 simul
743 3335 813 3376 cum
838 3320 901 3377 suis
926 3320 1121 3393 pertinenciis
1145 3317 1280 3376 antelato
1311 3317 1451 3391 capitulo

185 3424 313 3483 ecclesie
335 3425 542 3499 zagrabiensis
566 3441 621 3499 per
644 3440 896 3499 consequensque
919 3427 1011 3484 altari
1034 3433 1137 3484 sancte
1162 3425 1261 3482 crucis
1285 3424 1317 3482 in
1339 3423 1449 3482 eadem

186 3529 314 3589 fundato
344 3546 463 3605 suoque
496 3533 609 3590 rectori
644 3546 704 3606 pro
738 3538 879 3605 tempore
910 3532 1074 3589 constituto
1100 3539 1249 3604 tanquam
1274 3545 1395 3589 merum
1420 3537 1451 3587 et

185 3637 338 3695 sincerum
361 3635 410 3712 jus
433 3638 616 3696 eorumdem
639 3635 808 3714 adjudicari
832 3642 862 3695 et
884 3638 1018 3710 relinqui
1042 3636 1163 3707 debere,
1188 3637 1277 3694 nobis
1302 3643 1332 3693 et
1363 3650 1449 3693 reve·

185 3743 289 3802 tendis
312 3745 344 3803 in
375 3742 500 3803 Christo
530 3745 673 3817 patribus
707 3743 860 3801 dominis:
890 3742 1091 3817 sigismundo
1126 3741 1448 3816 quinqueecclesiensi,

184 3847 313 3908 Nicolao
336 3851 487 3920 waciensi,
509 3850 648 3931 Jobanne
671 3849 876 3920 chanadiensi,
900 3848 999 3906 altero
1023 3849 1151 3906 Nicolan
1175 3849 1273 3906 electo
1296 3848 1449 3918 tinniensi,

184 3956 384 4014 ecclesiarum
407 3956 577 4030 episcopis;
600 3957 826 4028 Dominicoque
858 3955 994 4013 albensis
1018 3956 1145 4012 ecclesie
1170 3954 1342 4027 preposito;
1375 3954 1447 4011 item

184 4061 373 4135 magnificis:
397 4062 519 4120 Andree
543 4063 581 4120 de
604 4062 718 4120 Bathor
742 4070 771 4119 et
794 4061 924 4119 Nicolao
947 4060 985 4117 de
1009 4061 1208 4131 Hederwara,
1231 4059 1449 4132 magistrisque

184 4168 425 4242 prothonotariis
448 4176 477 4226 et
499 4169 585 4241 regni
607 4168 768 4226 nobilibus
784 4166 865 4225 sedis
883 4165 1044 4243 judiciarie
1060 4166 1267 4224 assessoribus
1284 4165 1448 4223 nobiscum

183 4275 216 4333 in
238 4275 380 4333 examine
404 4290 494 4333 cause
522 4275 673 4348 presentis
696 4274 909 4343 existentibus,
939 4274 1185 4345 agnoscebantur
1215 4271 1388 4328 luculenter
1418 4276 1449 4327 et

183 4382 355 4455 perspicue,
378 4396 436 4455 pro
460 4397 496 4438 eo
520 4381 701 4438 eorumdem
725 4380 923 4438 dominorum
948 4380 1151 4452 prelatorum,
1168 4378 1332 4448 baronum,
1351 4377 1448 4449 magi·

184 4491 330 4558 atrorum,
354 4487 668 4562 prothonotariorum,
693 4489 842 4561 regnique
873 4487 1029 4544 nobilium
1062 4486 1142 4543 dicte
1174 4484 1255 4542 sedis
1285 4481 1448 4559 judiciarie

183 4609 371 4654 assessorum
395 4610 469 4652 sano
500 4602 529 4653 et
553 4595 727 4653 deliberato
758 4595 876 4653 inducti
906 4593 1034 4651 consilio
1065 4592 1295 4664 prenominatas
1325 4604 1448 4662 posses·

183 4703 284 4760 sioner
304 4701 471 4773 Kobylyalr
493 4709 523 4758 et
545 4700 718 4774 Zwyblyan
742 4701 837 4760 simul
861 4716 932 4759 cum
957 4699 1103 4772 pretactis
1127 4697 1256 4770 reliquis
1280 4695 1446 4768 possessio·

182 4807 275 4866 nibus
308 4821 362 4866 seu
397 4808 514 4882 prediis
544 4823 580 4866 ac
611 4809 729 4866 tributo
763 4807 803 4864 ad
834 4806 958 4865 easdem
983 4803 1184 4873 deserviente,
1208 4803 1325 4860 cunctis
1348 4801 1446 4860 eciam

182 4913 253 4973 aliis
273 4915 414 4990 ipsarum
438 4915 624 4973 utilitatibus
640 4915 699 4972 sub
715 4912 897 4972 earumdem
913 4920 1068 4971 metarum
1083 4909 1316 4981 inclusionibus,
1333 4906 1447 4983 quibus
