<?xml version="1.0" encoding="UTF-8"?>
<!DOCTYPE html PUBLIC "-//W3C//DTD XHTML 1.0 Transitional//EN"
    "http://www.w3.org/TR/xhtml1/DTD/xhtml1-transitional.dtd">
<html xmlns="http://www.w3.org/1999/xhtml" xml:lang="en" lang="en">
 <head>
  <title>
</title>
<meta http-equiv="Content-Type" content="text/html;charset=utf-8" />
  <meta name='ocr-system' content='tesseract 3.04.00' />
  <meta name='ocr-capabilities' content='ocr_page ocr_carea ocr_par ocr_line ocrx_word'/>
</head>
<body>
  <div class='ocr_page' id='page_1' title='image "./monumentahistor01laszgoog_0435.png"; bbox 0 0 3278 5348; ppageno 0'>
   <div class='ocr_carea' id='block_1_1' title="bbox 650 393 1454 474">
    <p class='ocr_par' dir='ltr' id='par_1_1' title="bbox 650 393 1454 474">
     <span class='ocr_line' id='line_1_1' title="bbox 650 393 1454 474; baseline 0.001 -18"><span class='ocrx_word' id='word_1_1' title='bbox 650 397 725 456; x_wconf 75' lang='lat' dir='ltr'>Duc.</span> <span class='ocrx_word' id='word_1_2' title='bbox 749 411 816 454; x_wconf 84' lang='lat'><em>122.</em></span> <span class='ocrx_word' id='word_1_3' title='bbox 843 430 880 439; x_wconf 91' lang='lat'>-</span> <span class='ocrx_word' id='word_1_4' title='bbox 907 393 999 474; x_wconf 76' lang='lat'><em>1438.</em></span> <span class='ocrx_word' id='word_1_5' title='bbox 1396 400 1454 469; x_wconf 82' lang='lat'>167</span> 
     </span>
    </p>
   </div>
   <div class='ocr_carea' id='block_1_2' title="bbox 177 613 1457 4952">
    <p class='ocr_par' dir='ltr' id='par_1_2' title="bbox 177 613 1457 4952">
     <span class='ocr_line' id='line_1_2' title="bbox 187 613 1457 688; baseline -0.001 -14"><span class='ocrx_word' id='word_1_6' title='bbox 187 615 342 688; x_wconf 88' lang='lat' dir='ltr'>brensem,</span> <span class='ocrx_word' id='word_1_7' title='bbox 365 615 491 673; x_wconf 90' lang='lat' dir='ltr'>Petrum</span> <span class='ocrx_word' id='word_1_8' title='bbox 516 614 709 686; x_wconf 89' lang='lat' dir='ltr'>Hungarum,</span> <span class='ocrx_word' id='word_1_9' title='bbox 734 613 906 688; x_wconf 85' lang='lat' dir='ltr'>Georgium</span> <span class='ocrx_word' id='word_1_10' title='bbox 930 620 1082 674; x_wconf 85' lang='lat' dir='ltr'>sartorem</span> <span class='ocrx_word' id='word_1_11' title='bbox 1114 621 1144 673; x_wconf 90' lang='lat' dir='ltr'>et</span> <span class='ocrx_word' id='word_1_12' title='bbox 1181 615 1345 673; x_wconf 85' lang='lat' dir='ltr'><strong>Nicolaum</strong></span> <span class='ocrx_word' id='word_1_13' title='bbox 1380 615 1457 673; x_wconf 92' lang='lat' dir='ltr'>alias</span> 
     </span>
     <span class='ocr_line' id='line_1_3' title="bbox 185 720 1454 799; baseline -0.001 -20"><span class='ocrx_word' id='word_1_14' title='bbox 185 720 312 799; x_wconf 83' lang='lat' dir='ltr'>judices,</span> <span class='ocrx_word' id='word_1_15' title='bbox 336 736 452 780; x_wconf 86' lang='lat' dir='ltr'>necnon</span> <span class='ocrx_word' id='word_1_16' title='bbox 476 721 648 779; x_wconf 84' lang='lat' dir='ltr'>Fabianum</span> <span class='ocrx_word' id='word_1_17' title='bbox 665 721 847 791; x_wconf 85' lang='lat' dir='ltr'>litteratum,</span> <span class='ocrx_word' id='word_1_18' title='bbox 864 722 983 794; x_wconf 85' lang='lat' dir='ltr'>Fryche</span> <span class='ocrx_word' id='word_1_19' title='bbox 999 727 1029 779; x_wconf 89' lang='lat' dir='ltr'>et</span> <span class='ocrx_word' id='word_1_20' title='bbox 1045 720 1225 795; x_wconf 83' lang='lat' dir='ltr'>Georgium,</span> <span class='ocrx_word' id='word_1_21' title='bbox 1243 721 1347 779; x_wconf 87' lang='lat' dir='ltr'>filium</span> <span class='ocrx_word' id='word_1_22' title='bbox 1362 722 1454 778; x_wconf 83' lang='lat' dir='ltr'>Fran·</span> 
     </span>
     <span class='ocr_line' id='line_1_4' title="bbox 187 825 1454 904; baseline -0.002 -17"><span class='ocrx_word' id='word_1_23' title='bbox 187 829 261 889; x_wconf 86' lang='lat' dir='ltr'>cisci</span> <span class='ocrx_word' id='word_1_24' title='bbox 284 843 321 886; x_wconf 93' lang='lat' dir='ltr'>ac</span> <span class='ocrx_word' id='word_1_25' title='bbox 346 829 425 886; x_wconf 91' lang='lat' dir='ltr'>alios</span> <span class='ocrx_word' id='word_1_26' title='bbox 447 825 574 903; x_wconf 86' lang='lat' dir='ltr'>juratos,</span> <span class='ocrx_word' id='word_1_27' title='bbox 598 828 681 886; x_wconf 89' lang='lat' dir='ltr'>cives</span> <span class='ocrx_word' id='word_1_28' title='bbox 704 833 734 885; x_wconf 92' lang='lat' dir='ltr'>et</span> <span class='ocrx_word' id='word_1_29' title='bbox 758 829 896 904; x_wconf 86' lang='lat' dir='ltr'>hospites</span> <span class='ocrx_word' id='word_1_30' title='bbox 919 843 955 886; x_wconf 93' lang='lat' dir='ltr'>ac</span> <span class='ocrx_word' id='word_1_31' title='bbox 979 833 1077 886; x_wconf 91' lang='lat' dir='ltr'>totam</span> <span class='ocrx_word' id='word_1_32' title='bbox 1102 830 1360 887; x_wconf 87' lang='lat' dir='ltr'>communitatem</span> <span class='ocrx_word' id='word_1_33' title='bbox 1383 845 1454 904; x_wconf 92' lang='lat' dir='ltr'>pre-</span> 
     </span>
     <span class='ocr_line' id='line_1_5' title="bbox 186 933 1454 994; baseline -0.001 -1"><span class='ocrx_word' id='word_1_34' title='bbox 186 934 266 993; x_wconf 87' lang='lat' dir='ltr'>dicte</span> <span class='ocrx_word' id='word_1_35' title='bbox 290 935 425 993; x_wconf 91' lang='lat' dir='ltr'>civitatis</span> <span class='ocrx_word' id='word_1_36' title='bbox 450 935 564 992; x_wconf 88' lang='lat' dir='ltr'>montis</span> <span class='ocrx_word' id='word_1_37' title='bbox 588 933 751 992; x_wconf 89' lang='lat' dir='ltr'>Grecensis</span> <span class='ocrx_word' id='word_1_38' title='bbox 774 936 806 992; x_wconf 93' lang='lat' dir='ltr'>in</span> <span class='ocrx_word' id='word_1_39' title='bbox 841 934 948 992; x_wconf 88' lang='lat' dir='ltr'>eadem</span> <span class='ocrx_word' id='word_1_40' title='bbox 985 935 1109 992; x_wconf 88' lang='lat' dir='ltr'>civitate</span> <span class='ocrx_word' id='word_1_41' title='bbox 1143 936 1257 994; x_wconf 91' lang='lat' dir='ltr'>montis</span> <span class='ocrx_word' id='word_1_42' title='bbox 1292 934 1454 993; x_wconf 89' lang='lat' dir='ltr'>Grecensis</span> 
     </span>
     <span class='ocr_line' id='line_1_6' title="bbox 186 1040 1455 1115; baseline -0.001 -15"><span class='ocrx_word' id='word_1_43' title='bbox 186 1047 293 1101; x_wconf 83' lang='lat' dir='ltr'>contra</span> <span class='ocrx_word' id='word_1_44' title='bbox 327 1046 507 1100; x_wconf 88' lang='lat' dir='ltr'>annotatum</span> <span class='ocrx_word' id='word_1_45' title='bbox 543 1041 715 1115; x_wconf 90' lang='lat' dir='ltr'>capitulum</span> <span class='ocrx_word' id='word_1_46' title='bbox 751 1042 878 1099; x_wconf 88' lang='lat' dir='ltr'>ecclesie</span> <span class='ocrx_word' id='word_1_47' title='bbox 913 1041 1121 1113; x_wconf 88' lang='lat' dir='ltr'>zagrabiensis</span> <span class='ocrx_word' id='word_1_48' title='bbox 1155 1041 1193 1099; x_wconf 87' lang='lat' dir='ltr'>ad</span> <span class='ocrx_word' id='word_1_49' title='bbox 1229 1046 1354 1099; x_wconf 86' lang='lat' dir='ltr'>octavas</span> <span class='ocrx_word' id='word_1_50' title='bbox 1385 1040 1455 1100; x_wconf 86' lang='lat' dir='ltr'>testi</span> 
     </span>
     <span class='ocr_line' id='line_1_7' title="bbox 185 1147 1454 1221; baseline -0.002 -14"><span class='ocrx_word' id='word_1_51' title='bbox 185 1149 268 1207; x_wconf 88' lang='lat' dir='ltr'>beati</span> <span class='ocrx_word' id='word_1_52' title='bbox 292 1148 420 1221; x_wconf 85' lang='lat' dir='ltr'>Georgii</span> <span class='ocrx_word' id='word_1_53' title='bbox 442 1147 579 1205; x_wconf 91' lang='lat' dir='ltr'>martiris</span> <span class='ocrx_word' id='word_1_54' title='bbox 603 1152 676 1204; x_wconf 99' lang='grc' dir='ltr'>ωηο</span> <span class='ocrx_word' id='word_1_55' title='bbox 707 1152 853 1206; x_wconf 84' lang='lat' dir='ltr'>venturas</span> <span class='ocrx_word' id='word_1_56' title='bbox 889 1148 918 1205; x_wconf 91' lang='lat' dir='ltr'>in</span> <span class='ocrx_word' id='word_1_57' title='bbox 954 1148 1038 1220; x_wconf 88' lang='lat' dir='ltr'>regie</span> <span class='ocrx_word' id='word_1_58' title='bbox 1072 1149 1244 1206; x_wconf 89' lang='lat' dir='ltr'>serenitatis</span> <span class='ocrx_word' id='word_1_59' title='bbox 1275 1154 1454 1205; x_wconf 85' lang='lat' dir='ltr'>evocassent</span> 
     </span>
     <span class='ocr_line' id='line_1_8' title="bbox 185 1253 1453 1329; baseline -0.002 -15"><span class='ocrx_word' id='word_1_60' title='bbox 185 1255 387 1329; x_wconf 86' lang='lat' dir='ltr'>presenciam,</span> <span class='ocrx_word' id='word_1_61' title='bbox 404 1254 560 1312; x_wconf 89' lang='lat' dir='ltr'>racionem</span> <span class='ocrx_word' id='word_1_62' title='bbox 576 1253 615 1311; x_wconf 88' lang='lat' dir='ltr'>de</span> <span class='ocrx_word' id='word_1_63' title='bbox 638 1254 799 1327; x_wconf 90' lang='lat' dir='ltr'>premissis</span> <span class='ocrx_word' id='word_1_64' title='bbox 822 1253 1013 1325; x_wconf 88' lang='lat' dir='ltr'>reddituros;</span> <span class='ocrx_word' id='word_1_65' title='bbox 1037 1254 1075 1311; x_wconf 91' lang='lat' dir='ltr'>ad</span> <span class='ocrx_word' id='word_1_66' title='bbox 1101 1254 1305 1329; x_wconf 88' lang='lat' dir='ltr'>quasquidem</span> <span class='ocrx_word' id='word_1_67' title='bbox 1329 1260 1453 1312; x_wconf 89' lang='lat' dir='ltr'>octavas</span> 
     </span>
     <span class='ocr_line' id='line_1_9' title="bbox 185 1359 1452 1436; baseline -0.002 -15"><span class='ocrx_word' id='word_1_68' title='bbox 185 1362 268 1420; x_wconf 84' lang='lat' dir='ltr'>beati</span> <span class='ocrx_word' id='word_1_69' title='bbox 289 1360 451 1419; x_wconf 81' lang='lat' dir='ltr'>Michaelis</span> <span class='ocrx_word' id='word_1_70' title='bbox 473 1361 652 1432; x_wconf 87' lang='lat' dir='ltr'>archangeli</span> <span class='ocrx_word' id='word_1_71' title='bbox 676 1359 790 1435; x_wconf 79' lang='lat' dir='ltr'>prefati</span> <span class='ocrx_word' id='word_1_72' title='bbox 812 1361 844 1418; x_wconf 91' lang='lat' dir='ltr'>in</span> <span class='ocrx_word' id='word_1_73' title='bbox 875 1375 1000 1418; x_wconf 88' lang='lat' dir='ltr'>causam</span> <span class='ocrx_word' id='word_1_74' title='bbox 1035 1363 1158 1420; x_wconf 87' lang='lat' dir='ltr'>attracti</span> <span class='ocrx_word' id='word_1_75' title='bbox 1182 1379 1238 1436; x_wconf 91' lang='lat' dir='ltr'>per</span> <span class='ocrx_word' id='word_1_76' title='bbox 1269 1366 1452 1419; x_wconf 91' lang='lat' dir='ltr'>annotatum</span> 
     </span>
     <span class='ocr_line' id='line_1_10' title="bbox 184 1466 1451 1543; baseline -0.002 -16"><span class='ocrx_word' id='word_1_77' title='bbox 184 1473 420 1543; x_wconf 90' lang='lat' dir='ltr'>procuratorem</span> <span class='ocrx_word' id='word_1_78' title='bbox 444 1466 518 1525; x_wconf 89' lang='lat' dir='ltr'>dicti</span> <span class='ocrx_word' id='word_1_79' title='bbox 541 1467 670 1541; x_wconf 91' lang='lat' dir='ltr'>capituli</span> <span class='ocrx_word' id='word_1_80' title='bbox 693 1468 725 1525; x_wconf 92' lang='lat' dir='ltr'>in</span> <span class='ocrx_word' id='word_1_81' title='bbox 760 1481 892 1540; x_wconf 90' lang='lat' dir='ltr'>persona</span> <span class='ocrx_word' id='word_1_82' title='bbox 923 1467 1060 1525; x_wconf 92' lang='lat' dir='ltr'>eiusdem</span> <span class='ocrx_word' id='word_1_83' title='bbox 1093 1469 1237 1542; x_wconf 89' lang='lat' dir='ltr'>congruis</span> <span class='ocrx_word' id='word_1_84' title='bbox 1261 1468 1371 1525; x_wconf 90' lang='lat' dir='ltr'>diebus</span> <span class='ocrx_word' id='word_1_85' title='bbox 1405 1469 1451 1541; x_wconf 93' lang='lat' dir='ltr'>ip-</span> 
     </span>
     <span class='ocr_line' id='line_1_11' title="bbox 184 1573 1451 1649; baseline -0.002 -15"><span class='ocrx_word' id='word_1_86' title='bbox 184 1590 289 1634; x_wconf 90' lang='lat' dir='ltr'>sarum</span> <span class='ocrx_word' id='word_1_87' title='bbox 313 1580 496 1632; x_wconf 90' lang='lat' dir='ltr'>octavarum</span> <span class='ocrx_word' id='word_1_88' title='bbox 519 1589 625 1632; x_wconf 90' lang='lat' dir='ltr'>coram</span> <span class='ocrx_word' id='word_1_89' title='bbox 647 1575 717 1648; x_wconf 92' lang='lat' dir='ltr'>ipso</span> <span class='ocrx_word' id='word_1_90' title='bbox 741 1575 854 1632; x_wconf 92' lang='lat' dir='ltr'>comite</span> <span class='ocrx_word' id='word_1_91' title='bbox 890 1575 1024 1632; x_wconf 88' lang='lat' dir='ltr'>ltlathius</span> <span class='ocrx_word' id='word_1_92' title='bbox 1059 1577 1221 1649; x_wconf 87' lang='lat' dir='ltr'>expectati,</span> <span class='ocrx_word' id='word_1_93' title='bbox 1258 1573 1397 1632; x_wconf 91' lang='lat' dir='ltr'>eiusdem</span> <span class='ocrx_word' id='word_1_94' title='bbox 1419 1575 1451 1632; x_wconf 90' lang='lat' dir='ltr'>in</span> 
     </span>
     <span class='ocr_line' id='line_1_12' title="bbox 185 1680 1450 1756; baseline -0.002 -16"><span class='ocrx_word' id='word_1_95' title='bbox 185 1683 378 1756; x_wconf 86' lang='lat' dir='ltr'>presenciam</span> <span class='ocrx_word' id='word_1_96' title='bbox 394 1696 455 1739; x_wconf 91' lang='lat' dir='ltr'>non</span> <span class='ocrx_word' id='word_1_97' title='bbox 471 1681 627 1740; x_wconf 90' lang='lat' dir='ltr'>venissent</span> <span class='ocrx_word' id='word_1_98' title='bbox 638 1697 738 1755; x_wconf 92' lang='lat' dir='ltr'>neque</span> <span class='ocrx_word' id='word_1_99' title='bbox 760 1682 923 1753; x_wconf 88' lang='lat' dir='ltr'>misissent,</span> <span class='ocrx_word' id='word_1_100' title='bbox 949 1697 982 1739; x_wconf 90' lang='lat' dir='ltr'>se</span> <span class='ocrx_word' id='word_1_101' title='bbox 999 1681 1208 1740; x_wconf 89' lang='lat' dir='ltr'>mediantibus</span> <span class='ocrx_word' id='word_1_102' title='bbox 1224 1682 1336 1740; x_wconf 90' lang='lat' dir='ltr'>litteris</span> <span class='ocrx_word' id='word_1_103' title='bbox 1353 1680 1450 1755; x_wconf 91' lang='lat' dir='ltr'>ipsius</span> 
     </span>
     <span class='ocr_line' id='line_1_13' title="bbox 184 1785 1451 1864; baseline -0.002 -17"><span class='ocrx_word' id='word_1_104' title='bbox 184 1786 386 1864; x_wconf 84' lang='lat' dir='ltr'>judicialibus</span> <span class='ocrx_word' id='word_1_105' title='bbox 410 1787 520 1844; x_wconf 88' lang='lat' dir='ltr'>exinde</span> <span class='ocrx_word' id='word_1_106' title='bbox 544 1786 690 1844; x_wconf 82' lang='lat' dir='ltr'>coniectis</span> <span class='ocrx_word' id='word_1_107' title='bbox 715 1788 746 1844; x_wconf 95' lang='lat' dir='ltr'>in</span> <span class='ocrx_word' id='word_1_108' title='bbox 768 1785 885 1863; x_wconf 87' lang='lat' dir='ltr'>judicio</span> <span class='ocrx_word' id='word_1_109' title='bbox 912 1790 1055 1860; x_wconf 88' lang='lat' dir='ltr'>agravari</span> <span class='ocrx_word' id='word_1_110' title='bbox 1082 1790 1304 1862; x_wconf 86' lang='lat' dir='ltr'>permittentes,</span> <span class='ocrx_word' id='word_1_111' title='bbox 1332 1788 1451 1861; x_wconf 87' lang='lat' dir='ltr'>postul-</span> 
     </span>
     <span class='ocr_line' id='line_1_14' title="bbox 183 1892 1451 1967; baseline -0.002 -15"><span class='ocrx_word' id='word_1_112' title='bbox 183 1895 252 1952; x_wconf 89' lang='lat' dir='ltr'>lans</span> <span class='ocrx_word' id='word_1_113' title='bbox 275 1899 460 1967; x_wconf 90' lang='lat' dir='ltr'>procurator</span> <span class='ocrx_word' id='word_1_114' title='bbox 483 1892 558 1951; x_wconf 90' lang='lat' dir='ltr'>dicti</span> <span class='ocrx_word' id='word_1_115' title='bbox 581 1893 710 1966; x_wconf 91' lang='lat' dir='ltr'>capituli</span> <span class='ocrx_word' id='word_1_116' title='bbox 735 1892 836 1951; x_wconf 89' lang='lat' dir='ltr'>eidem</span> <span class='ocrx_word' id='word_1_117' title='bbox 861 1910 897 1951; x_wconf 86' lang='lat' dir='ltr'>ex</span> <span class='ocrx_word' id='word_1_118' title='bbox 914 1898 1003 1967; x_wconf 89' lang='lat' dir='ltr'>parte</span> <span class='ocrx_word' id='word_1_119' title='bbox 1018 1901 1264 1952; x_wconf 89' lang='lat' dir='ltr'>memoratorum</span> <span class='ocrx_word' id='word_1_120' title='bbox 1278 1895 1309 1952; x_wconf 92' lang='lat' dir='ltr'>in</span> <span class='ocrx_word' id='word_1_121' title='bbox 1325 1909 1451 1951; x_wconf 91' lang='lat' dir='ltr'>causam</span> 
     </span>
     <span class='ocr_line' id='line_1_15' title="bbox 186 1999 1449 2075; baseline -0.002 -16"><span class='ocrx_word' id='word_1_122' title='bbox 186 2007 390 2060; x_wconf 90' lang='lat' dir='ltr'>attractorum</span> <span class='ocrx_word' id='word_1_123' title='bbox 415 2016 471 2073; x_wconf 90' lang='lat' dir='ltr'>per</span> <span class='ocrx_word' id='word_1_124' title='bbox 494 2000 599 2072; x_wconf 91' lang='lat' dir='ltr'>ipsum</span> <span class='ocrx_word' id='word_1_125' title='bbox 622 2000 768 2058; x_wconf 90' lang='lat' dir='ltr'>comitem</span> <span class='ocrx_word' id='word_1_126' title='bbox 791 2000 925 2057; x_wconf 85' lang='lat' dir='ltr'>Mathius</span> <span class='ocrx_word' id='word_1_127' title='bbox 949 2000 978 2057; x_wconf 92' lang='lat' dir='ltr'>in</span> <span class='ocrx_word' id='word_1_128' title='bbox 1003 2001 1163 2074; x_wconf 86' lang='lat' dir='ltr'>premissis</span> <span class='ocrx_word' id='word_1_129' title='bbox 1183 1999 1259 2075; x_wconf 88' lang='lat' dir='ltr'>juris</span> <span class='ocrx_word' id='word_1_130' title='bbox 1283 2000 1449 2073; x_wconf 90' lang='lat' dir='ltr'>equitatem</span> 
     </span>
     <span class='ocr_line' id='line_1_16' title="bbox 186 2106 1450 2182; baseline -0.001 -17"><span class='ocrx_word' id='word_1_131' title='bbox 186 2108 351 2182; x_wconf 88' lang='lat' dir='ltr'>impertiri.</span> <span class='ocrx_word' id='word_1_132' title='bbox 374 2108 412 2166; x_wconf 89' lang='lat' dir='ltr'>Et</span> <span class='ocrx_word' id='word_1_133' title='bbox 429 2109 502 2180; x_wconf 91' lang='lat' dir='ltr'>quia</span> <span class='ocrx_word' id='word_1_134' title='bbox 525 2106 619 2165; x_wconf 88' lang='lat' dir='ltr'>iidem</span> <span class='ocrx_word' id='word_1_135' title='bbox 636 2108 668 2165; x_wconf 94' lang='lat' dir='ltr'>in</span> <span class='ocrx_word' id='word_1_136' title='bbox 684 2122 809 2165; x_wconf 90' lang='lat' dir='ltr'>causam</span> <span class='ocrx_word' id='word_1_137' title='bbox 825 2108 947 2165; x_wconf 87' lang='lat' dir='ltr'>attracti</span> <span class='ocrx_word' id='word_1_138' title='bbox 962 2107 1000 2164; x_wconf 91' lang='lat' dir='ltr'>ad</span> <span class='ocrx_word' id='word_1_139' title='bbox 1018 2110 1170 2181; x_wconf 85' lang='lat' dir='ltr'>premissa</span> <span class='ocrx_word' id='word_1_140' title='bbox 1185 2107 1254 2165; x_wconf 92' lang='lat' dir='ltr'>vice</span> <span class='ocrx_word' id='word_1_141' title='bbox 1269 2106 1450 2165; x_wconf 90' lang='lat' dir='ltr'>secundaria</span> 
     </span>
     <span class='ocr_line' id='line_1_17' title="bbox 184 2213 1450 2288; baseline -0.002 -15"><span class='ocrx_word' id='word_1_142' title='bbox 184 2215 307 2273; x_wconf 88' lang='lat' dir='ltr'>evocari</span> <span class='ocrx_word' id='word_1_143' title='bbox 331 2213 520 2286; x_wconf 87' lang='lat' dir='ltr'>debuissent,</span> <span class='ocrx_word' id='word_1_144' title='bbox 545 2229 603 2288; x_wconf 91' lang='lat' dir='ltr'>pro</span> <span class='ocrx_word' id='word_1_145' title='bbox 628 2230 664 2272; x_wconf 88' lang='lat' dir='ltr'>eo</span> <span class='ocrx_word' id='word_1_146' title='bbox 687 2213 772 2272; x_wconf 92' lang='lat' dir='ltr'>idern</span> <span class='ocrx_word' id='word_1_147' title='bbox 806 2230 909 2272; x_wconf 90' lang='lat' dir='ltr'>comes</span> <span class='ocrx_word' id='word_1_148' title='bbox 941 2216 1075 2273; x_wconf 86' lang='lat' dir='ltr'>llathius</span> <span class='ocrx_word' id='word_1_149' title='bbox 1106 2221 1244 2273; x_wconf 88' lang='lat' dir='ltr'>vestram</span> <span class='ocrx_word' id='word_1_150' title='bbox 1276 2215 1450 2271; x_wconf 90' lang='lat' dir='ltr'>amiciciam</span> 
     </span>
     <span class='ocr_line' id='line_1_18' title="bbox 183 2319 1450 2395; baseline -0.002 -15"><span class='ocrx_word' id='word_1_151' title='bbox 183 2321 367 2380; x_wconf 89' lang='lat' dir='ltr'>litteratorie</span> <span class='ocrx_word' id='word_1_152' title='bbox 391 2322 551 2395; x_wconf 82' lang='lat' dir='ltr'>petivisset</span> <span class='ocrx_word' id='word_1_153' title='bbox 575 2319 748 2394; x_wconf 85' lang='lat' dir='ltr'>diligenter,</span> <span class='ocrx_word' id='word_1_154' title='bbox 772 2329 922 2393; x_wconf 90' lang='lat' dir='ltr'>quatenus</span> <span class='ocrx_word' id='word_1_155' title='bbox 945 2327 1085 2379; x_wconf 91' lang='lat' dir='ltr'>vestrum</span> <span class='ocrx_word' id='word_1_156' title='bbox 1109 2322 1273 2379; x_wconf 90' lang='lat' dir='ltr'>mitteretis</span> <span class='ocrx_word' id='word_1_157' title='bbox 1290 2321 1450 2378; x_wconf 90' lang='lat' dir='ltr'>hominem</span> 
     </span>
     <span class='ocr_line' id='line_1_19' title="bbox 183 2425 1450 2503; baseline -0.002 -17"><span class='ocrx_word' id='word_1_158' title='bbox 183 2444 243 2503; x_wconf 91' lang='lat' dir='ltr'>pro</span> <span class='ocrx_word' id='word_1_159' title='bbox 260 2429 437 2486; x_wconf 91' lang='lat' dir='ltr'>testimonio</span> <span class='ocrx_word' id='word_1_160' title='bbox 453 2427 655 2500; x_wconf 86' lang='lat' dir='ltr'>fidedignum,</span> <span class='ocrx_word' id='word_1_161' title='bbox 672 2443 734 2501; x_wconf 89' lang='lat' dir='ltr'>quo</span> <span class='ocrx_word' id='word_1_162' title='bbox 756 2433 897 2501; x_wconf 89' lang='lat' dir='ltr'>presente</span> <span class='ocrx_word' id='word_1_163' title='bbox 920 2429 1015 2486; x_wconf 91' lang='lat' dir='ltr'>homo</span> <span class='ocrx_word' id='word_1_164' title='bbox 1031 2429 1133 2501; x_wconf 85' lang='lat' dir='ltr'>regius</span> <span class='ocrx_word' id='word_1_165' title='bbox 1148 2429 1229 2487; x_wconf 88' lang='lat' dir='ltr'>infra</span> <span class='ocrx_word' id='word_1_166' title='bbox 1244 2425 1450 2485; x_wconf 89' lang='lat' dir='ltr'>declarandus</span> 
     </span>
     <span class='ocr_line' id='line_1_20' title="bbox 184 2533 1446 2608; baseline -0.002 -15"><span class='ocrx_word' id='word_1_167' title='bbox 184 2541 373 2593; x_wconf 89' lang='lat' dir='ltr'>memoratos</span> <span class='ocrx_word' id='word_1_168' title='bbox 396 2536 427 2592; x_wconf 91' lang='lat' dir='ltr'>in</span> <span class='ocrx_word' id='word_1_169' title='bbox 450 2549 575 2593; x_wconf 84' lang='lat' dir='ltr'>causam</span> <span class='ocrx_word' id='word_1_170' title='bbox 599 2539 745 2592; x_wconf 89' lang='lat' dir='ltr'>attractos</span> <span class='ocrx_word' id='word_1_171' title='bbox 769 2533 806 2590; x_wconf 88' lang='lat' dir='ltr'>ad</span> <span class='ocrx_word' id='word_1_172' title='bbox 832 2536 984 2608; x_wconf 88' lang='lat' dir='ltr'>premissa</span> <span class='ocrx_word' id='word_1_173' title='bbox 1007 2544 1113 2593; x_wconf 86' lang='lat' dir='ltr'>contra</span> <span class='ocrx_word' id='word_1_174' title='bbox 1148 2541 1328 2593; x_wconf 88' lang='lat' dir='ltr'>annotatum</span> <span class='ocrx_word' id='word_1_175' title='bbox 1363 2533 1446 2607; x_wconf 89' lang='lat' dir='ltr'>capi·</span> 
     </span>
     <span class='ocr_line' id='line_1_21' title="bbox 183 2640 1449 2715; baseline -0.002 -17"><span class='ocrx_word' id='word_1_176' title='bbox 183 2642 286 2700; x_wconf 92' lang='lat' dir='ltr'>tulum</span> <span class='ocrx_word' id='word_1_177' title='bbox 310 2642 438 2699; x_wconf 91' lang='lat' dir='ltr'>ecclesie</span> <span class='ocrx_word' id='word_1_178' title='bbox 461 2640 669 2713; x_wconf 88' lang='lat' dir='ltr'>zagrabiensis</span> <span class='ocrx_word' id='word_1_179' title='bbox 691 2640 730 2697; x_wconf 94' lang='lat' dir='ltr'>ad</span> <span class='ocrx_word' id='word_1_180' title='bbox 747 2645 873 2697; x_wconf 91' lang='lat' dir='ltr'>octavas</span> <span class='ocrx_word' id='word_1_181' title='bbox 888 2640 959 2698; x_wconf 82' lang='lat' dir='ltr'>testi</span> <span class='ocrx_word' id='word_1_182' title='bbox 974 2641 1219 2715; x_wconf 91' lang='lat' dir='ltr'>Epiphaniarum</span> <span class='ocrx_word' id='word_1_183' title='bbox 1242 2641 1361 2699; x_wconf 91' lang='lat' dir='ltr'>domini</span> <span class='ocrx_word' id='word_1_184' title='bbox 1377 2645 1449 2696; x_wconf 90' lang='lat' dir='ltr'>tunc</span> 
     </span>
     <span class='ocr_line' id='line_1_22' title="bbox 183 2746 1448 2821; baseline -0.003 -15"><span class='ocrx_word' id='word_1_185' title='bbox 183 2754 328 2806; x_wconf 89' lang='lat' dir='ltr'>venturas</span> <span class='ocrx_word' id='word_1_186' title='bbox 351 2748 470 2820; x_wconf 89' lang='lat' dir='ltr'>regiam</span> <span class='ocrx_word' id='word_1_187' title='bbox 494 2752 637 2804; x_wconf 88' lang='lat' dir='ltr'>evocaret</span> <span class='ocrx_word' id='word_1_188' title='bbox 653 2748 684 2803; x_wconf 91' lang='lat' dir='ltr'>in</span> <span class='ocrx_word' id='word_1_189' title='bbox 701 2746 902 2819; x_wconf 90' lang='lat' dir='ltr'>presenciam,</span> <span class='ocrx_word' id='word_1_190' title='bbox 926 2751 955 2804; x_wconf 90' lang='lat' dir='ltr'>et</span> <span class='ocrx_word' id='word_1_191' title='bbox 972 2754 1041 2821; x_wconf 89' lang='lat' dir='ltr'>post</span> <span class='ocrx_word' id='word_1_192' title='bbox 1057 2749 1113 2804; x_wconf 90' lang='lat' dir='ltr'>hec</span> <span class='ocrx_word' id='word_1_193' title='bbox 1136 2749 1233 2821; x_wconf 88' lang='lat' dir='ltr'>ipsius</span> <span class='ocrx_word' id='word_1_194' title='bbox 1257 2747 1448 2804; x_wconf 89' lang='lat' dir='ltr'>evocacionis</span> 
     </span>
     <span class='ocr_line' id='line_1_23' title="bbox 181 2851 1448 2913; baseline -0.003 0"><span class='ocrx_word' id='word_1_195' title='bbox 181 2856 292 2913; x_wconf 88' lang='lat' dir='ltr'>seriem</span> <span class='ocrx_word' id='word_1_196' title='bbox 318 2870 389 2912; x_wconf 90' lang='lat' dir='ltr'>cum</span> <span class='ocrx_word' id='word_1_197' title='bbox 413 2854 591 2911; x_wconf 89' lang='lat' dir='ltr'>nominibus</span> <span class='ocrx_word' id='word_1_198' title='bbox 617 2858 817 2910; x_wconf 89' lang='lat' dir='ltr'>evocatorum</span> <span class='ocrx_word' id='word_1_199' title='bbox 841 2851 879 2909; x_wconf 92' lang='lat' dir='ltr'>ad</span> <span class='ocrx_word' id='word_1_200' title='bbox 903 2860 1028 2911; x_wconf 91' lang='lat' dir='ltr'>octavas</span> <span class='ocrx_word' id='word_1_201' title='bbox 1053 2854 1176 2913; x_wconf 90' lang='lat' dir='ltr'>easdem</span> <span class='ocrx_word' id='word_1_202' title='bbox 1207 2853 1289 2911; x_wconf 89' lang='lat' dir='ltr'>dicto</span> <span class='ocrx_word' id='word_1_203' title='bbox 1321 2852 1448 2910; x_wconf 91' lang='lat' dir='ltr'>domino</span> 
     </span>
     <span class='ocr_line' id='line_1_24' title="bbox 180 2959 1447 3034; baseline -0.002 -14"><span class='ocrx_word' id='word_1_204' title='bbox 180 2968 288 3020; x_wconf 90' lang='lat' dir='ltr'>nostro</span> <span class='ocrx_word' id='word_1_205' title='bbox 310 2962 376 3033; x_wconf 87' lang='lat' dir='ltr'>regi</span> <span class='ocrx_word' id='word_1_206' title='bbox 399 2960 534 3017; x_wconf 89' lang='lat' dir='ltr'>fideliter</span> <span class='ocrx_word' id='word_1_207' title='bbox 557 2960 777 3017; x_wconf 81' lang='lat' dir='ltr'>rescriberetis</span> <span class='ocrx_word' id='word_1_208' title='bbox 812 2960 837 3014; x_wconf 89' lang='lat' dir='ltr'>A</span> <span class='ocrx_word' id='word_1_209' title='bbox 863 2960 1104 3033; x_wconf 88' lang='lat' dir='ltr'>quibusquidem</span> <span class='ocrx_word' id='word_1_210' title='bbox 1128 2962 1246 3017; x_wconf 91' lang='lat' dir='ltr'>octavis</span> <span class='ocrx_word' id='word_1_211' title='bbox 1281 2959 1349 3016; x_wconf 86' lang='lat' dir='ltr'>festi</span> <span class='ocrx_word' id='word_1_212' title='bbox 1376 2960 1447 3034; x_wconf 92' lang='lat' dir='ltr'>Epi·</span> 
     </span>
     <span class='ocr_line' id='line_1_25' title="bbox 181 3064 1446 3143; baseline -0.002 -17"><span class='ocrx_word' id='word_1_213' title='bbox 181 3068 368 3143; x_wconf 88' lang='lat' dir='ltr'>phaniarum</span> <span class='ocrx_word' id='word_1_214' title='bbox 385 3065 504 3123; x_wconf 92' lang='lat' dir='ltr'>domini</span> <span class='ocrx_word' id='word_1_215' title='bbox 519 3065 593 3122; x_wconf 88' lang='lat' dir='ltr'>dum</span> <span class='ocrx_word' id='word_1_216' title='bbox 618 3080 708 3123; x_wconf 91' lang='lat' dir='ltr'>causa</span> <span class='ocrx_word' id='word_1_217' title='bbox 733 3069 874 3140; x_wconf 89' lang='lat' dir='ltr'>parcium</span> <span class='ocrx_word' id='word_1_218' title='bbox 898 3068 1070 3141; x_wconf 87' lang='lat' dir='ltr'>prescripta</span> <span class='ocrx_word' id='word_1_219' title='bbox 1093 3076 1197 3141; x_wconf 90' lang='lat' dir='ltr'>partes</span> <span class='ocrx_word' id='word_1_220' title='bbox 1221 3068 1300 3123; x_wconf 88' lang='lat' dir='ltr'>inter</span> <span class='ocrx_word' id='word_1_221' title='bbox 1323 3064 1446 3123; x_wconf 91' lang='lat' dir='ltr'>easdem</span> 
     </span>
     <span class='ocr_line' id='line_1_26' title="bbox 181 3171 1447 3246; baseline -0.004 -13"><span class='ocrx_word' id='word_1_222' title='bbox 181 3174 321 3233; x_wconf 88' lang='lat' dir='ltr'>seriebus</span> <span class='ocrx_word' id='word_1_223' title='bbox 344 3173 521 3230; x_wconf 91' lang='lat' dir='ltr'>litterarum</span> <span class='ocrx_word' id='word_1_224' title='bbox 546 3171 684 3229; x_wconf 89' lang='lat' dir='ltr'>eiusdem</span> <span class='ocrx_word' id='word_1_225' title='bbox 707 3174 829 3231; x_wconf 93' lang='lat' dir='ltr'>comitis</span> <span class='ocrx_word' id='word_1_226' title='bbox 854 3174 987 3230; x_wconf 85' lang='lat' dir='ltr'>blathius</span> <span class='ocrx_word' id='word_1_227' title='bbox 1011 3173 1305 3246; x_wconf 84' lang='lat' dir='ltr'>prorogatoriarum</span> <span class='ocrx_word' id='word_1_228' title='bbox 1337 3173 1447 3230; x_wconf 89' lang='lat' dir='ltr'>ventil-</span> 
     </span>
     <span class='ocr_line' id='line_1_27' title="bbox 180 3278 1446 3360; baseline -0.002 -21"><span class='ocrx_word' id='word_1_229' title='bbox 180 3281 274 3339; x_wconf 90' lang='lat' dir='ltr'>landa</span> <span class='ocrx_word' id='word_1_230' title='bbox 298 3280 337 3337; x_wconf 88' lang='lat' dir='ltr'>ad</span> <span class='ocrx_word' id='word_1_231' title='bbox 361 3285 486 3337; x_wconf 89' lang='lat' dir='ltr'>octavas</span> <span class='ocrx_word' id='word_1_232' title='bbox 510 3278 580 3336; x_wconf 82' lang='lat' dir='ltr'>festi</span> <span class='ocrx_word' id='word_1_233' title='bbox 603 3279 685 3337; x_wconf 89' lang='lat' dir='ltr'>beati</span> <span class='ocrx_word' id='word_1_234' title='bbox 708 3280 817 3360; x_wconf 90' lang='lat' dir='ltr'>Jacobi</span> <span class='ocrx_word' id='word_1_235' title='bbox 840 3279 976 3353; x_wconf 92' lang='lat' dir='ltr'>apostoli</span> <span class='ocrx_word' id='word_1_236' title='bbox 999 3285 1071 3337; x_wconf 91' lang='grc' dir='ltr'>ωηο</span> <span class='ocrx_word' id='word_1_237' title='bbox 1108 3280 1251 3352; x_wconf 86' lang='lat' dir='ltr'>proxime</span> <span class='ocrx_word' id='word_1_238' title='bbox 1284 3280 1446 3351; x_wconf 90' lang='lat' dir='ltr'>preteritas</span> 
     </span>
     <span class='ocr_line' id='line_1_28' title="bbox 180 3384 1446 3463; baseline -0.003 -17"><span class='ocrx_word' id='word_1_239' title='bbox 180 3387 395 3463; x_wconf 87' lang='lat' dir='ltr'>prorogatorie</span> <span class='ocrx_word' id='word_1_240' title='bbox 419 3385 606 3454; x_wconf 89' lang='lat' dir='ltr'>devenisset;</span> <span class='ocrx_word' id='word_1_241' title='bbox 633 3385 758 3444; x_wconf 89' lang='lat' dir='ltr'>tandem</span> <span class='ocrx_word' id='word_1_242' title='bbox 794 3387 869 3460; x_wconf 91' lang='lat' dir='ltr'>ipsis</span> <span class='ocrx_word' id='word_1_243' title='bbox 892 3387 1010 3443; x_wconf 87' lang='lat' dir='ltr'>octavis</span> <span class='ocrx_word' id='word_1_244' title='bbox 1034 3386 1219 3444; x_wconf 89' lang='lat' dir='ltr'>instantibus</span> <span class='ocrx_word' id='word_1_245' title='bbox 1242 3384 1446 3442; x_wconf 90' lang='lat' dir='ltr'>Lodomerius</span> 
     </span>
     <span class='ocr_line' id='line_1_29' title="bbox 181 3491 1445 3565; baseline -0.003 -14"><span class='ocrx_word' id='word_1_246' title='bbox 181 3492 220 3551; x_wconf 94' lang='lat' dir='ltr'>de</span> <span class='ocrx_word' id='word_1_247' title='bbox 245 3491 428 3549; x_wconf 79' lang='lat' dir='ltr'>Adonovvch</span> <span class='ocrx_word' id='word_1_248' title='bbox 452 3506 509 3565; x_wconf 94' lang='lat' dir='ltr'>pro</span> <span class='ocrx_word' id='word_1_249' title='bbox 533 3497 678 3549; x_wconf 89' lang='lat' dir='ltr'>annotato</span> <span class='ocrx_word' id='word_1_250' title='bbox 702 3493 839 3565; x_wconf 90' lang='lat' dir='ltr'>capitulo</span> <span class='ocrx_word' id='word_1_251' title='bbox 864 3493 991 3549; x_wconf 87' lang='lat' dir='ltr'>ecclesie</span> <span class='ocrx_word' id='word_1_252' title='bbox 1014 3492 1221 3564; x_wconf 86' lang='lat' dir='ltr'>zagrabiensis</span> <span class='ocrx_word' id='word_1_253' title='bbox 1239 3506 1310 3548; x_wconf 90' lang='lat' dir='ltr'>cum</span> <span class='ocrx_word' id='word_1_254' title='bbox 1334 3506 1445 3563; x_wconf 86' lang='lat' dir='ltr'>procu-</span> 
     </span>
     <span class='ocr_line' id='line_1_30' title="bbox 182 3596 1445 3669; baseline -0.002 -12"><span class='ocrx_word' id='word_1_255' title='bbox 182 3599 306 3657; x_wconf 88' lang='lat' dir='ltr'>ratoriis</span> <span class='ocrx_word' id='word_1_256' title='bbox 331 3598 441 3655; x_wconf 89' lang='lat' dir='ltr'>litteris</span> <span class='ocrx_word' id='word_1_257' title='bbox 457 3596 595 3655; x_wconf 89' lang='lat' dir='ltr'>eiusdem</span> <span class='ocrx_word' id='word_1_258' title='bbox 611 3599 642 3654; x_wconf 94' lang='lat' dir='ltr'>in</span> <span class='ocrx_word' id='word_1_259' title='bbox 659 3597 795 3655; x_wconf 87' lang='lat' dir='ltr'>eiusdem</span> <span class='ocrx_word' id='word_1_260' title='bbox 813 3600 935 3655; x_wconf 88' lang='lat' dir='ltr'>comitis</span> <span class='ocrx_word' id='word_1_261' title='bbox 952 3600 1084 3656; x_wconf 85' lang='lat' dir='ltr'>ltlathius</span> <span class='ocrx_word' id='word_1_262' title='bbox 1102 3598 1226 3654; x_wconf 91' lang='lat' dir='ltr'>veniens</span> <span class='ocrx_word' id='word_1_263' title='bbox 1244 3598 1445 3669; x_wconf 87' lang='lat' dir='ltr'>presenciam,</span> 
     </span>
     <span class='ocr_line' id='line_1_31' title="bbox 180 3705 1445 3778; baseline -0.002 -14"><span class='ocrx_word' id='word_1_264' title='bbox 180 3706 300 3764; x_wconf 89' lang='lat' dir='ltr'>litteras</span> <span class='ocrx_word' id='word_1_265' title='bbox 325 3712 442 3762; x_wconf 88' lang='lat' dir='ltr'>vestras</span> <span class='ocrx_word' id='word_1_266' title='bbox 466 3720 560 3778; x_wconf 90' lang='lat' dir='ltr'>super</span> <span class='ocrx_word' id='word_1_267' title='bbox 583 3705 650 3776; x_wconf 92' lang='lat' dir='ltr'>ipsa</span> <span class='ocrx_word' id='word_1_268' title='bbox 673 3707 857 3763; x_wconf 88' lang='lat' dir='ltr'>evocacione</span> <span class='ocrx_word' id='word_1_269' title='bbox 890 3721 908 3762; x_wconf 93' lang='lat' dir='ltr'>a</span> <span class='ocrx_word' id='word_1_270' title='bbox 944 3707 1025 3765; x_wconf 91' lang='lat' dir='ltr'>dicto</span> <span class='ocrx_word' id='word_1_271' title='bbox 1057 3706 1185 3763; x_wconf 92' lang='lat' dir='ltr'>domino</span> <span class='ocrx_word' id='word_1_272' title='bbox 1209 3721 1281 3777; x_wconf 86' lang='lat' dir='ltr'>rege</span> <span class='ocrx_word' id='word_1_273' title='bbox 1313 3705 1445 3778; x_wconf 88' lang='lat' dir='ltr'>rescrip-</span> 
     </span>
     <span class='ocr_line' id='line_1_32' title="bbox 179 3810 1444 3885; baseline -0.003 -15"><span class='ocrx_word' id='word_1_274' title='bbox 179 3812 315 3871; x_wconf 90' lang='lat' dir='ltr'>cionales</span> <span class='ocrx_word' id='word_1_275' title='bbox 339 3810 440 3867; x_wconf 88' lang='lat' dir='ltr'>eidem</span> <span class='ocrx_word' id='word_1_276' title='bbox 464 3816 677 3884; x_wconf 87' lang='lat' dir='ltr'>presentasset,</span> <span class='ocrx_word' id='word_1_277' title='bbox 701 3812 732 3869; x_wconf 94' lang='lat' dir='ltr'>in</span> <span class='ocrx_word' id='word_1_278' title='bbox 757 3813 870 3884; x_wconf 87' lang='lat' dir='ltr'>quibus</span> <span class='ocrx_word' id='word_1_279' title='bbox 893 3813 959 3885; x_wconf 91' lang='lat' dir='ltr'>ipse</span> <span class='ocrx_word' id='word_1_280' title='bbox 992 3828 1048 3884; x_wconf 91' lang='lat' dir='ltr'>per</span> <span class='ocrx_word' id='word_1_281' title='bbox 1079 3813 1262 3869; x_wconf 86' lang='lat' dir='ltr'>hlichaelem</span> <span class='ocrx_word' id='word_1_282' title='bbox 1298 3811 1336 3867; x_wconf 90' lang='lat' dir='ltr'>de</span> <span class='ocrx_word' id='word_1_283' title='bbox 1367 3811 1444 3882; x_wconf 84' lang='lat' dir='ltr'>Kys-</span> 
     </span>
     <span class='ocr_line' id='line_1_33' title="bbox 181 3915 1444 4000; baseline -0.002 -23"><span class='ocrx_word' id='word_1_284' title='bbox 181 3934 258 3991; x_wconf 89' lang='lat' dir='ltr'>gora</span> <span class='ocrx_word' id='word_1_285' title='bbox 282 3917 402 3989; x_wconf 91' lang='lat' dir='ltr'>regium</span> <span class='ocrx_word' id='word_1_286' title='bbox 426 3932 461 3973; x_wconf 89' lang='lat' dir='ltr'>ac</span> <span class='ocrx_word' id='word_1_287' title='bbox 485 3915 651 3974; x_wconf 88' lang='lat' dir='ltr'>discretum</span> <span class='ocrx_word' id='word_1_288' title='bbox 676 3919 778 3974; x_wconf 92' lang='lat' dir='ltr'>virum</span> <span class='ocrx_word' id='word_1_289' title='bbox 808 3919 960 4000; x_wconf 86' lang='lat' dir='ltr'>Jacobum</span> <span class='ocrx_word' id='word_1_290' title='bbox 985 3920 1192 3992; x_wconf 88' lang='lat' dir='ltr'>presbiterum</span> <span class='ocrx_word' id='word_1_291' title='bbox 1215 3918 1301 3975; x_wconf 89' lang='lat' dir='ltr'>chori</span> <span class='ocrx_word' id='word_1_292' title='bbox 1317 3919 1444 3976; x_wconf 86' lang='lat' dir='ltr'>ecclesie</span> 
     </span>
     <span class='ocr_line' id='line_1_34' title="bbox 179 4022 1444 4098; baseline 0.001 -16"><span class='ocrx_word' id='word_1_293' title='bbox 179 4029 281 4082; x_wconf 87' lang='lat' dir='ltr'>vestre</span> <span class='ocrx_word' id='word_1_294' title='bbox 305 4022 556 4097; x_wconf 81' lang='lat' dir='ltr'>prebendarium</span> <span class='ocrx_word' id='word_1_295' title='bbox 589 4030 736 4094; x_wconf 88' lang='lat' dir='ltr'>vestrum,</span> <span class='ocrx_word' id='word_1_296' title='bbox 768 4026 917 4095; x_wconf 70' lang='lat' dir='ltr'>homines</span> <span class='ocrx_word' id='word_1_297' title='bbox 953 4024 1030 4082; x_wconf 80' lang='lat' dir='ltr'>teria</span> <span class='ocrx_word' id='word_1_298' title='bbox 1061 4026 1167 4097; x_wconf 88' lang='lat' dir='ltr'>quinta</span> <span class='ocrx_word' id='word_1_299' title='bbox 1199 4026 1342 4097; x_wconf 84' lang='lat' dir='ltr'>proxima</span> <span class='ocrx_word' id='word_1_300' title='bbox 1374 4033 1444 4098; x_wconf 92' lang='lat' dir='ltr'>post</span> 
     </span>
     <span class='ocr_line' id='line_1_35' title="bbox 179 4130 1443 4205; baseline 0 -17"><span class='ocrx_word' id='word_1_301' title='bbox 179 4130 292 4189; x_wconf 83' lang='lat' dir='ltr'>festum</span> <span class='ocrx_word' id='word_1_302' title='bbox 317 4130 539 4204; x_wconf 85' lang='lat' dir='ltr'>Concepcionis</span> <span class='ocrx_word' id='word_1_303' title='bbox 563 4132 692 4203; x_wconf 88' lang='lat' dir='ltr'>virginis</span> <span class='ocrx_word' id='word_1_304' title='bbox 716 4132 850 4203; x_wconf 88' lang='lat' dir='ltr'>gloriose</span> <span class='ocrx_word' id='word_1_305' title='bbox 874 4133 904 4189; x_wconf 94' lang='lat' dir='ltr'>in</span> <span class='ocrx_word' id='word_1_306' title='bbox 929 4132 1010 4189; x_wconf 90' lang='lat' dir='ltr'>dicto</span> <span class='ocrx_word' id='word_1_307' title='bbox 1041 4147 1120 4188; x_wconf 91' lang='lat' dir='ltr'>anno</span> <span class='ocrx_word' id='word_1_308' title='bbox 1153 4131 1341 4205; x_wconf 77' lang='lat' dir='ltr'>preteritum,</span> <span class='ocrx_word' id='word_1_309' title='bbox 1376 4148 1443 4204; x_wconf 89' lang='lat' dir='ltr'>pre-</span> 
     </span>
     <span class='ocr_line' id='line_1_36' title="bbox 178 4236 1441 4313; baseline 0 -19"><span class='ocrx_word' id='word_1_310' title='bbox 178 4236 258 4296; x_wconf 85' lang='lat' dir='ltr'>fatos</span> <span class='ocrx_word' id='word_1_311' title='bbox 289 4236 490 4310; x_wconf 88' lang='lat' dir='ltr'>Stephanum,</span> <span class='ocrx_word' id='word_1_312' title='bbox 521 4237 624 4295; x_wconf 88' lang='lat' dir='ltr'>filium</span> <span class='ocrx_word' id='word_1_313' title='bbox 655 4239 813 4296; x_wconf 81' lang='lat' dir='ltr'>Michaelis</span> <span class='ocrx_word' id='word_1_314' title='bbox 845 4244 917 4296; x_wconf 91' lang='lat' dir='ltr'>tunc</span> <span class='ocrx_word' id='word_1_315' title='bbox 952 4238 1096 4313; x_wconf 84' lang='lat' dir='ltr'>judicem,</span> <span class='ocrx_word' id='word_1_316' title='bbox 1121 4238 1315 4306; x_wconf 86' lang='lat' dir='ltr'>llichaelem,</span> <span class='ocrx_word' id='word_1_317' title='bbox 1340 4238 1441 4294; x_wconf 90' lang='lat' dir='ltr'>filium</span> 
     </span>
     <span class='ocr_line' id='line_1_37' title="bbox 178 4342 1442 4418; baseline 0.002 -18"><span class='ocrx_word' id='word_1_318' title='bbox 178 4342 358 4412; x_wconf 76' lang='lat' dir='ltr'>Sebastiam,</span> <span class='ocrx_word' id='word_1_319' title='bbox 383 4344 574 4401; x_wconf 82' lang='lat' dir='ltr'>Anthonium</span> <span class='ocrx_word' id='word_1_320' title='bbox 599 4345 752 4418; x_wconf 90' lang='lat' dir='ltr'>italicum,</span> <span class='ocrx_word' id='word_1_321' title='bbox 769 4345 921 4403; x_wconf 87' lang='lat' dir='ltr'>Briccium</span> <span class='ocrx_word' id='word_1_322' title='bbox 943 4347 1183 4415; x_wconf 86' lang='lat' dir='ltr'>Dombreusem,</span> <span class='ocrx_word' id='word_1_323' title='bbox 1208 4345 1332 4401; x_wconf 89' lang='lat' dir='ltr'>Petrum</span> <span class='ocrx_word' id='word_1_324' title='bbox 1356 4345 1442 4402; x_wconf 91' lang='lat' dir='ltr'>llun·</span> 
     </span>
     <span class='ocr_line' id='line_1_38' title="bbox 177 4448 1441 4526; baseline 0 -20"><span class='ocrx_word' id='word_1_325' title='bbox 177 4463 298 4521; x_wconf 87' lang='lat' dir='ltr'>garum,</span> <span class='ocrx_word' id='word_1_326' title='bbox 323 4448 493 4521; x_wconf 82' lang='lat' dir='ltr'>Georgium</span> <span class='ocrx_word' id='word_1_327' title='bbox 516 4457 666 4508; x_wconf 90' lang='lat' dir='ltr'>sartorem</span> <span class='ocrx_word' id='word_1_328' title='bbox 690 4457 719 4507; x_wconf 89' lang='lat' dir='ltr'>et</span> <span class='ocrx_word' id='word_1_329' title='bbox 743 4450 905 4508; x_wconf 88' lang='lat' dir='ltr'>Nicolaum</span> <span class='ocrx_word' id='word_1_330' title='bbox 939 4453 1015 4509; x_wconf 88' lang='lat' dir='ltr'>alias</span> <span class='ocrx_word' id='word_1_331' title='bbox 1046 4450 1172 4526; x_wconf 78' lang='lat' dir='ltr'>judices,</span> <span class='ocrx_word' id='word_1_332' title='bbox 1203 4466 1320 4507; x_wconf 87' lang='lat' dir='ltr'>necnon</span> <span class='ocrx_word' id='word_1_333' title='bbox 1351 4451 1441 4507; x_wconf 79' lang='lat' dir='ltr'>Fabi-</span> 
     </span>
     <span class='ocr_line' id='line_1_39' title="bbox 178 4556 1440 4630; baseline 0.002 -18"><span class='ocrx_word' id='word_1_334' title='bbox 178 4570 272 4613; x_wconf 91' lang='lat' dir='ltr'>anum</span> <span class='ocrx_word' id='word_1_335' title='bbox 308 4556 487 4626; x_wconf 89' lang='lat' dir='ltr'>litteratum,</span> <span class='ocrx_word' id='word_1_336' title='bbox 522 4557 650 4629; x_wconf 87' lang='lat' dir='ltr'>Fryche,</span> <span class='ocrx_word' id='word_1_337' title='bbox 686 4558 831 4628; x_wconf 87' lang='lat' dir='ltr'>Blasium,</span> <span class='ocrx_word' id='word_1_338' title='bbox 856 4559 956 4616; x_wconf 87' lang='lat' dir='ltr'>tilium</span> <span class='ocrx_word' id='word_1_339' title='bbox 989 4558 1180 4630; x_wconf 68' lang='lat' dir='ltr'>ll&#39;ythezych</span> <span class='ocrx_word' id='word_1_340' title='bbox 1205 4565 1234 4615; x_wconf 93' lang='lat' dir='ltr'>et</span> <span class='ocrx_word' id='word_1_341' title='bbox 1262 4557 1440 4629; x_wconf 87' lang='lat' dir='ltr'>Georgium,</span> 
     </span>
     <span class='ocr_line' id='line_1_40' title="bbox 178 4660 1441 4739; baseline 0.003 -20"><span class='ocrx_word' id='word_1_342' title='bbox 178 4660 279 4720; x_wconf 89' lang='lat' dir='ltr'>titium</span> <span class='ocrx_word' id='word_1_343' title='bbox 297 4662 451 4721; x_wconf 86' lang='lat' dir='ltr'>Francisci</span> <span class='ocrx_word' id='word_1_344' title='bbox 467 4668 496 4721; x_wconf 89' lang='lat' dir='ltr'>et</span> <span class='ocrx_word' id='word_1_345' title='bbox 512 4665 590 4722; x_wconf 87' lang='lat' dir='ltr'>alios</span> <span class='ocrx_word' id='word_1_346' title='bbox 609 4663 733 4739; x_wconf 88' lang='lat' dir='ltr'>juratos,</span> <span class='ocrx_word' id='word_1_347' title='bbox 751 4666 895 4739; x_wconf 88' lang='lat' dir='ltr'>hospites,</span> <span class='ocrx_word' id='word_1_348' title='bbox 921 4667 1003 4723; x_wconf 87' lang='lat' dir='ltr'>cives</span> <span class='ocrx_word' id='word_1_349' title='bbox 1027 4670 1169 4722; x_wconf 84' lang='lat' dir='ltr'>ettotam</span> <span class='ocrx_word' id='word_1_350' title='bbox 1187 4665 1441 4723; x_wconf 89' lang='lat' dir='ltr'>communitatem</span> 
     </span>
     <span class='ocr_line' id='line_1_41' title="bbox 178 4768 1438 4830; baseline 0.002 -3"><span class='ocrx_word' id='word_1_351' title='bbox 178 4768 259 4829; x_wconf 90' lang='lat' dir='ltr'>dicte</span> <span class='ocrx_word' id='word_1_352' title='bbox 283 4769 416 4828; x_wconf 88' lang='lat' dir='ltr'>civitatis</span> <span class='ocrx_word' id='word_1_353' title='bbox 440 4771 553 4828; x_wconf 90' lang='lat' dir='ltr'>montis</span> <span class='ocrx_word' id='word_1_354' title='bbox 577 4770 738 4829; x_wconf 89' lang='lat' dir='ltr'>Grecensis</span> <span class='ocrx_word' id='word_1_355' title='bbox 762 4772 792 4829; x_wconf 94' lang='lat' dir='ltr'>in</span> <span class='ocrx_word' id='word_1_356' title='bbox 816 4772 925 4829; x_wconf 87' lang='lat' dir='ltr'>eadem</span> <span class='ocrx_word' id='word_1_357' title='bbox 946 4772 1070 4829; x_wconf 90' lang='lat' dir='ltr'>civitate</span> <span class='ocrx_word' id='word_1_358' title='bbox 1094 4772 1207 4829; x_wconf 89' lang='lat' dir='ltr'>montis</span> <span class='ocrx_word' id='word_1_359' title='bbox 1224 4770 1385 4830; x_wconf 89' lang='lat' dir='ltr'>Grecensis</span> <span class='ocrx_word' id='word_1_360' title='bbox 1401 4771 1438 4829; x_wconf 86' lang='lat' dir='ltr'>ad</span> 
     </span>
     <span class='ocr_line' id='line_1_42' title="bbox 178 4876 1440 4952; baseline 0.002 -18"><span class='ocrx_word' id='word_1_361' title='bbox 178 4876 331 4950; x_wconf 89' lang='lat' dir='ltr'>premissa</span> <span class='ocrx_word' id='word_1_362' title='bbox 355 4881 462 4934; x_wconf 90' lang='lat' dir='ltr'>contra</span> <span class='ocrx_word' id='word_1_363' title='bbox 485 4883 666 4935; x_wconf 87' lang='lat' dir='ltr'>annotatum</span> <span class='ocrx_word' id='word_1_364' title='bbox 691 4880 864 4951; x_wconf 89' lang='lat' dir='ltr'>capitulum</span> <span class='ocrx_word' id='word_1_365' title='bbox 888 4879 1017 4936; x_wconf 87' lang='lat' dir='ltr'>ecclesie</span> <span class='ocrx_word' id='word_1_366' title='bbox 1040 4878 1247 4952; x_wconf 88' lang='lat' dir='ltr'>zagrabiensis</span> <span class='ocrx_word' id='word_1_367' title='bbox 1270 4878 1308 4936; x_wconf 92' lang='lat' dir='ltr'>ad</span> <span class='ocrx_word' id='word_1_368' title='bbox 1341 4878 1440 4938; x_wconf 86' lang='lat' dir='ltr'>dictas</span> 
     </span>
    </p>
   </div>
   <div class='ocr_carea' id='block_1_3' title="bbox 0 0 1644 5348">
    <p class='ocr_par' dir='ltr' id='par_1_3' title="bbox 0 0 1644 5348">
     <span class='ocr_line' id='line_1_43' title="bbox 0 0 1644 5348; baseline 0 4"><span class='ocrx_word' id='word_1_369' title='bbox 0 0 1644 5348; x_wconf 95' lang='lat' dir='ltr'> </span> 
     </span>
    </p>
   </div>
  </div>
 </body>
</html>
