<?xml version="1.0" encoding="UTF-8"?>
<!DOCTYPE html PUBLIC "-//W3C//DTD XHTML 1.0 Transitional//EN"
    "http://www.w3.org/TR/xhtml1/DTD/xhtml1-transitional.dtd">
<html xmlns="http://www.w3.org/1999/xhtml" xml:lang="en" lang="en">
 <head>
  <title>
</title>
<meta http-equiv="Content-Type" content="text/html;charset=utf-8" />
  <meta name='ocr-system' content='tesseract 3.04.00' />
  <meta name='ocr-capabilities' content='ocr_page ocr_carea ocr_par ocr_line ocrx_word'/>
</head>
<body>
  <div class='ocr_page' id='page_1' title='image "./monumentahistor01laszgoog_0584.png"; bbox 0 0 3278 5348; ppageno 0'>
   <div class='ocr_carea' id='block_1_1' title="bbox 185 424 1024 504">
    <p class='ocr_par' dir='ltr' id='par_1_1' title="bbox 185 424 1024 504">
     <span class='ocr_line' id='line_1_1' title="bbox 185 424 1024 504; baseline -0.004 -17"><span class='ocrx_word' id='word_1_1' title='bbox 185 428 246 502; x_wconf 85' lang='lat'>316</span> <span class='ocrx_word' id='word_1_2' title='bbox 596 428 668 485; x_wconf 82' lang='lat' dir='ltr'>Dor.</span> <span class='ocrx_word' id='word_1_3' title='bbox 692 424 762 501; x_wconf 71' lang='lat'>256.</span> <span class='ocrx_word' id='word_1_4' title='bbox 788 460 827 470; x_wconf 94' lang='lat'><em>-</em></span> <span class='ocrx_word' id='word_1_5' title='bbox 852 427 909 484; x_wconf 82' lang='lat' dir='ltr'>An.</span> <span class='ocrx_word' id='word_1_6' title='bbox 935 428 1024 504; x_wconf 76' lang='lat'><em>1407.</em></span> 
     </span>
    </p>
   </div>
   <div class='ocr_carea' id='block_1_2' title="bbox 181 642 1452 4968">
    <p class='ocr_par' dir='ltr' id='par_1_2' title="bbox 181 642 1452 4968">
     <span class='ocr_line' id='line_1_2' title="bbox 183 642 1440 717; baseline -0.002 -16"><span class='ocrx_word' id='word_1_7' title='bbox 183 659 294 702; x_wconf 92' lang='lat' dir='ltr'>norum</span> <span class='ocrx_word' id='word_1_8' title='bbox 318 645 568 717; x_wconf 84' lang='lat' dir='ltr'>congregacionis</span> <span class='ocrx_word' id='word_1_9' title='bbox 591 644 737 703; x_wconf 90' lang='lat' dir='ltr'>videlicet</span> <span class='ocrx_word' id='word_1_10' title='bbox 759 652 873 717; x_wconf 90' lang='lat' dir='ltr'>nostre,</span> <span class='ocrx_word' id='word_1_11' title='bbox 896 645 981 704; x_wconf 81' lang='lat' dir='ltr'>exire</span> <span class='ocrx_word' id='word_1_12' title='bbox 1004 647 1151 715; x_wconf 79' lang='lat' dir='ltr'><strong>nolentes,</strong></span> <span class='ocrx_word' id='word_1_13' title='bbox 1185 642 1389 716; x_wconf 83' lang='lat' dir='ltr'>videntesque</span> <span class='ocrx_word' id='word_1_14' title='bbox 1415 647 1440 700; x_wconf 91' lang='lat' dir='ltr'>et</span> 
     </span>
     <span class='ocr_line' id='line_1_3' title="bbox 182 731 1442 825; baseline -0.001 -17"><span class='ocrx_word' id='word_1_15' title='bbox 182 750 340 809; x_wconf 72' lang='lat' dir='ltr'>audientes</span> <span class='ocrx_word' id='word_1_16' title='bbox 364 759 463 809; x_wconf 87' lang='lat' dir='ltr'>certos</span> <span class='ocrx_word' id='word_1_17' title='bbox 486 750 661 808; x_wconf 83' lang='lat' dir='ltr'>sacerdotes</span> <span class='ocrx_word' id='word_1_18' title='bbox 692 758 823 825; x_wconf 91' lang='lat' dir='ltr'>propter</span> <span class='ocrx_word' id='word_1_19' title='bbox 854 753 985 810; x_wconf 92' lang='lat' dir='ltr'>crimina</span> <span class='ocrx_word' id='word_1_20' title='bbox 1017 731 1212 820; x_wconf 67' lang='lat' dir='ltr'>detentatos,</span> <span class='ocrx_word' id='word_1_21' title='bbox 1229 750 1313 808; x_wconf 86' lang='lat' dir='ltr'>risus</span> <span class='ocrx_word' id='word_1_22' title='bbox 1345 755 1375 807; x_wconf 89' lang='lat' dir='ltr'>et</span> <span class='ocrx_word' id='word_1_23' title='bbox 1401 761 1442 807; x_wconf 79' lang='lat' dir='ltr'>ca·</span> 
     </span>
     <span class='ocr_line' id='line_1_4' title="bbox 181 855 1442 931; baseline -0.002 -17"><span class='ocrx_word' id='word_1_24' title='bbox 181 857 293 930; x_wconf 87' lang='lat' dir='ltr'>phinos</span> <span class='ocrx_word' id='word_1_25' title='bbox 322 857 486 926; x_wconf 85' lang='lat' dir='ltr'>elevantes,</span> <span class='ocrx_word' id='word_1_26' title='bbox 518 856 693 915; x_wconf 87' lang='lat' dir='ltr'>sacerdotes</span> <span class='ocrx_word' id='word_1_27' title='bbox 723 871 832 915; x_wconf 88' lang='lat' dir='ltr'>omnes</span> <span class='ocrx_word' id='word_1_28' title='bbox 862 863 893 916; x_wconf 87' lang='lat' dir='ltr'>et</span> <span class='ocrx_word' id='word_1_29' title='bbox 921 858 1061 931; x_wconf 86' lang='lat' dir='ltr'>singulos</span> <span class='ocrx_word' id='word_1_30' title='bbox 1084 856 1289 925; x_wconf 88' lang='lat' dir='ltr'>deridebant;</span> <span class='ocrx_word' id='word_1_31' title='bbox 1314 855 1442 928; x_wconf 89' lang='lat' dir='ltr'>dumque</span> 
     </span>
     <span class='ocr_line' id='line_1_5' title="bbox 183 962 1442 1036; baseline -0.001 -17"><span class='ocrx_word' id='word_1_32' title='bbox 183 977 237 1019; x_wconf 92' lang='lat' dir='ltr'>nos</span> <span class='ocrx_word' id='word_1_33' title='bbox 268 962 395 1034; x_wconf 88' lang='lat' dir='ltr'>plebani</span> <span class='ocrx_word' id='word_1_34' title='bbox 426 963 591 1035; x_wconf 87' lang='lat' dir='ltr'>prescripti</span> <span class='ocrx_word' id='word_1_35' title='bbox 621 963 703 1020; x_wconf 91' lang='lat' dir='ltr'>ultra</span> <span class='ocrx_word' id='word_1_36' title='bbox 735 977 942 1036; x_wconf 92' lang='lat' dir='ltr'>communem,</span> <span class='ocrx_word' id='word_1_37' title='bbox 974 964 1153 1022; x_wconf 86' lang='lat' dir='ltr'>diuturnam</span> <span class='ocrx_word' id='word_1_38' title='bbox 1185 967 1216 1020; x_wconf 92' lang='lat' dir='ltr'>et</span> <span class='ocrx_word' id='word_1_39' title='bbox 1238 962 1442 1035; x_wconf 89' lang='lat' dir='ltr'>approbatam</span> 
     </span>
     <span class='ocr_line' id='line_1_6' title="bbox 182 1068 1440 1142; baseline -0.001 -18"><span class='ocrx_word' id='word_1_40' title='bbox 182 1068 435 1126; x_wconf 81' lang='lat' dir='ltr'>consuetudinem</span> <span class='ocrx_word' id='word_1_41' title='bbox 459 1070 489 1125; x_wconf 92' lang='lat' dir='ltr'>in</span> <span class='ocrx_word' id='word_1_42' title='bbox 513 1070 581 1142; x_wconf 86' lang='lat' dir='ltr'>ipsa</span> <span class='ocrx_word' id='word_1_43' title='bbox 604 1083 691 1126; x_wconf 90' lang='lat' dir='ltr'>sacra</span> <span class='ocrx_word' id='word_1_44' title='bbox 714 1069 846 1126; x_wconf 93' lang='lat' dir='ltr'>sinodali</span> <span class='ocrx_word' id='word_1_45' title='bbox 871 1068 991 1128; x_wconf 91' lang='lat' dir='ltr'>diucius</span> <span class='ocrx_word' id='word_1_46' title='bbox 1014 1076 1164 1139; x_wconf 91' lang='lat' dir='ltr'>tenemur,</span> <span class='ocrx_word' id='word_1_47' title='bbox 1188 1069 1393 1142; x_wconf 86' lang='lat' dir='ltr'>volentesque</span> <span class='ocrx_word' id='word_1_48' title='bbox 1412 1069 1440 1124; x_wconf 92' lang='lat' dir='ltr'>in</span> 
     </span>
     <span class='ocr_line' id='line_1_7' title="bbox 182 1172 1444 1249; baseline 0 -19"><span class='ocrx_word' id='word_1_49' title='bbox 182 1188 217 1231; x_wconf 84' lang='lat' dir='ltr'>ea</span> <span class='ocrx_word' id='word_1_50' title='bbox 242 1172 395 1232; x_wconf 91' lang='lat' dir='ltr'>mandatis</span> <span class='ocrx_word' id='word_1_51' title='bbox 426 1174 537 1248; x_wconf 81' lang='lat' dir='ltr'>prelati</span> <span class='ocrx_word' id='word_1_52' title='bbox 569 1174 688 1233; x_wconf 89' lang='lat' dir='ltr'>domini</span> <span class='ocrx_word' id='word_1_53' title='bbox 719 1174 866 1248; x_wconf 89' lang='lat' dir='ltr'>Stephani</span> <span class='ocrx_word' id='word_1_54' title='bbox 897 1175 1036 1249; x_wconf 87' lang='lat' dir='ltr'>episcopi</span> <span class='ocrx_word' id='word_1_55' title='bbox 1067 1172 1262 1248; x_wconf 90' lang='lat' dir='ltr'>presidentis,</span> <span class='ocrx_word' id='word_1_56' title='bbox 1293 1181 1329 1231; x_wconf 90' lang='lat' dir='ltr'>ut</span> <span class='ocrx_word' id='word_1_57' title='bbox 1360 1173 1444 1231; x_wconf 85' lang='lat' dir='ltr'>linem</span> 
     </span>
     <span class='ocr_line' id='line_1_8' title="bbox 182 1279 1441 1355; baseline -0.002 -17"><span class='ocrx_word' id='word_1_58' title='bbox 182 1281 368 1352; x_wconf 90' lang='lat' dir='ltr'>videremus,</span> <span class='ocrx_word' id='word_1_59' title='bbox 392 1282 619 1355; x_wconf 90' lang='lat' dir='ltr'>obtemperare,</span> <span class='ocrx_word' id='word_1_60' title='bbox 645 1281 720 1338; x_wconf 92' lang='lat' dir='ltr'>dum</span> <span class='ocrx_word' id='word_1_61' title='bbox 744 1281 856 1338; x_wconf 92' lang='lat' dir='ltr'>ultimo</span> <span class='ocrx_word' id='word_1_62' title='bbox 887 1281 946 1350; x_wconf 89' lang='lat' dir='ltr'>die,</span> <span class='ocrx_word' id='word_1_63' title='bbox 980 1281 1124 1339; x_wconf 90' lang='lat' dir='ltr'>videlicet</span> <span class='ocrx_word' id='word_1_64' title='bbox 1155 1279 1207 1337; x_wconf 91' lang='lat' dir='ltr'>die</span> <span class='ocrx_word' id='word_1_65' title='bbox 1237 1280 1350 1340; x_wconf 84' lang='lat' dir='ltr'>Martis</span> <span class='ocrx_word' id='word_1_66' title='bbox 1378 1283 1441 1354; x_wconf 91' lang='lat' dir='ltr'>post</span> 
     </span>
     <span class='ocr_line' id='line_1_9' title="bbox 183 1386 1444 1462; baseline 0 -19"><span class='ocrx_word' id='word_1_67' title='bbox 183 1386 264 1446; x_wconf 89' lang='lat' dir='ltr'>diem</span> <span class='ocrx_word' id='word_1_68' title='bbox 292 1388 485 1446; x_wconf 66' lang='lat' dir='ltr'>ascensionis</span> <span class='ocrx_word' id='word_1_69' title='bbox 501 1387 621 1445; x_wconf 92' lang='lat' dir='ltr'>domini</span> <span class='ocrx_word' id='word_1_70' title='bbox 646 1388 797 1462; x_wconf 85' lang='lat' dir='ltr'>proxima,</span> <span class='ocrx_word' id='word_1_71' title='bbox 814 1386 853 1443; x_wconf 90' lang='lat' dir='ltr'>ad</span> <span class='ocrx_word' id='word_1_72' title='bbox 870 1387 974 1444; x_wconf 91' lang='lat' dir='ltr'>locum</span> <span class='ocrx_word' id='word_1_73' title='bbox 991 1387 1118 1444; x_wconf 77' lang='lat' dir='ltr'>ecclesie</span> <span class='ocrx_word' id='word_1_74' title='bbox 1134 1390 1300 1460; x_wconf 91' lang='lat' dir='ltr'>prenotate</span> <span class='ocrx_word' id='word_1_75' title='bbox 1316 1386 1444 1453; x_wconf 84' lang='lat' dir='ltr'>solitum,</span> 
     </span>
     <span class='ocr_line' id='line_1_10' title="bbox 182 1489 1443 1567; baseline -0.002 -17"><span class='ocrx_word' id='word_1_76' title='bbox 182 1492 221 1550; x_wconf 89' lang='lat' dir='ltr'>ad</span> <span class='ocrx_word' id='word_1_77' title='bbox 245 1509 355 1551; x_wconf 93' lang='lat' dir='ltr'>sonum</span> <span class='ocrx_word' id='word_1_78' title='bbox 380 1510 490 1567; x_wconf 87' lang='lat' dir='ltr'>magne</span> <span class='ocrx_word' id='word_1_79' title='bbox 513 1509 664 1567; x_wconf 89' lang='lat' dir='ltr'>campane</span> <span class='ocrx_word' id='word_1_80' title='bbox 688 1493 791 1563; x_wconf 90' lang='lat' dir='ltr'>turris,</span> <span class='ocrx_word' id='word_1_81' title='bbox 816 1492 899 1565; x_wconf 92' lang='lat' dir='ltr'>quod</span> <span class='ocrx_word' id='word_1_82' title='bbox 924 1500 989 1549; x_wconf 91' lang='lat' dir='ltr'>erat</span> <span class='ocrx_word' id='word_1_83' title='bbox 1010 1492 1101 1550; x_wconf 89' lang='lat' dir='ltr'>nobis</span> <span class='ocrx_word' id='word_1_84' title='bbox 1124 1489 1322 1562; x_wconf 90' lang='lat' dir='ltr'>mandatum,</span> <span class='ocrx_word' id='word_1_85' title='bbox 1345 1490 1443 1549; x_wconf 89' lang='lat' dir='ltr'>statim</span> 
     </span>
     <span class='ocr_line' id='line_1_11' title="bbox 182 1595 1445 1674; baseline -0.002 -19"><span class='ocrx_word' id='word_1_86' title='bbox 182 1598 263 1656; x_wconf 86' lang='lat' dir='ltr'>iacto</span> <span class='ocrx_word' id='word_1_87' title='bbox 287 1600 419 1674; x_wconf 91' lang='lat' dir='ltr'>prandio</span> <span class='ocrx_word' id='word_1_88' title='bbox 444 1601 703 1670; x_wconf 89' lang='lat' dir='ltr'>convenissemus,</span> <span class='ocrx_word' id='word_1_89' title='bbox 736 1598 880 1671; x_wconf 84' lang='lat' dir='ltr'>foresque</span> <span class='ocrx_word' id='word_1_90' title='bbox 909 1598 1046 1667; x_wconf 88' lang='lat' dir='ltr'>ecclesie,</span> <span class='ocrx_word' id='word_1_91' title='bbox 1077 1614 1115 1656; x_wconf 93' lang='lat' dir='ltr'>ne</span> <span class='ocrx_word' id='word_1_92' title='bbox 1146 1597 1222 1655; x_wconf 91' lang='lat' dir='ltr'>dicti</span> <span class='ocrx_word' id='word_1_93' title='bbox 1252 1595 1445 1656; x_wconf 88' lang='lat' dir='ltr'>sacerdotum</span> 
     </span>
     <span class='ocr_line' id='line_1_12' title="bbox 181 1704 1446 1778; baseline -0.001 -17"><span class='ocrx_word' id='word_1_94' title='bbox 181 1705 298 1763; x_wconf 91' lang='lat' dir='ltr'>inimici</span> <span class='ocrx_word' id='word_1_95' title='bbox 323 1706 395 1764; x_wconf 88' lang='lat' dir='ltr'>laici</span> <span class='ocrx_word' id='word_1_96' title='bbox 419 1706 564 1763; x_wconf 90' lang='lat' dir='ltr'>videlieet</span> <span class='ocrx_word' id='word_1_97' title='bbox 587 1712 617 1763; x_wconf 90' lang='lat' dir='ltr'>et</span> <span class='ocrx_word' id='word_1_98' title='bbox 641 1710 853 1778; x_wconf 87' lang='lat' dir='ltr'>persecutores</span> <span class='ocrx_word' id='word_1_99' title='bbox 876 1705 1033 1775; x_wconf 91' lang='lat' dir='ltr'>intrarent,</span> <span class='ocrx_word' id='word_1_100' title='bbox 1057 1704 1201 1762; x_wconf 86' lang='lat' dir='ltr'>claudere</span> <span class='ocrx_word' id='word_1_101' title='bbox 1233 1704 1446 1770; x_wconf 85' lang='lat' dir='ltr'>voluissemus,</span> 
     </span>
     <span class='ocr_line' id='line_1_13' title="bbox 182 1809 1446 1885; baseline -0.002 -17"><span class='ocrx_word' id='word_1_102' title='bbox 182 1826 217 1868; x_wconf 90' lang='lat' dir='ltr'>ac</span> <span class='ocrx_word' id='word_1_103' title='bbox 239 1812 390 1884; x_wconf 89' lang='lat' dir='ltr'>quosdam</span> <span class='ocrx_word' id='word_1_104' title='bbox 415 1813 490 1870; x_wconf 91' lang='lat' dir='ltr'>certi</span> <span class='ocrx_word' id='word_1_105' title='bbox 514 1829 552 1870; x_wconf 87' lang='lat' dir='ltr'>ex</span> <span class='ocrx_word' id='word_1_106' title='bbox 574 1812 664 1869; x_wconf 91' lang='lat' dir='ltr'>nobis</span> <span class='ocrx_word' id='word_1_107' title='bbox 682 1813 804 1869; x_wconf 89' lang='lat' dir='ltr'>racione</span> <span class='ocrx_word' id='word_1_108' title='bbox 821 1810 1046 1884; x_wconf 91' lang='lat' dir='ltr'>premissorum</span> <span class='ocrx_word' id='word_1_109' title='bbox 1062 1811 1237 1885; x_wconf 91' lang='lat' dir='ltr'>spoliorum</span> <span class='ocrx_word' id='word_1_110' title='bbox 1252 1810 1341 1883; x_wconf 91' lang='lat' dir='ltr'>ipsos</span> <span class='ocrx_word' id='word_1_111' title='bbox 1358 1809 1446 1867; x_wconf 71' lang='lat' dir='ltr'>bicos</span> 
     </span>
     <span class='ocr_line' id='line_1_14' title="bbox 181 1913 1444 1991; baseline -0.002 -18"><span class='ocrx_word' id='word_1_112' title='bbox 181 1918 362 1989; x_wconf 85' lang='lat' dir='ltr'>arguissent,</span> <span class='ocrx_word' id='word_1_113' title='bbox 386 1926 420 1975; x_wconf 97' lang='lat' dir='ltr'>ut</span> <span class='ocrx_word' id='word_1_114' title='bbox 443 1935 492 1976; x_wconf 90' lang='lat' dir='ltr'>res</span> <span class='ocrx_word' id='word_1_115' title='bbox 516 1918 695 1976; x_wconf 92' lang='lat' dir='ltr'>huiusmodi</span> <span class='ocrx_word' id='word_1_116' title='bbox 718 1918 758 1975; x_wconf 91' lang='lat' dir='ltr'>ab</span> <span class='ocrx_word' id='word_1_117' title='bbox 781 1918 857 1991; x_wconf 90' lang='lat' dir='ltr'>ipsis</span> <span class='ocrx_word' id='word_1_118' title='bbox 881 1917 1002 1974; x_wconf 89' lang='lat' dir='ltr'>ablatas</span> <span class='ocrx_word' id='word_1_119' title='bbox 1026 1917 1177 1974; x_wconf 92' lang='lat' dir='ltr'>benevole</span> <span class='ocrx_word' id='word_1_120' title='bbox 1200 1916 1326 1973; x_wconf 91' lang='lat' dir='ltr'>restitui</span> <span class='ocrx_word' id='word_1_121' title='bbox 1348 1913 1444 1987; x_wconf 90' lang='lat' dir='ltr'>requi·</span> 
     </span>
     <span class='ocr_line' id='line_1_15' title="bbox 184 2019 1446 2097; baseline -0.002 -18"><span class='ocrx_word' id='word_1_122' title='bbox 184 2024 302 2093; x_wconf 80' lang='lat' dir='ltr'>sissent,</span> <span class='ocrx_word' id='word_1_123' title='bbox 330 2024 442 2096; x_wconf 87' lang='lat' dir='ltr'>prefati</span> <span class='ocrx_word' id='word_1_124' title='bbox 475 2025 546 2082; x_wconf 89' lang='lat' dir='ltr'>laici</span> <span class='ocrx_word' id='word_1_125' title='bbox 576 2041 647 2081; x_wconf 92' lang='lat' dir='ltr'>curn</span> <span class='ocrx_word' id='word_1_126' title='bbox 678 2023 886 2097; x_wconf 91' lang='lat' dir='ltr'>complicibus</span> <span class='ocrx_word' id='word_1_127' title='bbox 916 2023 979 2079; x_wconf 89' lang='lat' dir='ltr'>suis</span> <span class='ocrx_word' id='word_1_128' title='bbox 1008 2022 1185 2095; x_wconf 88' lang='lat' dir='ltr'>prenotatis,</span> <span class='ocrx_word' id='word_1_129' title='bbox 1210 2021 1327 2094; x_wconf 79' lang='lat' dir='ltr'>gladiis</span> <span class='ocrx_word' id='word_1_130' title='bbox 1349 2019 1446 2091; x_wconf 84' lang='lat' dir='ltr'>evagi-</span> 
     </span>
     <span class='ocr_line' id='line_1_16' title="bbox 181 2127 1444 2204; baseline -0.001 -19"><span class='ocrx_word' id='word_1_131' title='bbox 181 2129 268 2200; x_wconf 80' lang='lat' dir='ltr'>nrtis,</span> <span class='ocrx_word' id='word_1_132' title='bbox 294 2130 414 2187; x_wconf 87' lang='lat' dir='ltr'>balistis</span> <span class='ocrx_word' id='word_1_133' title='bbox 437 2131 647 2204; x_wconf 82' lang='lat' dir='ltr'>apprehensis,</span> <span class='ocrx_word' id='word_1_134' title='bbox 673 2129 770 2187; x_wconf 83' lang='lat' dir='ltr'>clavis</span> <span class='ocrx_word' id='word_1_135' title='bbox 793 2128 901 2186; x_wconf 83' lang='lat' dir='ltr'>ferreis</span> <span class='ocrx_word' id='word_1_136' title='bbox 924 2129 1065 2201; x_wconf 88' lang='lat' dir='ltr'>arreptis,</span> <span class='ocrx_word' id='word_1_137' title='bbox 1089 2128 1142 2185; x_wconf 89' lang='lat' dir='ltr'>alii</span> <span class='ocrx_word' id='word_1_138' title='bbox 1172 2142 1249 2185; x_wconf 91' lang='lat' dir='ltr'>vero</span> <span class='ocrx_word' id='word_1_139' title='bbox 1274 2127 1396 2202; x_wconf 87' lang='lat' dir='ltr'>lapides</span> <span class='ocrx_word' id='word_1_140' title='bbox 1416 2127 1444 2184; x_wconf 91' lang='lat' dir='ltr'>in</span> 
     </span>
     <span class='ocr_line' id='line_1_17' title="bbox 182 2235 1448 2309; baseline -0.002 -18"><span class='ocrx_word' id='word_1_141' title='bbox 182 2250 275 2292; x_wconf 88' lang='lat' dir='ltr'>manu</span> <span class='ocrx_word' id='word_1_142' title='bbox 300 2244 444 2306; x_wconf 91' lang='lat' dir='ltr'>tenentes,</span> <span class='ocrx_word' id='word_1_143' title='bbox 467 2245 615 2309; x_wconf 89' lang='lat' dir='ltr'>tanquam</span> <span class='ocrx_word' id='word_1_144' title='bbox 639 2237 791 2306; x_wconf 87' lang='lat' dir='ltr'>insensati,</span> <span class='ocrx_word' id='word_1_145' title='bbox 816 2250 907 2291; x_wconf 93' lang='lat' dir='ltr'>cursu</span> <span class='ocrx_word' id='word_1_146' title='bbox 931 2235 1040 2303; x_wconf 93' lang='lat' dir='ltr'>veloci,</span> <span class='ocrx_word' id='word_1_147' title='bbox 1063 2249 1119 2291; x_wconf 93' lang='lat' dir='ltr'>nos</span> <span class='ocrx_word' id='word_1_148' title='bbox 1150 2250 1307 2308; x_wconf 89' lang='lat' dir='ltr'>pauperes</span> <span class='ocrx_word' id='word_1_149' title='bbox 1335 2239 1367 2292; x_wconf 90' lang='lat' dir='ltr'>et</span> <span class='ocrx_word' id='word_1_150' title='bbox 1397 2247 1448 2306; x_wconf 83' lang='lat' dir='ltr'>op</span> 
     </span>
     <span class='ocr_line' id='line_1_18' title="bbox 183 2340 1448 2416; baseline -0.002 -18"><span class='ocrx_word' id='word_1_151' title='bbox 183 2357 306 2414; x_wconf 92' lang='lat' dir='ltr'>pressos</span> <span class='ocrx_word' id='word_1_152' title='bbox 336 2344 495 2416; x_wconf 82' lang='lat' dir='ltr'>plebanos,</span> <span class='ocrx_word' id='word_1_153' title='bbox 520 2344 618 2400; x_wconf 93' lang='lat' dir='ltr'>immo</span> <span class='ocrx_word' id='word_1_154' title='bbox 650 2349 680 2400; x_wconf 92' lang='lat' dir='ltr'>et</span> <span class='ocrx_word' id='word_1_155' title='bbox 710 2341 853 2399; x_wconf 90' lang='lat' dir='ltr'>dominos</span> <span class='ocrx_word' id='word_1_156' title='bbox 883 2342 1070 2414; x_wconf 84' lang='lat' dir='ltr'>capitulares</span> <span class='ocrx_word' id='word_1_157' title='bbox 1093 2342 1125 2399; x_wconf 94' lang='lat' dir='ltr'>in</span> <span class='ocrx_word' id='word_1_158' title='bbox 1148 2341 1230 2398; x_wconf 92' lang='lat' dir='ltr'>dicta</span> <span class='ocrx_word' id='word_1_159' title='bbox 1252 2341 1385 2399; x_wconf 89' lang='lat' dir='ltr'>ecclesia</span> <span class='ocrx_word' id='word_1_160' title='bbox 1406 2340 1448 2396; x_wconf 91' lang='lat' dir='ltr'>in·</span> 
     </span>
     <span class='ocr_line' id='line_1_19' title="bbox 183 2446 1445 2521; baseline 0 -18"><span class='ocrx_word' id='word_1_161' title='bbox 183 2449 292 2519; x_wconf 92' lang='lat' dir='ltr'>clusos,</span> <span class='ocrx_word' id='word_1_162' title='bbox 325 2451 421 2506; x_wconf 91' lang='lat' dir='ltr'>nullis</span> <span class='ocrx_word' id='word_1_163' title='bbox 452 2450 565 2506; x_wconf 90' lang='lat' dir='ltr'>nostris</span> <span class='ocrx_word' id='word_1_164' title='bbox 597 2464 652 2505; x_wconf 93' lang='lat' dir='ltr'>nec</span> <span class='ocrx_word' id='word_1_165' title='bbox 682 2448 823 2521; x_wconf 89' lang='lat' dir='ltr'>ipsorum</span> <span class='ocrx_word' id='word_1_166' title='bbox 854 2447 1012 2504; x_wconf 91' lang='lat' dir='ltr'>demeritis</span> <span class='ocrx_word' id='word_1_167' title='bbox 1034 2447 1237 2519; x_wconf 85' lang='lat' dir='ltr'>exigentibus,</span> <span class='ocrx_word' id='word_1_168' title='bbox 1260 2446 1317 2505; x_wconf 92' lang='lat' dir='ltr'>sed</span> <span class='ocrx_word' id='word_1_169' title='bbox 1341 2447 1445 2520; x_wconf 90' lang='lat' dir='ltr'>pocius</span> 
     </span>
     <span class='ocr_line' id='line_1_20' title="bbox 183 2552 1448 2627; baseline -0.002 -16"><span class='ocrx_word' id='word_1_170' title='bbox 183 2555 286 2611; x_wconf 89' lang='lat' dir='ltr'>animo</span> <span class='ocrx_word' id='word_1_171' title='bbox 311 2556 488 2613; x_wconf 89' lang='lat' dir='ltr'>inimicandi</span> <span class='ocrx_word' id='word_1_172' title='bbox 512 2563 542 2612; x_wconf 91' lang='lat' dir='ltr'>et</span> <span class='ocrx_word' id='word_1_173' title='bbox 565 2554 764 2627; x_wconf 88' lang='lat' dir='ltr'>malignandi,</span> <span class='ocrx_word' id='word_1_174' title='bbox 789 2555 968 2611; x_wconf 86' lang='lat' dir='ltr'>invaserunt</span> <span class='ocrx_word' id='word_1_175' title='bbox 984 2559 1014 2610; x_wconf 89' lang='lat' dir='ltr'>et</span> <span class='ocrx_word' id='word_1_176' title='bbox 1030 2568 1101 2611; x_wconf 92' lang='lat' dir='ltr'>cum</span> <span class='ocrx_word' id='word_1_177' title='bbox 1117 2552 1306 2627; x_wconf 91' lang='lat' dir='ltr'>supradictis</span> <span class='ocrx_word' id='word_1_178' title='bbox 1321 2552 1448 2626; x_wconf 91' lang='lat' dir='ltr'>ingeniis</span> 
     </span>
     <span class='ocr_line' id='line_1_21' title="bbox 182 2660 1446 2735; baseline -0.001 -18"><span class='ocrx_word' id='word_1_179' title='bbox 182 2660 248 2718; x_wconf 90' lang='lat' dir='ltr'>dire</span> <span class='ocrx_word' id='word_1_180' title='bbox 272 2668 488 2733; x_wconf 87' lang='lat' dir='ltr'>percusserunt</span> <span class='ocrx_word' id='word_1_181' title='bbox 511 2667 541 2717; x_wconf 92' lang='lat' dir='ltr'>et</span> <span class='ocrx_word' id='word_1_182' title='bbox 562 2662 807 2719; x_wconf 88' lang='lat' dir='ltr'>verberaverunt</span> <span class='ocrx_word' id='word_1_183' title='bbox 822 2661 873 2732; x_wconf 92' lang='lat' dir='ltr'>sic,</span> <span class='ocrx_word' id='word_1_184' title='bbox 891 2660 974 2733; x_wconf 92' lang='lat' dir='ltr'>quod</span> <span class='ocrx_word' id='word_1_185' title='bbox 992 2660 1180 2735; x_wconf 91' lang='lat' dir='ltr'>quibusdam</span> <span class='ocrx_word' id='word_1_186' title='bbox 1198 2676 1318 2732; x_wconf 91' lang='lat' dir='ltr'>manus,</span> <span class='ocrx_word' id='word_1_187' title='bbox 1335 2660 1446 2734; x_wconf 89' lang='lat' dir='ltr'>quibus</span> 
     </span>
     <span class='ocr_line' id='line_1_22' title="bbox 182 2765 1447 2839; baseline 0.001 -17"><span class='ocrx_word' id='word_1_188' title='bbox 182 2766 285 2839; x_wconf 89' lang='lat' dir='ltr'>pedes,</span> <span class='ocrx_word' id='word_1_189' title='bbox 314 2768 428 2838; x_wconf 88' lang='lat' dir='ltr'>quibus</span> <span class='ocrx_word' id='word_1_190' title='bbox 459 2768 565 2836; x_wconf 89' lang='lat' dir='ltr'>latera,</span> <span class='ocrx_word' id='word_1_191' title='bbox 596 2765 785 2838; x_wconf 88' lang='lat' dir='ltr'>quibusdam</span> <span class='ocrx_word' id='word_1_192' title='bbox 816 2766 908 2824; x_wconf 92' lang='lat' dir='ltr'>dorsa</span> <span class='ocrx_word' id='word_1_193' title='bbox 938 2766 1162 2824; x_wconf 91' lang='lat' dir='ltr'>immanissime</span> <span class='ocrx_word' id='word_1_194' title='bbox 1200 2767 1447 2825; x_wconf 88' lang='lat' dir='ltr'>verberaverunt</span> 
     </span>
     <span class='ocr_line' id='line_1_23' title="bbox 182 2871 1448 2946; baseline 0.002 -18"><span class='ocrx_word' id='word_1_195' title='bbox 182 2873 280 2929; x_wconf 89' lang='lat' dir='ltr'>eciam</span> <span class='ocrx_word' id='word_1_196' title='bbox 303 2872 485 2946; x_wconf 82' lang='lat' dir='ltr'>ferensque</span> <span class='ocrx_word' id='word_1_197' title='bbox 508 2873 547 2929; x_wconf 95' lang='lat' dir='ltr'>ad</span> <span class='ocrx_word' id='word_1_198' title='bbox 572 2878 706 2929; x_wconf 92' lang='lat' dir='ltr'>mortem</span> <span class='ocrx_word' id='word_1_199' title='bbox 714 2890 721 2941; x_wconf 93' lang='lat'>;</span> <span class='ocrx_word' id='word_1_200' title='bbox 745 2872 823 2930; x_wconf 90' lang='lat' dir='ltr'>alios</span> <span class='ocrx_word' id='word_1_201' title='bbox 845 2878 948 2928; x_wconf 83' lang='lat' dir='ltr'>autem</span> <span class='ocrx_word' id='word_1_202' title='bbox 972 2871 1224 2942; x_wconf 90' lang='lat' dir='ltr'>vulneraverunt,</span> <span class='ocrx_word' id='word_1_203' title='bbox 1250 2872 1404 2946; x_wconf 90' lang='lat' dir='ltr'>quosdam</span> <span class='ocrx_word' id='word_1_204' title='bbox 1419 2874 1448 2930; x_wconf 94' lang='lat' dir='ltr'>in</span> 
     </span>
     <span class='ocr_line' id='line_1_24' title="bbox 183 2976 1446 3051; baseline 0.002 -17"><span class='ocrx_word' id='word_1_205' title='bbox 183 2976 268 3050; x_wconf 84' lang='lat' dir='ltr'>facie,</span> <span class='ocrx_word' id='word_1_206' title='bbox 292 2980 445 3051; x_wconf 87' lang='lat' dir='ltr'>quosdam</span> <span class='ocrx_word' id='word_1_207' title='bbox 468 2982 498 3036; x_wconf 91' lang='lat' dir='ltr'>in</span> <span class='ocrx_word' id='word_1_208' title='bbox 524 2978 647 3051; x_wconf 87' lang='lat' dir='ltr'>plantis,</span> <span class='ocrx_word' id='word_1_209' title='bbox 672 2977 823 3050; x_wconf 90' lang='lat' dir='ltr'>quosdam</span> <span class='ocrx_word' id='word_1_210' title='bbox 844 2979 874 3035; x_wconf 93' lang='lat' dir='ltr'>in</span> <span class='ocrx_word' id='word_1_211' title='bbox 896 2978 1046 3048; x_wconf 87' lang='lat' dir='ltr'>brachiis;</span> <span class='ocrx_word' id='word_1_212' title='bbox 1064 2979 1245 3050; x_wconf 88' lang='lat' dir='ltr'>sanguinem</span> <span class='ocrx_word' id='word_1_213' title='bbox 1261 2979 1380 3037; x_wconf 88' lang='lat' dir='ltr'>Christi</span> <span class='ocrx_word' id='word_1_214' title='bbox 1402 2994 1446 3037; x_wconf 91' lang='lat' dir='ltr'>sa·</span> 
     </span>
     <span class='ocr_line' id='line_1_25' title="bbox 182 3083 1446 3158; baseline 0 -17"><span class='ocrx_word' id='word_1_215' title='bbox 182 3085 340 3142; x_wconf 88' lang='lat' dir='ltr'>cerdotum</span> <span class='ocrx_word' id='word_1_216' title='bbox 365 3086 578 3143; x_wconf 89' lang='lat' dir='ltr'>crudelissime</span> <span class='ocrx_word' id='word_1_217' title='bbox 604 3100 658 3157; x_wconf 91' lang='lat' dir='ltr'>per</span> <span class='ocrx_word' id='word_1_218' title='bbox 687 3093 784 3141; x_wconf 85' lang='lat' dir='ltr'>totam</span> <span class='ocrx_word' id='word_1_219' title='bbox 816 3083 1008 3140; x_wconf 89' lang='lat' dir='ltr'>effundentes</span> <span class='ocrx_word' id='word_1_220' title='bbox 1039 3084 1211 3154; x_wconf 87' lang='lat' dir='ltr'>ecclesiam,</span> <span class='ocrx_word' id='word_1_221' title='bbox 1243 3083 1282 3140; x_wconf 92' lang='lat' dir='ltr'>de</span> <span class='ocrx_word' id='word_1_222' title='bbox 1313 3099 1446 3158; x_wconf 87' lang='lat' dir='ltr'>quorum</span> 
     </span>
     <span class='ocr_line' id='line_1_26' title="bbox 182 3188 1446 3261; baseline 0.003 -15"><span class='ocrx_word' id='word_1_223' title='bbox 182 3206 311 3247; x_wconf 90' lang='lat' dir='ltr'>numero</span> <span class='ocrx_word' id='word_1_224' title='bbox 335 3209 413 3248; x_wconf 87' lang='lat' dir='ltr'>unus</span> <span class='ocrx_word' id='word_1_225' title='bbox 437 3198 579 3249; x_wconf 92' lang='lat' dir='ltr'>mortuus</span> <span class='ocrx_word' id='word_1_226' title='bbox 609 3196 663 3260; x_wconf 91' lang='lat' dir='ltr'>est,</span> <span class='ocrx_word' id='word_1_227' title='bbox 695 3190 787 3246; x_wconf 91' lang='lat' dir='ltr'>multi</span> <span class='ocrx_word' id='word_1_228' title='bbox 816 3204 891 3246; x_wconf 90' lang='lat' dir='ltr'>vero</span> <span class='ocrx_word' id='word_1_229' title='bbox 921 3189 1103 3261; x_wconf 84' lang='lat' dir='ltr'>languentes</span> <span class='ocrx_word' id='word_1_230' title='bbox 1126 3196 1260 3247; x_wconf 90' lang='lat' dir='ltr'>mortem</span> <span class='ocrx_word' id='word_1_231' title='bbox 1285 3188 1324 3248; x_wconf 90' lang='lat' dir='ltr'>de</span> <span class='ocrx_word' id='word_1_232' title='bbox 1347 3190 1398 3249; x_wconf 90' lang='lat' dir='ltr'>die</span> <span class='ocrx_word' id='word_1_233' title='bbox 1418 3192 1446 3250; x_wconf 92' lang='lat' dir='ltr'>in</span> 
     </span>
     <span class='ocr_line' id='line_1_27' title="bbox 183 3295 1448 3369; baseline 0.001 -17"><span class='ocrx_word' id='word_1_234' title='bbox 183 3297 264 3354; x_wconf 88' lang='lat' dir='ltr'>diem</span> <span class='ocrx_word' id='word_1_235' title='bbox 290 3299 544 3369; x_wconf 77' lang='lat' dir='ltr'>prestolarentur.</span> <span class='ocrx_word' id='word_1_236' title='bbox 568 3298 605 3352; x_wconf 83' lang='lat' dir='ltr'>Et</span> <span class='ocrx_word' id='word_1_237' title='bbox 628 3296 704 3352; x_wconf 90' lang='lat' dir='ltr'>dum</span> <span class='ocrx_word' id='word_1_238' title='bbox 728 3297 784 3353; x_wconf 91' lang='lat' dir='ltr'>hec</span> <span class='ocrx_word' id='word_1_239' title='bbox 808 3295 996 3352; x_wconf 89' lang='lat' dir='ltr'>reverendus</span> <span class='ocrx_word' id='word_1_240' title='bbox 1020 3302 1117 3369; x_wconf 84' lang='lat' dir='ltr'>pater,</span> <span class='ocrx_word' id='word_1_241' title='bbox 1142 3295 1281 3369; x_wconf 84' lang='lat' dir='ltr'>prelatus</span> <span class='ocrx_word' id='word_1_242' title='bbox 1305 3296 1448 3356; x_wconf 87' lang='lat' dir='ltr'>videlicet</span> 
     </span>
     <span class='ocr_line' id='line_1_28' title="bbox 182 3393 1445 3479; baseline 0.001 -19"><span class='ocrx_word' id='word_1_243' title='bbox 182 3403 327 3460; x_wconf 91' lang='lat' dir='ltr'>dominus</span> <span class='ocrx_word' id='word_1_244' title='bbox 351 3403 523 3475; x_wconf 87' lang='lat' dir='ltr'>Stephanus</span> <span class='ocrx_word' id='word_1_245' title='bbox 547 3403 710 3475; x_wconf 86' lang='lat' dir='ltr'>episcopus</span> <span class='ocrx_word' id='word_1_246' title='bbox 734 3408 763 3458; x_wconf 92' lang='lat' dir='ltr'>et</span> <span class='ocrx_word' id='word_1_247' title='bbox 787 3401 946 3474; x_wconf 89' lang='lat' dir='ltr'>presidens</span> <span class='ocrx_word' id='word_1_248' title='bbox 962 3402 1195 3474; x_wconf 89' lang='lat' dir='ltr'>pontificalibus</span> <span class='ocrx_word' id='word_1_249' title='bbox 1211 3393 1338 3460; x_wconf 88' lang='lat' dir='ltr'>indutus</span> <span class='ocrx_word' id='word_1_250' title='bbox 1354 3419 1445 3479; x_wconf 89' lang='lat' dir='ltr'>appa·</span> 
     </span>
     <span class='ocr_line' id='line_1_29' title="bbox 181 3507 1447 3580; baseline 0.002 -13"><span class='ocrx_word' id='word_1_251' title='bbox 181 3511 338 3578; x_wconf 79' lang='lat' dir='ltr'>ramentis,</span> <span class='ocrx_word' id='word_1_252' title='bbox 364 3510 512 3580; x_wconf 87' lang='lat' dir='ltr'>premissa</span> <span class='ocrx_word' id='word_1_253' title='bbox 536 3508 646 3564; x_wconf 87' lang='lat' dir='ltr'>sedare</span> <span class='ocrx_word' id='word_1_254' title='bbox 669 3507 818 3564; x_wconf 91' lang='lat' dir='ltr'>voluisset</span> <span class='ocrx_word' id='word_1_255' title='bbox 841 3515 870 3565; x_wconf 90' lang='lat' dir='ltr'>et</span> <span class='ocrx_word' id='word_1_256' title='bbox 895 3508 956 3580; x_wconf 91' lang='lat' dir='ltr'>ipsi</span> <span class='ocrx_word' id='word_1_257' title='bbox 987 3507 1096 3565; x_wconf 92' lang='lat' dir='ltr'>sinodo</span> <span class='ocrx_word' id='word_1_258' title='bbox 1127 3507 1223 3565; x_wconf 84' lang='lat' dir='ltr'>finem</span> <span class='ocrx_word' id='word_1_259' title='bbox 1254 3525 1328 3566; x_wconf 92' lang='lat' dir='ltr'>curn</span> <span class='ocrx_word' id='word_1_260' title='bbox 1362 3511 1447 3569; x_wconf 89' lang='lat' dir='ltr'>bene·</span> 
     </span>
     <span class='ocr_line' id='line_1_30' title="bbox 182 3613 1446 3690; baseline 0.001 -17"><span class='ocrx_word' id='word_1_261' title='bbox 182 3616 319 3673; x_wconf 80' lang='lat' dir='ltr'>diceione</span> <span class='ocrx_word' id='word_1_262' title='bbox 350 3617 517 3686; x_wconf 87' lang='lat' dir='ltr'>imponere,</span> <span class='ocrx_word' id='word_1_263' title='bbox 549 3613 678 3687; x_wconf 83' lang='lat' dir='ltr'>sepefati</span> <span class='ocrx_word' id='word_1_264' title='bbox 711 3613 861 3670; x_wconf 89' lang='lat' dir='ltr'>satellites</span> <span class='ocrx_word' id='word_1_265' title='bbox 905 3628 967 3672; x_wconf 94' lang='lat' dir='ltr'>non</span> <span class='ocrx_word' id='word_1_266' title='bbox 998 3613 1103 3671; x_wconf 92' lang='lat' dir='ltr'>solum</span> <span class='ocrx_word' id='word_1_267' title='bbox 1134 3614 1193 3687; x_wconf 91' lang='lat' dir='ltr'>ipsi</span> <span class='ocrx_word' id='word_1_268' title='bbox 1225 3614 1355 3674; x_wconf 90' lang='lat' dir='ltr'>domino</span> <span class='ocrx_word' id='word_1_269' title='bbox 1387 3617 1446 3690; x_wconf 90' lang='lat' dir='ltr'>epi·</span> 
     </span>
     <span class='ocr_line' id='line_1_31' title="bbox 181 3719 1446 3796; baseline 0.002 -18"><span class='ocrx_word' id='word_1_270' title='bbox 181 3737 275 3794; x_wconf 85' lang='lat' dir='ltr'>scopu</span> <span class='ocrx_word' id='word_1_271' title='bbox 298 3737 398 3792; x_wconf 87' lang='lat' dir='ltr'>neque</span> <span class='ocrx_word' id='word_1_272' title='bbox 421 3722 519 3777; x_wconf 86' lang='lat' dir='ltr'>altero</span> <span class='ocrx_word' id='word_1_273' title='bbox 542 3722 625 3776; x_wconf 89' lang='lat' dir='ltr'>clero</span> <span class='ocrx_word' id='word_1_274' title='bbox 649 3720 838 3792; x_wconf 90' lang='lat' dir='ltr'>dignissimo,</span> <span class='ocrx_word' id='word_1_275' title='bbox 862 3720 916 3777; x_wconf 92' lang='lat' dir='ltr'>sed</span> <span class='ocrx_word' id='word_1_276' title='bbox 941 3727 971 3777; x_wconf 85' lang='lat' dir='ltr'>et</span> <span class='ocrx_word' id='word_1_277' title='bbox 993 3721 1135 3794; x_wconf 90' lang='lat' dir='ltr'>corporis</span> <span class='ocrx_word' id='word_1_278' title='bbox 1159 3719 1309 3780; x_wconf 88' lang='lat' dir='ltr'>dominici</span> <span class='ocrx_word' id='word_1_279' title='bbox 1343 3723 1374 3781; x_wconf 89' lang='lat' dir='ltr'>ln</span> <span class='ocrx_word' id='word_1_280' title='bbox 1405 3726 1446 3796; x_wconf 84' lang='lat' dir='ltr'>ip·</span> 
     </span>
     <span class='ocr_line' id='line_1_32' title="bbox 181 3828 1446 3901; baseline 0 -16"><span class='ocrx_word' id='word_1_281' title='bbox 181 3844 287 3886; x_wconf 89' lang='lat' dir='ltr'>sorum</span> <span class='ocrx_word' id='word_1_282' title='bbox 319 3838 444 3900; x_wconf 86' lang='lat' dir='ltr'>aspectu</span> <span class='ocrx_word' id='word_1_283' title='bbox 476 3828 633 3884; x_wconf 83' lang='lat' dir='ltr'>existentis</span> <span class='ocrx_word' id='word_1_284' title='bbox 666 3828 827 3895; x_wconf 86' lang='lat' dir='ltr'>irreveriti,</span> <span class='ocrx_word' id='word_1_285' title='bbox 859 3828 938 3884; x_wconf 88' lang='lat' dir='ltr'>alios</span> <span class='ocrx_word' id='word_1_286' title='bbox 971 3828 1102 3884; x_wconf 89' lang='lat' dir='ltr'>insultus</span> <span class='ocrx_word' id='word_1_287' title='bbox 1141 3828 1261 3899; x_wconf 88' lang='lat' dir='ltr'>peiores</span> <span class='ocrx_word' id='word_1_288' title='bbox 1294 3829 1446 3901; x_wconf 88' lang='lat' dir='ltr'>prioribus</span> 
     </span>
     <span class='ocr_line' id='line_1_33' title="bbox 183 3933 1445 4009; baseline 0.001 -18"><span class='ocrx_word' id='word_1_289' title='bbox 183 3933 281 3991; x_wconf 80' lang='lat' dir='ltr'>tacere</span> <span class='ocrx_word' id='word_1_290' title='bbox 306 3950 366 3991; x_wconf 94' lang='lat' dir='ltr'>non</span> <span class='ocrx_word' id='word_1_291' title='bbox 391 3935 596 4002; x_wconf 87' lang='lat' dir='ltr'>erubuerunt;</span> <span class='ocrx_word' id='word_1_292' title='bbox 621 3942 650 3989; x_wconf 89' lang='lat' dir='ltr'>ct</span> <span class='ocrx_word' id='word_1_293' title='bbox 674 3933 732 3989; x_wconf 87' lang='lat' dir='ltr'>nisi</span> <span class='ocrx_word' id='word_1_294' title='bbox 754 3934 821 4005; x_wconf 89' lang='lat' dir='ltr'>ipse</span> <span class='ocrx_word' id='word_1_295' title='bbox 844 3933 989 3990; x_wconf 90' lang='lat' dir='ltr'>dominus</span> <span class='ocrx_word' id='word_1_296' title='bbox 1006 3933 1181 4005; x_wconf 87' lang='lat' dir='ltr'>Stephanus</span> <span class='ocrx_word' id='word_1_297' title='bbox 1197 3935 1365 4008; x_wconf 88' lang='lat' dir='ltr'>episcopus</span> <span class='ocrx_word' id='word_1_298' title='bbox 1383 3949 1445 4009; x_wconf 86' lang='lat' dir='ltr'>pre·</span> 
     </span>
     <span class='ocr_line' id='line_1_34' title="bbox 182 4039 1446 4112; baseline 0 -16"><span class='ocrx_word' id='word_1_299' title='bbox 182 4041 285 4098; x_wconf 81' lang='lat' dir='ltr'>sidens</span> <span class='ocrx_word' id='word_1_300' title='bbox 309 4043 339 4097; x_wconf 92' lang='lat' dir='ltr'>in</span> <span class='ocrx_word' id='word_1_301' title='bbox 365 4041 467 4097; x_wconf 91' lang='lat' dir='ltr'>locum</span> <span class='ocrx_word' id='word_1_302' title='bbox 484 4042 622 4097; x_wconf 86' lang='lat' dir='ltr'>sacristic</span> <span class='ocrx_word' id='word_1_303' title='bbox 640 4057 698 4097; x_wconf 87' lang='lat' dir='ltr'>una</span> <span class='ocrx_word' id='word_1_304' title='bbox 722 4056 793 4096; x_wconf 90' lang='lat' dir='ltr'>curn</span> <span class='ocrx_word' id='word_1_305' title='bbox 811 4041 901 4097; x_wconf 88' lang='lat' dir='ltr'>certis</span> <span class='ocrx_word' id='word_1_306' title='bbox 918 4039 1052 4097; x_wconf 90' lang='lat' dir='ltr'>dominis</span> <span class='ocrx_word' id='word_1_307' title='bbox 1068 4039 1297 4112; x_wconf 89' lang='lat' dir='ltr'>capitularibus</span> <span class='ocrx_word' id='word_1_308' title='bbox 1312 4041 1446 4100; x_wconf 90' lang='lat' dir='ltr'>reclusus</span> 
     </span>
     <span class='ocr_line' id='line_1_35' title="bbox 181 4145 1445 4218; baseline -0.001 -16"><span class='ocrx_word' id='word_1_309' title='bbox 181 4146 295 4217; x_wconf 83' lang='lat' dir='ltr'>luisset,</span> <span class='ocrx_word' id='word_1_310' title='bbox 315 4162 375 4203; x_wconf 91' lang='lat' dir='ltr'>non</span> <span class='ocrx_word' id='word_1_311' title='bbox 398 4146 515 4218; x_wconf 89' lang='lat' dir='ltr'>absque</span> <span class='ocrx_word' id='word_1_312' title='bbox 533 4147 671 4218; x_wconf 90' lang='lat' dir='ltr'>periculo</span> <span class='ocrx_word' id='word_1_313' title='bbox 688 4162 741 4202; x_wconf 92' lang='lat' dir='ltr'>sue</span> <span class='ocrx_word' id='word_1_314' title='bbox 758 4145 916 4216; x_wconf 84' lang='lat' dir='ltr'>dignitatis</span> <span class='ocrx_word' id='word_1_315' title='bbox 932 4145 1085 4203; x_wconf 85' lang='lat' dir='ltr'>exivisset.</span> <span class='ocrx_word' id='word_1_316' title='bbox 1102 4146 1147 4202; x_wconf 87' lang='lat' dir='ltr'>Ex</span> <span class='ocrx_word' id='word_1_317' title='bbox 1164 4145 1280 4218; x_wconf 90' lang='lat' dir='ltr'>quibus</span> <span class='ocrx_word' id='word_1_318' title='bbox 1304 4148 1445 4205; x_wconf 89' lang='lat' dir='ltr'>omnibus</span> 
     </span>
     <span class='ocr_line' id='line_1_36' title="bbox 181 4252 1446 4325; baseline 0 -17"><span class='ocrx_word' id='word_1_319' title='bbox 181 4252 225 4308; x_wconf 90' lang='lat' dir='ltr'>sic</span> <span class='ocrx_word' id='word_1_320' title='bbox 247 4254 389 4324; x_wconf 89' lang='lat' dir='ltr'>nequiter</span> <span class='ocrx_word' id='word_1_321' title='bbox 415 4254 543 4325; x_wconf 85' lang='lat' dir='ltr'>patratis</span> <span class='ocrx_word' id='word_1_322' title='bbox 567 4254 684 4310; x_wconf 88' lang='lat' dir='ltr'>intinita</span> <span class='ocrx_word' id='word_1_323' title='bbox 711 4252 856 4308; x_wconf 87' lang='lat' dir='ltr'>scandala</span> <span class='ocrx_word' id='word_1_324' title='bbox 880 4254 909 4309; x_wconf 94' lang='lat' dir='ltr'>in</span> <span class='ocrx_word' id='word_1_325' title='bbox 934 4254 1017 4309; x_wconf 92' lang='lat' dir='ltr'>clero</span> <span class='ocrx_word' id='word_1_326' title='bbox 1040 4258 1149 4309; x_wconf 87' lang='lat' dir='ltr'>exorta</span> <span class='ocrx_word' id='word_1_327' title='bbox 1172 4260 1244 4309; x_wconf 94' lang='lat' dir='ltr'>sunt</span> <span class='ocrx_word' id='word_1_328' title='bbox 1267 4262 1298 4311; x_wconf 91' lang='lat' dir='ltr'>et</span> <span class='ocrx_word' id='word_1_329' title='bbox 1322 4255 1446 4311; x_wconf 90' lang='lat' dir='ltr'>ecclesie</span> 
     </span>
     <span class='ocr_line' id='line_1_37' title="bbox 181 4358 1448 4434; baseline 0.002 -21"><span class='ocrx_word' id='word_1_330' title='bbox 181 4366 284 4414; x_wconf 89' lang='lat' dir='ltr'>sancte</span> <span class='ocrx_word' id='word_1_331' title='bbox 301 4358 411 4415; x_wconf 80' lang='lat' dir='ltr'>iniuria</span> <span class='ocrx_word' id='word_1_332' title='bbox 427 4359 617 4430; x_wconf 76' lang='lat' dir='ltr'>gravissima.</span> <span class='ocrx_word' id='word_1_333' title='bbox 637 4359 765 4430; x_wconf 84' lang='lat' dir='ltr'>illisque</span> <span class='ocrx_word' id='word_1_334' title='bbox 781 4359 942 4416; x_wconf 86' lang='lat' dir='ltr'>maleficiis</span> <span class='ocrx_word' id='word_1_335' title='bbox 960 4358 1139 4431; x_wconf 91' lang='lat' dir='ltr'>prescriptis</span> <span class='ocrx_word' id='word_1_336' title='bbox 1156 4373 1219 4414; x_wconf 93' lang='lat' dir='ltr'>non</span> <span class='ocrx_word' id='word_1_337' title='bbox 1235 4361 1372 4418; x_wconf 91' lang='lat' dir='ltr'>contenti</span> <span class='ocrx_word' id='word_1_338' title='bbox 1384 4374 1448 4434; x_wconf 90' lang='lat' dir='ltr'>pre·</span> 
     </span>
     <span class='ocr_line' id='line_1_38' title="bbox 182 4462 1449 4539; baseline 0.005 -21"><span class='ocrx_word' id='word_1_339' title='bbox 182 4462 236 4520; x_wconf 82' lang='lat' dir='ltr'>lati</span> <span class='ocrx_word' id='word_1_340' title='bbox 256 4465 364 4521; x_wconf 90' lang='lat' dir='ltr'>Petrus</span> <span class='ocrx_word' id='word_1_341' title='bbox 388 4465 426 4522; x_wconf 90' lang='lat' dir='ltr'>de</span> <span class='ocrx_word' id='word_1_342' title='bbox 440 4465 603 4535; x_wconf 79' lang='lat' dir='ltr'>Gudoucz,</span> <span class='ocrx_word' id='word_1_343' title='bbox 621 4466 754 4521; x_wconf 89' lang='lat' dir='ltr'>vicarius</span> <span class='ocrx_word' id='word_1_344' title='bbox 771 4467 964 4539; x_wconf 87' lang='lat' dir='ltr'>temporalis,</span> <span class='ocrx_word' id='word_1_345' title='bbox 981 4466 1143 4524; x_wconf 90' lang='lat' dir='ltr'>Ladislaus</span> <span class='ocrx_word' id='word_1_346' title='bbox 1160 4464 1199 4522; x_wconf 91' lang='lat' dir='ltr'>de</span> <span class='ocrx_word' id='word_1_347' title='bbox 1220 4464 1356 4536; x_wconf 88' lang='lat' dir='ltr'>Greben,</span> <span class='ocrx_word' id='word_1_348' title='bbox 1374 4467 1449 4524; x_wconf 86' lang='lat' dir='ltr'>vice·</span> 
     </span>
     <span class='ocr_line' id='line_1_39' title="bbox 182 4570 1449 4644; baseline 0.002 -18"><span class='ocrx_word' id='word_1_349' title='bbox 182 4571 288 4641; x_wconf 88' lang='lat' dir='ltr'>banus,</span> <span class='ocrx_word' id='word_1_350' title='bbox 312 4570 481 4644; x_wconf 87' lang='lat' dir='ltr'>Gregorius</span> <span class='ocrx_word' id='word_1_351' title='bbox 499 4572 536 4629; x_wconf 91' lang='lat' dir='ltr'>de</span> <span class='ocrx_word' id='word_1_352' title='bbox 552 4572 740 4629; x_wconf 74' lang='lat' dir='ltr'>l‹‘odorowcz</span> <span class='ocrx_word' id='word_1_353' title='bbox 757 4581 787 4629; x_wconf 89' lang='lat' dir='ltr'>et</span> <span class='ocrx_word' id='word_1_354' title='bbox 805 4572 912 4629; x_wconf 89' lang='lat' dir='ltr'>Petrus</span> <span class='ocrx_word' id='word_1_355' title='bbox 936 4572 974 4629; x_wconf 90' lang='lat' dir='ltr'>de</span> <span class='ocrx_word' id='word_1_356' title='bbox 998 4573 1140 4644; x_wconf 87' lang='lat' dir='ltr'>Byksaad</span> <span class='ocrx_word' id='word_1_357' title='bbox 1158 4573 1188 4630; x_wconf 96' lang='lat' dir='ltr'>in</span> <span class='ocrx_word' id='word_1_358' title='bbox 1212 4571 1331 4630; x_wconf 91' lang='lat' dir='ltr'>Christi</span> <span class='ocrx_word' id='word_1_359' title='bbox 1354 4588 1449 4631; x_wconf 92' lang='lat' dir='ltr'>sacer-</span> 
     </span>
     <span class='ocr_line' id='line_1_40' title="bbox 182 4676 1450 4754; baseline 0.003 -22"><span class='ocrx_word' id='word_1_360' title='bbox 182 4676 268 4734; x_wconf 91' lang='lat' dir='ltr'>dotes</span> <span class='ocrx_word' id='word_1_361' title='bbox 281 4684 310 4734; x_wconf 91' lang='lat' dir='ltr'>et</span> <span class='ocrx_word' id='word_1_362' title='bbox 323 4694 431 4735; x_wconf 89' lang='lat' dir='ltr'>eorum</span> <span class='ocrx_word' id='word_1_363' title='bbox 445 4680 625 4751; x_wconf 90' lang='lat' dir='ltr'>sanguinem</span> <span class='ocrx_word' id='word_1_364' title='bbox 638 4679 800 4750; x_wconf 90' lang='lat' dir='ltr'>sevientes,</span> <span class='ocrx_word' id='word_1_365' title='bbox 811 4679 948 4752; x_wconf 92' lang='lat' dir='ltr'>quodam</span> <span class='ocrx_word' id='word_1_366' title='bbox 962 4680 1159 4737; x_wconf 87' lang='lat' dir='ltr'>caritativum</span> <span class='ocrx_word' id='word_1_367' title='bbox 1173 4677 1360 4753; x_wconf 88' lang='lat' dir='ltr'>subsidium,</span> <span class='ocrx_word' id='word_1_368' title='bbox 1370 4677 1450 4754; x_wconf 93' lang='lat' dir='ltr'>quod</span> 
     </span>
     <span class='ocr_line' id='line_1_41' title="bbox 182 4784 1448 4860; baseline 0.003 -19"><span class='ocrx_word' id='word_1_369' title='bbox 182 4785 289 4857; x_wconf 91' lang='lat' dir='ltr'>pocius</span> <span class='ocrx_word' id='word_1_370' title='bbox 304 4786 535 4843; x_wconf 88' lang='lat' dir='ltr'>odiosissimum</span> <span class='ocrx_word' id='word_1_371' title='bbox 552 4785 726 4843; x_wconf 82' lang='lat' dir='ltr'>subsidium</span> <span class='ocrx_word' id='word_1_372' title='bbox 743 4792 773 4843; x_wconf 84' lang='lat' dir='ltr'>et</span> <span class='ocrx_word' id='word_1_373' title='bbox 791 4788 917 4860; x_wconf 90' lang='lat' dir='ltr'>proprie</span> <span class='ocrx_word' id='word_1_374' title='bbox 941 4787 1078 4859; x_wconf 89' lang='lat' dir='ltr'>spolium</span> <span class='ocrx_word' id='word_1_375' title='bbox 1096 4786 1158 4845; x_wconf 92' lang='lat' dir='ltr'>dici</span> <span class='ocrx_word' id='word_1_376' title='bbox 1173 4784 1277 4857; x_wconf 87' lang='lat' dir='ltr'>debet,</span> <span class='ocrx_word' id='word_1_377' title='bbox 1295 4787 1448 4846; x_wconf 87' lang='lat' dir='ltr'>invenien-</span> 
     </span>
     <span class='ocr_line' id='line_1_42' title="bbox 182 4891 1452 4968; baseline 0.002 -21"><span class='ocrx_word' id='word_1_378' title='bbox 182 4903 234 4963; x_wconf 88' lang='lat' dir='ltr'>tes,</span> <span class='ocrx_word' id='word_1_379' title='bbox 259 4892 411 4965; x_wconf 83' lang='lat' dir='ltr'>quosdnm</span> <span class='ocrx_word' id='word_1_380' title='bbox 434 4892 474 4949; x_wconf 91' lang='lat' dir='ltr'>ad</span> <span class='ocrx_word' id='word_1_381' title='bbox 499 4893 606 4952; x_wconf 89' lang='lat' dir='ltr'>decem</span> <span class='ocrx_word' id='word_1_382' title='bbox 622 4893 763 4965; x_wconf 87' lang='lat' dir='ltr'>florenos,</span> <span class='ocrx_word' id='word_1_383' title='bbox 781 4893 834 4965; x_wconf 87' lang='lat' dir='ltr'>qui</span> <span class='ocrx_word' id='word_1_384' title='bbox 852 4895 904 4951; x_wconf 85' lang='lat' dir='ltr'>vix</span> <span class='ocrx_word' id='word_1_385' title='bbox 927 4893 1006 4964; x_wconf 75' lang='lat' dir='ltr'>duo,</span> <span class='ocrx_word' id='word_1_386' title='bbox 1023 4893 1176 4968; x_wconf 90' lang='lat' dir='ltr'>quosdam</span> <span class='ocrx_word' id='word_1_387' title='bbox 1193 4892 1234 4952; x_wconf 85' lang='lat' dir='ltr'>ad</span> <span class='ocrx_word' id='word_1_388' title='bbox 1255 4893 1379 4968; x_wconf 87' lang='lat' dir='ltr'>viginti,</span> <span class='ocrx_word' id='word_1_389' title='bbox 1401 4891 1452 4967; x_wconf 88' lang='lat' dir='ltr'>qui</span> 
     </span>
    </p>
   </div>
   <div class='ocr_carea' id='block_1_3' title="bbox 0 0 1645 5348">
    <p class='ocr_par' dir='ltr' id='par_1_3' title="bbox 0 0 1645 5348">
     <span class='ocr_line' id='line_1_43' title="bbox 0 0 1645 5348; baseline 0 0"><span class='ocrx_word' id='word_1_390' title='bbox 0 0 1645 5348; x_wconf 95' lang='lat' dir='ltr'> </span> 
     </span>
    </p>
   </div>
  </div>
 </body>
</html>
