3278 5348
617 388 690 449 Doc.
714 384 765 463 69.
790 422 833 432 -
857 390 912 447 An.
937 403 1026 467 1433.
1413 397 1452 466 85

192 604 368 658 annotatum
391 603 567 675 capitulum
599 605 728 663 ecclesie
750 606 958 678 zagrabiensis
982 606 1023 664 ad
1046 615 1171 667 octavas
1195 609 1265 668 testi
1293 611 1375 668 beati
1399 610 1454 668 hli-

191 704 301 764 chaelis
333 709 513 782 archangeli
538 727 618 768 nunc
647 718 793 770 venturas
816 713 934 785 regiam
958 721 1101 771 evocaret
1132 716 1162 771 in
1193 717 1402 789 presenciam;
1425 724 1455 773 et

189 814 348 885 posthec
379 815 477 889 ipsius
508 818 700 875 evocacionis
731 819 843 876 seriem
875 834 945 876 cum
977 820 1154 877 nominibus
1182 828 1382 879 evocatorum
1415 821 1455 879 ad

189 918 311 976 easdem
344 926 469 979 octavas
501 922 584 980 dicto
619 924 747 983 domino
783 940 852 983 mco
877 927 942 998 regi
967 925 1101 984 fideliter
1124 928 1312 985 rescribatis.
1336 928 1454 986 Datum

188 1021 271 1081 Bude
295 1027 454 1085 tricesimo
477 1031 612 1103 septimo
636 1030 685 1088 die
708 1032 833 1089 termini
856 1033 1020 1106 prenotati.
1043 1035 1133 1090 Anno
1150 1032 1268 1092 domini
1285 1034 1454 1092 millesimo

185 1130 493 1205 quadringentesimo
517 1137 673 1194 tricesimo
697 1138 799 1195 tercio.

294 1244 341 1305 (Α
360 1249 457 1309 tergo).
483 1244 601 1301 Amicis
632 1244 695 1300 suis
725 1244 903 1302 reverendis
934 1246 1071 1319 capitulo
1095 1246 1223 1303 ecclesie
1254 1246 1453 1315 ehamensis,

180 1367 244 1425 pro
268 1350 447 1409 honorabili
471 1350 609 1423 capitulo
631 1351 759 1407 ecclesie
774 1352 989 1423 zagrabiensis.
1011 1357 1117 1408 contra
1133 1350 1334 1425 Stephanum.
1351 1350 1453 1409 filium

181 1458 359 1527 Michaelis,
377 1456 562 1515 modernum
585 1454 719 1531 judicem
745 1457 878 1514 civitatis
902 1458 1014 1514 montis
1038 1456 1222 1515 Grechensis
1241 1457 1279 1514 de
1299 1458 1383 1516 iuxta
1400 1458 1454 1515 Za·

183 1566 332 1639 grabiam
356 1570 385 1621 et
409 1564 489 1621 alios
513 1564 727 1637 intrascriptos
752 1580 787 1621 ac
811 1570 936 1621 octavas
954 1562 1023 1621 festi
1048 1564 1130 1621 beati
1144 1564 1303 1622 Michaelis
1327 1566 1453 1622 archan·

184 1672 261 1744 geli,
285 1671 470 1728 evocatoria.

297 1807 431 1869 originale
449 1808 512 1856 satis
531 1806 643 1855 lacerum
663 1808 690 1855 iu
709 1807 804 1858 charta.
834 1808 981 1871 Vestigium
1000 1809 1076 1856 unius
1095 1807 1174 1870 sigilli
1194 1824 1209 1855 a
1222 1816 1300 1870 tergo.
1330 1810 1361 1855 ln
1384 1808 1451 1859 arch.

190 1911 244 1943 nen.
264 1894 342 1961 capit.
362 1896 461 1959 zagrab.
483 1896 545 1947 Act.
565 1896 641 1960 capit.
661 1903 713 1946 ant.
734 1898 794 1947 fasc.
815 1894 839 1947 6.
859 1912 896 1947 nr.
917 1908 958 1947 22.

794 2125 856 2192 69.

295 2233 376 2280 Anno
399 2244 473 2293 1433,
493 2244 534 2284 22.
554 2232 706 2283 decembris.

194 2360 393 2434 Sieisntrerrdus
407 2362 584 2433 lmrrtgim'ae
607 2369 654 2420 etc.
671 2380 733 2430 rex,
756 2364 952 2419 communitati
973 2363 1074 2417 rrrmrtt's
1094 2360 1245 2419 Grecensr's
1268 2363 1396 2435 imperat,
1420 2382 1454 2419 ne

193 2470 331 2545 impediat,
353 2470 505 2543 quominus
525 2469 684 2526 turcarum
700 2470 859 2527 r'rrvasr'om's
874 2476 957 2538 ructu,
973 2469 1128 2541 capitulum
1144 2470 1331 2539 migratione
1347 2471 1452 2528 turrim

194 2577 313 2653 ,Popov
343 2578 446 2633 turem
480 2583 611 2633 vocatum
641 2577 781 2650 citamque
804 2579 835 2633 in
857 2578 1057 2633 cornmrmitatc
1087 2576 1199 2649 reficiat
1220 2583 1307 2649 atque
1330 2579 1451 2633 numme.

802 2714 956 2763 Commissio
975 2715 1077 2778 propria
1096 2713 1194 2763 domiui
1213 2715 1381 2778 imperatoris.

292 2824 510 2899 Sigismundus
534 2826 584 2884 dei
606 2828 709 2900 gracia
732 2827 945 2884 Romanorum
962 2827 1139 2898 imperator,
1156 2841 1281 2898 semper
1296 2831 1453 2898 augustus,

192 2946 222 2991 ac
244 2934 412 3006 ilungarie‚
436 2933 591 3003 Bohemie,
616 2934 786 3003 Dalmacie,
812 2933 939 2990 Croacie
962 2938 1015 2989 etc.
1048 2948 1110 2989 rex.
1142 2931 1302 2988 lsidelibus
1334 2934 1447 2989 nostris

193 3039 337 3113 providis,
360 3036 465 3113 judici,
488 3038 607 3113 juratiS,
631 3039 801 3111 ceterisque
834 3040 955 3095 civibus
979 3048 1009 3095 et
1033 3039 1089 3095 toti
1111 3038 1326 3095 communitati
1350 3045 1454 3095 nostre

193 3146 322 3205 civitatis
345 3146 459 3202 montis
484 3144 646 3203 Grecensis
671 3144 709 3200 de
739 3143 891 3217 Zagrabia
913 3145 1047 3201 salutem
1079 3152 1108 3200 et
1139 3144 1283 3214 graciam.
1315 3143 1452 3202 Gravem

194 3252 350 3325 querelam
370 3267 427 3325 per
450 3250 559 3309 fideles
582 3256 703 3308 nostros
720 3251 913 3307 venerabiles
930 3250 1126 3306 decretorum
1143 3249 1292 3319 doctores,
1310 3250 1452 3308 dominos

193 3357 361 3438 Johannem
374 3357 582 3428 Bachensteyn
600 3371 827 3413 camarcensem
844 3362 874 3413 et
889 3356 1022 3412 alterum
1035 3357 1207 3438 Johannem
1225 3354 1263 3412 de
1277 3355 1451 3427 Wrbowcz,

193 3465 428 3533 archidiaconos,
459 3464 622 3521 canonicos
653 3464 781 3520 ecclesie
805 3464 1019 3535 zagrabiensis,
1056 3478 1113 3535 pro
1146 3468 1234 3535 parte
1259 3465 1451 3520 honorabilis

194 3572 317 3647 capituli
344 3570 482 3629 eiusdem
507 3571 634 3627 ecclesie
656 3572 863 3642 zagrabiensis
887 3571 976 3626 nobis
1007 3570 1145 3638 allatam,
1177 3570 1352 3641 recepimus
1383 3586 1453 3627 con·

194 3678 345 3748 tinentem,
370 3676 454 3749 quod
480 3692 550 3734 cum
575 3677 634 3750 ipsi
658 3693 757 3750 nuper
780 3683 863 3732 metu
889 3685 918 3732 et
943 3675 1108 3732 formidine
1126 3677 1359 3733 sevissimorum
1376 3677 1453 3734 Tur·

193 3799 294 3843 corum
320 3790 426 3858 partes
448 3784 520 3840 illas
552 3798 755 3855 sepenumero
787 3784 977 3839 vastancium
1009 3798 1045 3839 ac
1068 3782 1228 3839 cuiusdam
1258 3782 1376 3853 Rottar,
1400 3784 1454 3855 qui

192 3888 291 3964 ipsum
316 3890 489 3963 capitulum
515 3890 663 3947 tirannice
687 3896 715 3946 et
739 3889 893 3946 hostiliter
916 3889 1063 3946 invadere
1088 3890 1170 3945 velle
1191 3888 1368 3946 famabatur
1385 3906 1453 3962 per·

192 3999 295 4067 territi,
320 3997 432 4054 turrim
463 4010 572 4053 eorum
604 3997 795 4066 angularem,
826 4010 919 4067 quam
945 3997 1023 4051 intra
1047 4010 1153 4051 muros
1178 3995 1297 4067 pretate
1320 3996 1453 4053 civitatis

191 4109 291 4162 nostre
315 4103 430 4160 montis
454 4102 615 4160 Grecensis
639 4118 676 4159 ex
700 4102 869 4159 donacione
891 4111 921 4158 ct
946 4103 1139 4159 institucione
1164 4102 1308 4159 dirorum
1333 4110 1453 4160 nostro·

192 4222 256 4267 rum
279 4207 536 4283 predecessorum
560 4225 670 4281 regum
695 4210 852 4281 llungarie
878 4214 980 4265 tenent
1009 4220 1037 4265 et
1061 4209 1227 4281 possident,
1253 4210 1281 4265 in
1306 4210 1368 4265 suis
1393 4219 1453 4267 tec·

193 4317 273 4385 turis,
298 4316 398 4373 muris
423 4324 452 4373 et
476 4314 607 4374 edificiis
630 4316 802 4389 collapsam
827 4331 862 4372 ac
886 4315 1023 4372 delectus
1059 4326 1087 4372 et
1118 4317 1238 4372 ruinam
1270 4315 1451 4387 pacientem,

194 4422 371 4493 reformare,
394 4422 424 4479 in
448 4423 578 4495 ipsaque
605 4437 662 4494 pro
686 4423 796 4479 tuciori
821 4422 1055 4493 preservacione
1079 4428 1108 4477 et
1132 4422 1367 4478 conservacione
1392 4421 1452 4476 cle·

194 4528 364 4599 nodiorum,
399 4535 652 4586 ornamentorum
688 4543 723 4584 ac
753 4543 858 4584 rerum
882 4537 911 4584 et
936 4528 1087 4584 bonorum
1114 4526 1232 4600 pretate
1255 4526 1382 4581 ecclesie
1405 4540 1453 4581 za·

194 4635 360 4705 grabiensis
383 4642 483 4692 certas
507 4634 674 4691 testudines
699 4642 729 4691 et
748 4635 858 4690 woltas
875 4643 1052 4690 construere
1069 4642 1098 4689 et
1115 4632 1258 4689 edificare
1275 4631 1454 4701 voluissent,

195 4744 261 4798 tunc
284 4756 349 4812 vos,
372 4742 509 4799 nescitur
529 4755 589 4813 qua
606 4740 689 4797 ducti
707 4742 953 4813 presumpcione,
977 4755 1029 4797 eos
1052 4741 1092 4795 ab
1109 4738 1287 4795 huiusmodi
1304 4736 1453 4794 reforma·

194 4846 274 4905 cione
298 4854 329 4905 et
352 4856 469 4905 tectura
492 4846 612 4920 prefate
635 4848 729 4905 turris
751 4862 787 4903 ac
809 4855 962 4904 structura
987 4855 1016 4904 et
1047 4846 1243 4902 edificacione
1276 4844 1452 4901 huiusmodi
