3278 5348
637 430 709 491 Duc.
735 431 783 491 68.
809 463 849 474 -
871 431 925 489 An.
950 444 1041 508 1433.

199 642 365 717 afugissent
388 643 570 715 emittendo
593 650 624 702 et
646 645 705 702 nisi
729 645 788 719 ipsi
813 644 929 701 domini
955 652 984 702 el
1000 647 1139 703 canonici
1157 647 1194 705 de
1221 648 1360 722 predicto
1383 650 1467 722 capi·

198 750 263 807 tulo
283 765 413 808 rumore
435 750 593 824 perterriti
616 749 655 807 de
678 750 747 825 ipso
771 765 974 823 vesperarum
1008 751 1123 822 officio,
1154 752 1193 810 ad
1227 752 1311 825 quod
1338 752 1467 811 fuissent

197 859 373 928 congregati
396 855 438 914 ad
454 857 625 914 sacristiam
643 855 792 929 fugiendo
807 871 840 914 se
856 857 1054 914 reclusissent
1076 865 1105 915 et
1121 868 1276 916 certorum
1299 859 1465 916 hominum

197 975 231 1019 ac
252 960 460 1020 familiarium
483 961 615 1020 condam
639 962 771 1019 Dionisii
796 962 868 1019 bani
896 977 931 1019 ac
955 962 1117 1020 reverendi
1148 965 1179 1021 in
1212 964 1336 1022 Christo
1360 965 1466 1038 patris,

197 1065 314 1126 domini
337 1069 487 1152 Johannis
518 1068 639 1142 episopi
671 1067 886 1140 zagrabiensis,
911 1069 995 1140 regie
1026 1075 1057 1125 et
1086 1069 1234 1141 reginalis
1267 1070 1465 1127 maiestatum

198 1176 334 1247 sumpmi
367 1175 545 1233 cancellarii
568 1175 767 1247 aliorumque
790 1175 1001 1232 nonnulorum
1033 1176 1208 1249 proborum
1243 1182 1273 1233 et
1308 1177 1463 1234 nobilium

198 1279 346 1346 virorum.
371 1282 425 1355 qui
448 1280 488 1338 ad
510 1280 615 1355 ipsum
646 1279 749 1338 forum
780 1281 914 1338 annuale
949 1282 1172 1353 convenissent,
1202 1281 1372 1340 furibundo
1403 1282 1465 1340 dic·

199 1389 297 1444 torum
324 1388 442 1446 civium
465 1402 593 1445 occursu
625 1402 656 1443 se
690 1386 824 1445 viriliter
854 1389 1083 1462 opponencium
1115 1388 1252 1462 presidio
1284 1394 1315 1445 et
1346 1389 1464 1446 auxilio

199 1488 326 1551 ruissent
342 1491 501 1564 defensati,
517 1508 625 1551 omnes
648 1493 679 1550 in
703 1492 810 1550 eadem
836 1494 965 1552 ecclesia
989 1495 1105 1568 pariter
1129 1495 1300 1553 extitissent
1321 1492 1464 1569 jugulati.

197 1595 237 1656 Eo
262 1613 325 1656 non
348 1599 482 1656 contenti
509 1597 641 1673 predicti
663 1599 747 1656 cives
770 1605 800 1657 et
822 1601 967 1673 hospites,
993 1609 1022 1657 et
1044 1602 1218 1673 presertim,
1243 1607 1276 1657 ut
1300 1599 1464 1674 prefertur,

196 1702 225 1763 in
249 1706 357 1780 platea
381 1711 521 1763 sutorum
546 1704 723 1776 residentes,
746 1708 886 1778 sequenti
909 1705 958 1763 die
982 1706 1127 1764 videlicet
1160 1706 1235 1764 seria
1269 1707 1362 1763 tercia
1393 1721 1463 1779 pro·

194 1811 280 1869 xima
304 1818 377 1885 post
398 1811 576 1885 predictum
598 1809 712 1868 festum
728 1811 817 1868 beate
834 1813 1029 1885 Margarethe
1052 1813 1182 1885 virginis
1199 1813 1237 1869 ad
1254 1828 1365 1870 sonum
1382 1828 1464 1869 cam·

188 1930 282 1991 pane,
307 1923 342 1975 ut
365 1918 602 1988 consuevissent
627 1916 665 1974 ad
688 1918 851 1975 consilium
869 1920 1045 1991 congregati
1063 1920 1241 1987 extitissent,
1259 1919 1318 1977 nisi
1333 1935 1389 1992 per
1405 1919 1462 1976 ali·

187 2038 273 2098 quos
298 2024 416 2097 probos
439 2030 468 2081 et
491 2024 590 2081 bonos
613 2024 762 2095 homines,
787 2025 901 2096 quibus
923 2025 1005 2081 mala
1025 2025 1204 2082 huiusmodi
1226 2025 1465 2098 displicuissent,

182 2131 233 2188 ab
256 2145 368 2188 eorum
391 2131 555 2205 propositu
572 2129 700 2187 fuissent
718 2130 877 2204 prohibiti,
894 2132 1081 2188 unanimiter
1097 2131 1136 2187 ad
1154 2120 1272 2189 dictum
1289 2132 1462 2205 capitulum

181 2235 351 2308 irruendo,
386 2235 497 2295 domos
530 2242 560 2294 et
594 2235 716 2294 edificia
749 2238 967 2296 canonicorum
1004 2238 1101 2294 immo
1124 2243 1154 2294 et
1177 2239 1278 2310 ipsam
1301 2238 1463 2294 ecclesiam

184 2342 313 2400 furioso
338 2343 456 2417 impetu
481 2341 635 2413 invadere,
660 2358 770 2415 resque
793 2349 823 2399 et
846 2344 927 2400 bona
951 2359 987 2400 ac
1012 2344 1130 2401 litteras
1154 2352 1184 2400 et
1208 2344 1373 2416 privilegia
1399 2350 1463 2400 tarn

183 2449 276 2508 dicte
299 2450 427 2507 ecclesie
450 2464 546 2523 quam
562 2450 718 2507 nobilium
735 2456 764 2506 et
781 2450 916 2506 aliorum
932 2451 1094 2507 hominum
1112 2451 1189 2507 inibi
1206 2451 1349 2522 reposita,
1371 2450 1464 2506 sacri·

191 2557 266 2631 lega
290 2571 385 2613 manu
409 2555 531 2613 auferre
555 2562 585 2613 ct
607 2563 767 2630 asportare
788 2563 817 2613 et
841 2562 940 2613 totum
966 2556 1085 2612 clerum
1100 2557 1276 2613 interimere
1294 2556 1464 2612 voluissent

187 2663 338 2737 potencia
361 2676 470 2719 eorum
494 2661 659 2733 mediante,
682 2663 713 2719 in
739 2662 944 2735 preiudicium
969 2660 1067 2735 ipsius
1091 2663 1220 2735 capituli
1236 2669 1265 2719 et
1292 2662 1463 2734 dampnum

186 2769 267 2827 satis
290 2767 417 2841 grande.
441 2768 533 2826 Facta
563 2767 745 2825 huiusmodi
778 2769 981 2841 inquisicione
1011 2748 1071 2841 ipsi
1100 2768 1208 2826 eadem
1242 2769 1291 2825 die
1327 2767 1464 2840 prelatos

188 2874 396 2950 Stephanum,
420 2873 523 2932 filium
547 2873 707 2931 Michaelis
730 2873 925 2944 modernum,
943 2875 1135 2943 Michaelem,
1154 2875 1254 2931 filium
1278 2873 1461 2941 Sebastiani,

198 2980 360 3050 Briccium,
385 2979 486 3037 filiurn
511 2980 682 3050 Benedicti;
715 2981 908 3038 Anthonium
940 2982 1087 3049 italicum,
1121 2981 1245 3037 Petrum
1271 2981 1463 3051 ilungarum,

197 3086 359 3145 Nicolaum
383 3094 412 3143 et
436 3085 607 3158 Georgium
631 3093 793 3154 sartorem,
817 3087 894 3144 alias
918 3084 1044 3161 judices,
1077 3088 1248 3143 Fabianum
1280 3088 1462 3153 litteratum,

196 3194 322 3266 Fryche,
359 3193 538 3266 Georgium,
570 3194 671 3251 filiurn
702 3194 855 3251 Francisci
890 3199 920 3249 et
952 3193 1098 3263 illasium,
1130 3191 1232 3249 filium
1256 3191 1462 3262 Wythezych,

195 3296 308 3375 juratos
328 3314 365 3356 ac
388 3298 466 3356 alios
490 3299 650 3356 universos
674 3307 702 3357 et
727 3299 883 3371 quoslibet
907 3300 990 3355 cives
1006 3306 1034 3354 et
1051 3299 1188 3371 hospites
1206 3314 1241 3354 ac
1258 3305 1355 3355 totam
1372 3312 1456 3354 coru-

197 3407 377 3465 munitatem
395 3406 565 3479 prescripte
581 3407 714 3463 civitatis
732 3407 844 3462 montis
862 3405 1045 3461 Grechensis
1061 3406 1090 3461 in
1109 3403 1217 3460 eadem
1234 3405 1358 3460 civitate
1376 3419 1462 3459 mon·

198 3513 234 3570 tis
250 3511 436 3571 Grechensis
451 3518 556 3568 contra
580 3519 761 3569 annotatum
778 3512 951 3583 capitulum
975 3511 1102 3568 ecclesie
1127 3510 1333 3582 zagrabiensis
1350 3509 1387 3565 ad
1413 3525 1462 3565 oc-

198 3626 281 3677 taras
297 3616 367 3676 festi
384 3619 466 3675 beati
483 3617 609 3690 Georgii
625 3618 760 3675 martiris
777 3626 849 3673 tunc
874 3621 1018 3673 venturas
1040 3618 1068 3673 in
1093 3618 1176 3689 regie
1200 3616 1371 3673 serenitatis
1388 3630 1459 3671 evo·

197 3730 313 3782 cassent
329 3724 532 3797 presenciam,
549 3725 703 3782 racionem
728 3723 766 3780 de
791 3723 950 3795 premissis
974 3722 1156 3779 reddituros.
1182 3722 1229 3778 nd
1255 3721 1460 3794 quasquidem

197 3838 319 3889 octavas
343 3828 413 3887 festi
436 3830 519 3887 beati
543 3831 701 3888 Michaelis
724 3831 910 3901 archangeli,
927 3827 988 3902 (sic)
1005 3829 1115 3903 prefati
1133 3831 1162 3887 in
1187 3844 1311 3885 causam
1336 3830 1458 3885 attracti

198 3950 250 4010 per
270 3941 454 3994 annotatum
478 3940 712 4009 procuratorem
736 3936 810 3992 dicti
834 3936 962 4010 capituli
994 3938 1024 3994 in
1057 3951 1187 4008 persona
1220 3936 1358 3992 eiusdem
1388 3951 1459 3992 con-

196 4043 280 4115 gruis
302 4041 414 4100 diebus
439 4042 579 4116 ipsarum
603 4049 785 4099 octavarum
810 4057 915 4099 coram
947 4043 1036 4099 nobis
1069 4044 1230 4115 expectati,
1262 4048 1398 4099 nostram
1432 4044 1462 4098 in

197 4149 387 4222 presenciam
411 4162 473 4205 non
495 4154 641 4206 venerant
664 4163 763 4221 neque
787 4150 943 4218 miserant,
967 4164 999 4205 se
1023 4148 1231 4206 mediantibus
1255 4150 1324 4206 aliis
1348 4149 1461 4205 litteris

197 4255 307 4314 nostris
329 4252 502 4330 judiciariis
530 4253 641 4312 exinde
676 4253 822 4311 conlectis
851 4256 883 4311 in
905 4252 1019 4328 judicio
1043 4256 1207 4327 aggravari
1232 4256 1459 4328 permittentes;

198 4361 357 4435 postulans
380 4359 520 4435 prefatus
550 4367 734 4433 procurator
757 4361 831 4418 dicti
855 4362 991 4433 capituli,
1016 4360 1118 4418 eidem
1151 4378 1188 4417 ex
1223 4367 1311 4434 parte
1343 4373 1484 4442 memo·⁴

196 4473 334 4527 ratorum
358 4466 389 4524 in
411 4480 537 4524 causam
560 4472 762 4524 attractorum
788 4483 843 4541 per
865 4481 920 4524 nos
944 4469 974 4523 in
999 4468 1160 4540 premissis
1183 4465 1259 4541 juris
1291 4467 1459 4538 equitatem

197 4571 344 4649 inpertir'r
367 4573 405 4630 Et
427 4572 501 4646 quia
525 4571 636 4646 prefati
661 4574 691 4631 in
715 4589 841 4630 causam
864 4575 986 4632 attracti
1009 4574 1048 4630 ad
1074 4575 1223 4647 premissa
1253 4573 1319 4629 vice
1351 4586 1457 4629 secun·

198 4676 281 4739 daria
303 4677 458 4738 evocandi
482 4677 548 4737 sore
573 4678 632 4736 visi
655 4677 784 4747 fuerant,
802 4693 860 4752 pro
882 4694 918 4736 eo
935 4686 1072 4736 vestram
1089 4679 1263 4736 amiciciam
1280 4676 1462 4735 litteratorie

197 4786 387 4859 perieramus
410 4784 585 4856 diligenter,
609 4791 759 4858 quatenus
784 4791 923 4841 vestrum
941 4785 1102 4841 mitteretis
1127 4784 1284 4841 hominem
1305 4798 1362 4857 pro
1379 4783 1462 4840 testi·

198 4891 299 4951 monio
321 4888 526 4964 fidediguum,
550 4904 612 4965 quo
636 4897 777 4965 presente
801 4891 896 4947 homo
921 4892 1022 4962 regius
1046 4888 1127 4947 inira
1150 4889 1365 4961 declarandus,
1398 4905 1462 4947 me·

1355 4992 1372 5028 x
