3278 5348
190 372 249 430 282
600 365 672 423 Doc.
697 379 768 442 224.
793 397 835 409 -
858 366 915 424 An.
940 360 1030 441 1462.

187 584 400 658 heredumque
416 598 543 641 suorum
560 582 788 641 successoribus
804 589 834 638 et
846 579 1080 654 posteritatibus
1095 581 1259 651 universis,
1275 580 1440 654 quindecim

188 692 312 750 florenis
343 692 411 749 auri
433 688 506 766 justi
530 697 559 748 et
581 690 655 746 boni
680 687 826 762 ponderis
849 688 890 744 ab
913 702 949 745 eo
974 688 1112 761 plenarie
1136 688 1271 761 receptis
1295 694 1325 745 et
1348 703 1439 761 perso·

187 798 270 867 lutis,
301 796 498 869 vendidisset,
522 795 657 854 dedisset
681 801 710 853 et
732 795 924 866 assignasset,
946 795 1045 852 immo
1069 793 1217 866 vendidit,
1241 793 1329 852 dedit
1350 801 1379 852 et
1403 809 1442 851 as·

187 905 320 976 signavit
344 920 415 962 cum
431 905 494 961 suis
518 903 704 961 utilitatibus
720 906 749 959 et
765 901 1033 959 fructuositatibus
1048 902 1202 959 universis
1225 917 1284 974 per
1300 900 1463 975 prefatum·

188 1011 374 1084 Dionysium
411 1017 440 1068 et
472 1024 544 1067 suos
575 1022 765 1066 successores
795 1006 863 1083 jure
899 1012 1050 1082 perpetuo
1081 1012 1111 1066 et
1141 1007 1389 1066 irrevocabiliter
1408 1013 1443 1064 te

186 1116 329 1185 nendam,
353 1116 581 1191 possidendam,
606 1116 723 1189 pariter
745 1122 776 1172 et
798 1113 988 1172 habendam.
1016 1113 1243 1187 Cuiusquidem
1267 1114 1348 1172 silve
1374 1120 1443 1170 mete

189 1224 292 1280 taliter
315 1223 561 1294 distinguuntur:
586 1222 671 1292 Item,
696 1221 799 1294 prima
820 1226 902 1278 meta
925 1220 1033 1294 incipit
1057 1220 1088 1278 in
1112 1221 1162 1277 via
1184 1219 1313 1293 publica
1335 1220 1377 1277 ab
1392 1220 1444 1277 ori·

186 1336 255 1386 ente
276 1336 305 1386 et
338 1328 446 1386 transit
469 1343 578 1385 versus
601 1327 791 1384 occidentem
815 1325 854 1383 ad
878 1327 1022 1384 arborem
1048 1326 1155 1400 querci
1176 1340 1269 1382 cruce
1292 1325 1444 1397 signatam,

186 1435 297 1493 deinde
320 1438 434 1493 iterum
458 1434 496 1492 ad
520 1434 615 1491 aliam
639 1433 784 1492 arborem
801 1433 907 1506 querci
930 1438 960 1490 et
983 1433 1096 1491 iterum
1120 1432 1159 1489 ad
1184 1433 1315 1489 terciam
1338 1438 1368 1489 et
1383 1430 1444 1488 dein

187 1541 225 1597 ad
249 1541 395 1598 arborem
418 1541 532 1612 graher
555 1546 697 1597 vocatam
724 1554 821 1613 prope
845 1540 925 1596 circa
948 1546 1085 1596 meatum
1107 1553 1188 1611 aque
1211 1539 1242 1595 in
1268 1537 1352 1595 valle
1375 1537 1444 1594 etin

189 1647 297 1704 eodem
330 1653 434 1704 meatu
464 1663 543 1719 aque
576 1647 795 1715 terminantur;
827 1646 901 1703 item
932 1661 1004 1702 cum
1029 1649 1137 1717 quarta
1162 1647 1252 1717 parte
1274 1644 1371 1702 ortuli
1393 1642 1444 1700 sub

191 1753 271 1809 dieta
294 1754 384 1811 vinea
408 1754 520 1822 situati,
544 1754 584 1809 ita
608 1760 719 1823 tamen,
743 1751 826 1824 quod
852 1750 990 1825 prelatus
1014 1750 1180 1822 Dionysius
1203 1749 1359 1823 Vodopya
1374 1765 1445 1807 nun·

187 1866 316 1931 cupatus
347 1865 376 1916 et
411 1861 458 1916 sui
489 1873 679 1916 successores
711 1859 841 1930 singuiis
870 1859 956 1915 annis
987 1863 1058 1915 ante
1089 1855 1283 1914 vindemiam
1305 1857 1396 1915 nobis
1418 1865 1443 1913 et

185 1964 312 2021 ecclesie
335 1971 438 2022 nostre
462 1965 586 2036 triginta
610 1966 747 2037 quinque
770 1964 920 2033 denarios,
945 1979 1040 2021 unum
1064 1978 1224 2037 caponem,
1245 1977 1341 2020 unam
1358 1962 1446 2020 dena·

185 2071 295 2127 riatam
327 2072 416 2145 panis
446 2071 569 2128 solvere
601 2072 795 2128 tenebuntur.
827 2071 894 2128 Hoc
917 2071 1016 2127 eciam
1039 2082 1195 2144 expresso,
1220 2069 1305 2143 quod
1328 2071 1356 2126 si
1379 2084 1441 2143 pre·

185 2175 266 2233 satus
291 2176 457 2249 Dionysius
480 2177 632 2250 Vodopya
648 2177 802 2252 apellatus
819 2183 848 2234 et
871 2177 919 2234 sui
941 2192 1112 2233 successres
1135 2180 1317 2249 temporum
1334 2176 1365 2233 in
1380 2189 1444 2250 pro·

185 2298 270 2339 cessu
304 2290 410 2341 contra
440 2283 610 2357 predictam
641 2283 800 2341 ecclesiam
826 2289 963 2340 nostram
987 2289 1017 2340 et
1041 2298 1096 2355 per
1126 2296 1318 2355 consequens
1347 2288 1447 2339 contra

183 2402 239 2446 nos
272 2390 411 2461 aliquam
435 2397 541 2447 notam
564 2390 755 2448 infidelitatis
778 2390 969 2459 incurrerint,
993 2396 1105 2447 extunc
1136 2388 1246 2446 eadem
1277 2389 1368 2447 vinea
1391 2401 1447 2445 una

184 2510 255 2551 eum
278 2496 357 2552 silva
374 2495 512 2568 predicta
535 2495 573 2553 ad
589 2511 644 2553 nos
668 2495 862 2554 devolvatur.
886 2496 973 2565 Item,
996 2495 1079 2553 idem
1104 2495 1300 2567 Valentbych
1332 2495 1444 2553 ibidem

184 2601 213 2657 in
238 2601 377 2673 predicto
407 2609 511 2660 nostro
536 2603 690 2660 territorio
714 2603 831 2659 habens
854 2601 1011 2675 quandam
1033 2601 1221 2676 particulam
1252 2603 1344 2660 vinee
1370 2603 1444 2659 inter

183 2708 289 2764 vineas
319 2708 408 2767 Pauli
438 2715 467 2766 et
498 2709 630 2766 condam
655 2710 786 2772 Martini.
811 2708 885 2767 dicti
916 2706 1167 2780 Plemenschaalr,
1200 2708 1357 2779 situatam,
1379 2707 1443 2784 jure

184 2814 327 2871 similiter
355 2816 501 2888 empticio
535 2816 638 2888 ipsum
663 2821 904 2887 concernentem,
929 2830 1022 2888 quam
1046 2813 1190 2873 similiter
1212 2814 1245 2871 in
1268 2813 1448 2872 vendicione

183 2918 323 2995 adjunxit
355 2936 390 2978 ac
413 2921 554 2979 vendidit
577 2922 717 2996 predicto
740 2922 890 2996 Dionysio
913 2922 1068 2994 Vodopya
1092 2936 1163 2978 cum
1186 2922 1344 2994 superiori
1360 2922 1448 2979 vinea

184 3040 242 3099 pro
265 3028 369 3100 precio
393 3028 581 3100 supradicto,
605 3028 643 3085 de
668 3044 729 3102 qua
752 3028 880 3102 quidem
903 3028 1057 3102 particula
1080 3027 1168 3085 vinee
1192 3026 1374 3100 quindecim
1399 3027 1450 3085 de·

183 3133 294 3199 narios,
326 3133 465 3191 medium
497 3150 648 3208 caponem
681 3142 710 3192 et
734 3135 932 3194 medietatem
956 3136 1046 3192 unius
1069 3133 1221 3192 denariati
1245 3135 1337 3207 panis
1361 3135 1451 3192 nobis

183 3246 212 3297 et
236 3241 362 3298 ecclesie
393 3248 496 3299 nostre
520 3241 649 3314 singulis
673 3243 760 3300 annis
785 3258 871 3301 more
892 3243 1056 3316 prehabito
1080 3242 1165 3300 idem
1188 3241 1362 3313 Dionysius
1389 3241 1448 3298 Vo

184 3347 287 3420 dopya
310 3362 346 3404 ac
368 3348 415 3405 sui
432 3363 621 3406 successores
641 3349 763 3406 solvere
780 3350 1011 3421 obligabuntur.
1028 3349 1062 3407 ln
1085 3349 1171 3406 cuius
1194 3349 1240 3406 rei
1253 3350 1453 3421 memoriam,

183 3453 425 3525 firmitatemque
457 3463 640 3528 perpetuam
673 3456 868 3528 presentibus
891 3457 1032 3529 sigillum
1055 3462 1196 3514 nostrum
1221 3453 1374 3514 duximus
1396 3471 1452 3530 ap·

183 3556 389 3629 pendendum.
421 3560 536 3617 Datum
570 3561 646 3619 teria
679 3568 788 3635 quarta
819 3564 972 3635 proxima,
1005 3561 1151 3620 videlicet
1181 3563 1213 3619 in
1236 3559 1319 3619 iesto
1344 3562 1456 3621 Poten-

182 3664 267 3720 ciane
291 3665 431 3736 virginis.
454 3668 544 3724 Anno
575 3667 692 3726 domini
727 3669 895 3726 millesimo
920 3668 1226 3742 quadringentesimo
1254 3669 1455 3742 sexagesimo

182 3769 324 3826 secundo

287 3872 310 3918 E
330 3879 489 3937 transumpto
509 3878 576 3924 iacto
595 3892 661 3923 anuo
684 3880 758 3936 180⁴).
779 3878 809 3924 ln
828 3878 922 3928 archiv.
948 3876 1099 3941 archiepisc.
1123 3876 1224 3939 zagrab.
1247 3877 1379 3940 Juridiea,
1405 3880 1458 3930 vol.

182 3960 216 4007 ΙΙ,
238 3975 274 4011 ur.
297 3972 336 4021 23.

775 4143 859 4208 224.

286 4225 367 4273 Anno
389 4228 463 4290 1462,
484 4242 523 4291 24.
544 4231 611 4279 maii.
632 4232 728 4280 Budae.

181 4317 327 4389 Mattius,
360 4321 536 4393 lherrgarrira
568 4331 618 4383 etc.
649 4342 718 4393 rex,
749 4326 875 4400 cpisciqtn
906 4323 1076 4380 vnrmliensi
1100 4324 1219 4396 plenum
1240 4326 1297 4398 jus
1325 4330 1459 4386 onmium

330 4409 527 4479 beneficiorum
551 4412 580 4466 iu
603 4413 759 4485 capitulum
783 4413 903 4485 zagrab.
927 4412 1161 4486 conserendorum
1186 4412 1298 4475 m‘butt.

888 4533 1043 4582 Commissio
1061 4532 1165 4598 propriu
1183 4532 1283 4582 domini
1301 4536 1384 4599 regis.

287 4624 418 4683 hlathias
449 4625 498 4684 dei
528 4628 632 4699 gracia
663 4645 716 4685 rex
746 4630 912 4701 Hungarie‚
937 4629 1106 4700 Dalmacie,
1127 4626 1257 4685 Croacie
1281 4633 1339 4689 etc.
1364 4631 1460 4690 Fide·

182 4728 264 4786 libus
287 4732 399 4789 nostris
428 4733 604 4791 honorabili
628 4736 764 4806 capitulo
788 4735 915 4792 ecclesie
938 4736 1145 4807 zagrabiensis
1167 4735 1302 4792 salutem
1327 4742 1360 4795 et
1384 4754 1457 4811 gra·

181 4835 269 4898 ciam.
303 4838 589 4897 Animadvertimus
619 4841 698 4899 inter
730 4841 909 4899 diuturnam
941 4842 1183 4916 competitorum
1214 4840 1457 4905 contencionem
