3278 5348
500 415 573 471 Dor.
591 424 665 490 345.
692 447 732 456 -
757 415 812 472 An.
838 409 928 490 1487.

72 648 197 718 mentis,
222 648 374 720 quasdam
398 646 474 704 duas
504 648 623 706 litteras
653 648 800 722 prelibati
831 647 950 705 domini
973 645 1164 718 sigismundi
1187 647 1268 720 regis
1291 662 1343 705 no·

72 763 175 812 strum
198 752 396 829 judiciarium
413 753 561 827 produxit
584 755 614 812 in
632 759 839 828 conspectum.
856 753 998 827 Quarum
1020 753 1122 826 prima
1138 768 1217 811 auno
1243 755 1345 825 gracie

73 859 246 917 millesimo
274 859 581 932 quadringentesimo
613 867 709 932 sexto,
741 867 853 934 quarto
883 859 1032 918 kalendas
1064 858 1222 929 februarii,
1256 860 1344 933 regni

72 972 180 1024 autem
202 967 251 1023 sui
273 980 353 1023 anno
376 965 497 1024 decimo
520 973 631 1024 octavo
647 966 885 1041 privilegialiter
902 966 993 1037 edita,
1011 966 1122 1023 maiori
1138 965 1342 1039 dupplicique

73 1079 104 1130 et
140 1072 295 1129 autentico
330 1073 436 1145 sigillo
467 1072 605 1131 eiusdem
642 1074 673 1131 in
707 1073 854 1146 pendenti
889 1072 1006 1130 vallata
1029 1072 1234 1145 exprimebat,
1257 1071 1342 1145 quod

75 1178 161 1236 idem
192 1178 337 1236 domiuus
368 1177 584 1251 sigismundus
617 1195 671 1237 rex
705 1179 907 1253 prelatorum,
938 1179 1092 1236 baronum
1122 1184 1152 1235 et
1183 1179 1344 1251 pociorum

72 1285 161 1356 regni
185 1285 232 1341 sui
256 1300 421 1358 procerum
437 1286 667 1343 communicato
684 1286 812 1343 consilio
829 1290 858 1342 et
882 1299 955 1341 sana
978 1284 1207 1342 deliberacione
1230 1284 1342 1342 exinde

72 1390 239 1449 subsecuta
261 1391 294 1449 id
317 1389 479 1448 statuendo
510 1390 698 1450 decrevisset
731 1399 760 1448 et
794 1392 912 1463 ubique
948 1391 979 1447 in
1009 1405 1104 1463 regno
1135 1405 1191 1448 suo
1223 1387 1347 1448 fecisset

72 1497 201 1570 publice
223 1474 419 1570 proclamari,
439 1503 474 1554 ut
497 1497 640 1555 universe
656 1498 758 1555 littere
770 1497 1022 1556 excellentissimi
1039 1497 1188 1570 principis
1211 1495 1343 1553 condam

73 1601 195 1661 domini
226 1602 375 1660 Lodouici
398 1603 489 1675 regis,
513 1603 612 1676 patris
644 1610 674 1661 et
697 1605 795 1661 soceri
819 1604 874 1675 sui,
899 1605 958 1661 sub
982 1604 1078 1675 ipsius
1102 1607 1218 1660 secreto
1238 1603 1344 1675 sigillo

72 1723 132 1766 suo
156 1707 375 1766 tantummodo
399 1724 434 1766 ac
457 1710 724 1767 serenissimarum
755 1711 933 1783 principum
957 1709 1155 1766 dominarum
1179 1709 1338 1767 Elizabeth

73 1815 184 1872 matris
206 1823 236 1872 et
264 1815 361 1872 Marie
389 1816 585 1887 conthoralis,
611 1817 788 1888 reginarum
812 1815 886 1874 dicti
910 1817 996 1889 regni
1021 1817 1187 1888 Huugarie,
1211 1831 1341 1873 suorum

72 1921 307 1979 carissimorum
339 1920 478 1979 felicium
508 1922 762 1981 recordacionum
791 1938 909 1981 necnon
932 1922 1072 1981 eiusdem
1095 1922 1225 1979 condam
1250 1921 1343 1995 Sigis-

73 2026 183 2085 mundi
206 2027 287 2098 regis
301 2034 364 2083 tam
381 2028 553 2085 maioribus
571 2044 666 2101 quarn
682 2030 855 2087 minoribus
871 2046 965 2103 super
983 2029 1070 2087 factis
1094 2029 1343 2103 quibuscumque

72 2141 103 2192 et
127 2134 291 2207 presertim
315 2135 564 2206 possessionariis
589 2178 721 2193 .....
747 2137 887 2209 personis
911 2136 1059 2208 dignitate
1083 2135 1194 2207 quavis
1217 2142 1246 2192 et
1270 2151 1342 2194 con-

72 2240 195 2298 dicione
226 2239 434 2312 iungentibus,
466 2240 681 2299 ecclesiasticis
713 2249 823 2316 utputa
847 2251 877 2299 et
900 2240 1092 2300 secularibus
1117 2257 1175 2314 pro
1199 2242 1339 2300 tollendo

72 2347 159 2404 omni
181 2346 286 2417 dubio,
317 2346 508 2404 removendo
539 2347 686 2405 scandalo
721 2359 751 2406 et
775 2348 813 2405 ad
837 2349 981 2406 evitanda
1005 2349 1104 2405 multa
1128 2355 1221 2421 atque
1246 2350 1340 2420 varia,

72 2469 134 2526 que
169 2462 297 2527 propter
331 2453 510 2525 sigillorum
543 2455 685 2527 ipsorum
711 2454 911 2513 dominorum
947 2470 1057 2528 regum
1091 2454 1341 2528 deperdicionem

72 2558 275 2631 eiusdemque
298 2559 417 2617 domini
441 2559 633 2632 Sigismundi
656 2563 738 2634 regis
761 2568 826 2619 tarn
850 2563 977 2620 minoris
1001 2577 1096 2634 quam
1121 2562 1249 2619 maioris
1274 2607 1280 2619 .
1306 2608 1310 2620 .
1335 2609 1340 2620 .

71 2710 78 2724 .
103 2711 109 2722 .
134 2710 140 2723 .
164 2680 201 2722 ex
229 2666 328 2722 causis
351 2673 381 2722 et
410 2667 588 2724 racionibus
619 2667 781 2740 legittimis
804 2713 1052 2727 .........
1077 2669 1240 2741 presertim
1274 2684 1343 2741 pos·

73 2773 258 2829 sessionaria
283 2770 428 2846 dampna,
451 2774 560 2845 gravia
584 2779 614 2831 et
645 2775 820 2848 periculosa
843 2775 1027 2832 detrimenta
1050 2776 1197 2831 hactenus
1220 2777 1342 2833 evenire

72 2879 253 2953 potuissent,
279 2893 296 2933 a
320 2878 399 2935 festo
423 2880 506 2936 beati
522 2879 650 2953 Georgii
666 2882 801 2939 martiris
818 2888 889 2938 tunc
914 2883 1058 2954 proxime
1081 2882 1227 2953 preterito
1245 2899 1341 2956 usque

71 2984 113 3041 ad
139 2984 252 3042 festum
284 2985 423 3042 eiusdem
454 2987 600 3059 primitus
633 2993 744 3045 eotunc
775 2988 914 3045 futurum
939 2988 997 3044 sub
1021 3002 1099 3059 pena
1125 2989 1341 3060 revocacionis,

70 3090 278 3148 anullacionis
311 3101 340 3148 et
364 3092 546 3150 cassacionis
578 3093 758 3151 huiusmodi
783 3094 956 3151 litterarum
979 3108 1040 3150 non
1065 3092 1337 3165 producendorum

71 3212 129 3270 per
152 3197 255 3269 ipsum
280 3196 442 3255 dominum
473 3197 708 3270 Sigismundum
739 3215 845 3271 regem
871 3199 1010 3270 vidende,
1033 3198 1244 3272 approbando,
1268 3215 1339 3258 exa·

70 3302 217 3359 minande
243 3344 528 3362 ..........
554 3321 606 3361 sue
639 3306 788 3363 claritatis
819 3307 959 3363 exhiberi
990 3306 1138 3364 deberent
1161 3307 1339 3381 conspectui

71 3417 102 3467 et
135 3410 313 3482 presentari.
356 3409 493 3467 Tandem
529 3412 577 3468 vir
611 3420 752 3469 strenuus
783 3412 915 3469 condam
947 3413 1095 3470 Nicolaus
1124 3413 1213 3484 Toth,
1238 3413 1337 3472 dictus

72 3516 113 3572 de
135 3514 337 3586 Zomzedvar,
361 3532 417 3573 sua
441 3524 470 3574 et
494 3519 686 3576 honorabilis
709 3519 769 3575 viri
800 3518 916 3575 domini
942 3518 1157 3592 Christophori
1182 3521 1341 3593 prepositi,

71 3622 194 3693 uterini,
218 3637 254 3678 ac
287 3623 436 3704 Johannis
471 3622 529 3680 filii
561 3625 691 3682 condam
727 3625 866 3697 magistri
898 3626 1058 3692 Laurencii
1090 3626 1233 3683 similiter
1256 3626 1337 3685 Totlr

69 3724 238 3797 fratruelis,
263 3729 395 3786 fratrum
420 3745 549 3787 suorum
573 3732 602 3788 in
628 3733 775 3804 personis,
799 3747 851 3788 sue
875 3732 1042 3789 maiestatis
1067 3732 1192 3788 veniens
1215 3733 1244 3789 in
1269 3748 1340 3790 con·

70 3840 222 3908 spectum,
247 3836 437 3893 exhibuisset
456 3835 557 3894 eidem
581 3836 712 3895 condam
737 3838 864 3895 domino
887 3837 1085 3909 sigismundo
1101 3839 1165 3910 regi
1189 3838 1341 3911 quasdam

72 3941 151 3998 duas
180 3942 306 4010 litteras,
332 3957 425 3999 unam
449 3942 592 4001 videlicet
615 3959 704 4001 suam
741 3951 905 4017 patentem,
932 3945 1028 4017 priori
1053 3945 1163 4000 maiori
1186 3945 1339 4002 autentico

69 4048 176 4120 sigillo
192 4063 248 4104 suo
266 4048 405 4121 predicto
428 4050 514 4118 alias,
538 4056 570 4107 ut
595 4049 757 4122 prefertur,
778 4066 815 4107 ex
832 4051 930 4106 causis
955 4050 1115 4121 legittimis
1131 4049 1297 4121 confracto,
1322 4065 1339 4107 a

73 4161 162 4226 tergo
193 4155 403 4227 consignatam
432 4172 525 4228 super
557 4156 733 4228 donacione,
763 4157 978 4229 perhempnali
1008 4155 1178 4213 collacione
1199 4156 1339 4214 eiusdem

72 4261 275 4334 possessionis
298 4261 490 4333 Petrowyna,
515 4263 577 4319 alio
608 4263 733 4319 nomine
757 4261 978 4320 Zenth-Petber
1003 4270 1117 4331 vocate,
1141 4278 1236 4335 quam
1260 4264 1338 4320 alias

77 4366 117 4422 ad
144 4374 279 4423 castrum
304 4383 393 4424 suum
419 4370 522 4440 regale
539 4368 633 4440 Selyn
656 4377 797 4426 vocatum
823 4369 853 4425 in
878 4371 1025 4427 comitatu
1048 4369 1240 4441 zagrabiensi
1264 4371 1339 4427 situ·

73 4478 162 4529 atum
186 4473 378 4546 pertinuisse,
403 4489 459 4547 per
482 4476 648 4548 ipsumque
665 4475 896 4547 Sigismundum
914 4491 1019 4548 regem
1043 4476 1083 4532 ab
1107 4475 1215 4532 eodem
1239 4483 1340 4533 castro

70 4590 214 4652 separata
237 4585 267 4636 et
290 4578 437 4637 fidelibus
461 4582 529 4638 suis·
540 4582 663 4639 civibus
675 4582 808 4639 civitatis
825 4582 938 4638 montis
955 4580 1117 4638 Grecensis
1130 4581 1168 4638 de
1188 4581 1339 4654 Zagrabia

71 4683 187 4742 donata
211 4700 246 4742 ac
279 4686 403 4744 tandem
426 4702 550 4745 rursum
582 4689 621 4745 ad
644 4688 727 4746 idem
751 4695 885 4744 castrum
909 4694 1071 4745 reannecta
1094 4703 1147 4745 seu
1171 4688 1339 4761 reaplicata

73 4789 143 4848 fore
165 4790 399 4863 dinoscebatur;
424 4801 454 4852 et
484 4794 577 4851 aliam
609 4794 802 4852 honorabilis
826 4794 955 4867 capituli
978 4794 1107 4851 ecclesie
1129 4793 1337 4867 zagrabiensis

76 4911 174 4972 super
208 4897 362 4970 legittima
392 4900 529 4958 eiusdem
561 4901 764 4975 possessionis
786 4900 955 4958 statucione
981 4914 1041 4974 pro
1065 4899 1186 4975 prefato
1208 4898 1339 4960 condam
