3278 5348
719 415 904 488 Argumenta.
1208 386 1212 395 ’
1323 420 1449 479 ccxxi

189 516 564 523 -------
592 519 726 524 --...--.-
742 520 792 524 —.-
855 521 909 524 —

1365 639 1382 680 Ρ
1412 639 1449 682 'e

192 722 228 770 30,
251 711 330 758 Anno
354 721 427 771 1422,
450 721 488 772 17.
508 706 636 773 Ι1111111
656 709 755 759 Solnolr
784 711 965 774 Sigismundus
984 729 1028 760 rex
1047 726 1134 760 severe
1154 713 1257 761 mandat
1271 714 1339 777 capi·
1383 651 1434 694 “8¹¹¹

246 798 310 854 tulo,
331 813 363 846 ue
383 800 452 847 cives
471 798 505 846 ab
524 799 592 861 agris
612 797 728 848 colendis
748 800 872 864 impediat
879 826 1336 840 ··························
1415 815 1447 866 ²7

189 900 229 948 31,
250 891 332 936 Anno
355 899 429 950 1422,
449 887 595 935 mensibus:
616 888 693 951 majo,
710 889 798 951 Junio,
809 888 890 952 Julio.
906 889 1053 952 Zagrabiae.
1072 890 1186 953 Injuriae
1199 906 1213 937 a
1227 889 1340 954 capitulo

250 977 351 1040 zagrab.
371 976 472 1025 civibus
492 976 939 1027 (31111ηεί1111114111111111111111
954 1004 1336 1018 ......................
1414 978 1447 1029 28

186 1078 226 1126 32.
246 1066 327 1114 Anno
350 1078 423 1127 1422,
445 1077 469 1129 7.
489 1066 651 1130 septembris.
674 1067 821 1130 Zagrabiae.
842 1067 977 1132 Johannes
997 1069 1135 1132 episcopus
1160 1067 1340 1130 zagrabiensis,

248 1152 318 1202 cives
338 1153 526 1216 zagrabienses,
546 1155 591 1216 qui
609 1162 706 1203 armata
725 1170 801 1203 manu
821 1155 962 1220 capitulum
982 1158 1076 1219 agressi
1098 1164 1156 1204 sunt
1171 1171 1340 1218 magnamque

247 1241 346 1290 cladem
367 1243 490 1298 lecerunt,
510 1243 715 1291 excommunicat
735 1268 1335 1284 ..................................
1414 1254 1446 1305 30

187 1343 201 1392 3
205 1342 228 1390 3.
250 1335 325 1378 Anno
341 1339 415 1391 1422,
430 1342 456 1393 7.
467 1331 618 1382 decembris.
630 1331 744 1383 Posonii.
756 1331 936 1395 sigismundus
947 1349 991 1380 res
1002 1332 1138 1381 Slavoniae
1148 1332 1215 1380 bano
1226 1332 1338 1387 mandat,

247 1429 275 1467 nt
293 1434 341 1467 suo
362 1421 465 1468 nomine
483 1420 552 1468 cives
571 1419 751 1481 zagrabienses
769 1421 892 1469 defendat
899 1448 974 1458 ·····
988 1449 990 1452 .
1005 1445 1333 1461 ··················
1411 1431 1441 1481 41

187 1518 228 1567 34.
248 1508 329 1556 Anno
352 1519 425 1569 1423,
449 1507 488 1558 16.
507 1507 587 1570 Junii.
608 1507 756 1570 Zagrabiae.
789 1507 966 1557 Communitas
992 1509 1061 1560 civit.
1082 1509 1176 1557 montis
1202 1508 1339 1556 Grecensis

247 1611 332 1644 coram
345 1596 469 1645 comitatu
482 1595 642 1659 aagrabiensi
660 1596 692 1643 de
703 1596 857 1658 quibusdam
868 1598 921 1645 1111
931 1597 1139 1662 possessionibus
1149 1613 1163 1645 a
1174 1597 1339 1660 Sigismundo

246 1700 305 1747 rege
326 1683 459 1732 nobilibus
479 1685 511 1732 de
531 1684 644 1732 Medved
663 1692 688 1731 et
708 1684 789 1733 Sused
809 1686 961 1734 condonatis
981 1694 1080 1735 recusat
1094 1711 1332 1724 ··············

187 1786 226 1836 35.
247 1774 328 1821 Anno
351 1785 425 1835 1423,
449 1774 487 1823 16.
504 1771 587 1835 Junii.
607 1772 755 1835 Zagrabiae.
787 1774 964 1823 Communitas
983 1776 1052 1826 civit.
1080 1775 1173 1823 montis
1198 1773 1336 1823 Grecensis

247 1879 331 1912 coram
351 1863 473 1912 comitatu
493 1862 652 1925 zagrabiensi
665 1870 773 1919 recusat,
788 1879 820 1910 ne
830 1863 965 1926 Johannes
978 1865 1115 1928 episcopus
1128 1872 1154 1912 et
1168 1863 1337 1927 Rudolphus,

245 1954 300 2002 eius
319 1954 405 2009 irater,
426 1949 527 1999 nobiles
540 1951 572 1998 de
586 1951 684 2006 Alben,
698 1967 730 1998 111
742 1951 899 2014 quibusdam
914 1954 1105 2001 communitatis
1119 1952 1334 2017 possessionibus

245 2057 308 2103 quas
327 2040 380 2090 illis
399 2055 445 2087 rex
463 2040 531 2087 dono
550 2040 634 2096 cessit,
654 2040 764 2088 fructum
783 2041 886 2105 capiant
894 2066 1330 2080 ·························

186 2130 226 2191 36.
246 2132 326 2178 Anno
348 2141 423 2191 1423,
443 2143 530 2177 mense
548 2129 656 2178 octobri.
670 2128 763 2178 Coram
777 2130 878 2178 Mathio
891 2130 924 2177 de
937 2129 1034 2178 Paloch
1045 2130 1133 2193 jndice
1147 2132 1232 2178 curiae
1246 2132 1332 2193 regine

245 2219 371 2281 Georgius
393 2232 447 2267 can,
466 2216 566 2279 1141111).
587 2215 686 2264 litteras
705 2218 882 2280 inquisitorias
902 2225 990 2266 contra
1009 2219 1138 2267 civitatem
1158 2219 1253 2268 montis
1272 2220 1336 2268 Gre-

247 2308 329 2354 censis
349 2305 454 2354 exhibet
462 2330 557 2342 ······
569 2343 575 2354 .
587 2330 1330 2348 ··········································

189 2408 227 2456 37.
247 2396 326 2443 Anno
349 2406 423 2456 1423,
445 2405 486 2455 23,
506 2393 660 2445 novembris.
680 2394 824 2457 Krapinae.
844 2395 1000 2451 Hermanus,
1020 2394 1108 2444 Cileae
1127 2411 1213 2445 comes
1232 2404 1257 2445 et
1277 2397 1332 2446 Sla·

246 2485 339 2532 voniae
356 2483 448 2537 banus,
468 2482 500 2530 de
519 2496 602 2537 causa,
621 2496 698 2543 quam
718 2482 888 2530 communitas
908 2483 934 2530 11
953 2482 1116 2540 Michaelem,
1130 2484 1201 2532 Petri
1214 2484 1334 2548 pellificis

243 2572 334 2629 filium,
354 2571 455 2635 agebat,
475 2586 561 2634 regem
581 2571 737 2619 certitiorem
756 2571 841 2619 reddit
877 2595 1330 2612 ··························

182 2663 211 2722 38
240 2665 320 2711 Anno
348 2673 413 2723 1423
445 2671 468 2710 2.
486 2659 639 2710 decembris.
659 2658 754 2707 Albae.
777 2659 954 2709 Communitas
982 2660 1050 2710 civit.
1077 2662 1173 2709 montis
1198 2662 1336 2711 Grecensis

245 2768 329 2801 coram
349 2749 464 2814 capitulo
483 2746 584 2797 albensi
607 2756 715 2805 recusat,
742 2765 774 2797 ne
797 2750 932 2812 Johannes
957 2751 1094 2814 episcopus
1118 2758 1143 2798 et
1168 2750 1336 2815 Rudolphus,

243 2843 298 2889 eius
318 2842 404 2894 irater,
425 2837 526 2886 nobiles
545 2837 578 2884 de
592 2837 689 2891 Alben,
703 2854 735 2885 111
748 2838 902 2900 quibusdam
917 2839 1108 2886 communitatis
1122 2840 1336 2902 possessionibus,

243 2946 306 2993 quas
326 2929 379 2978 illis
399 2943 442 2975 rex
462 2927 530 2975 dono
550 2926 635 2987 cessit,
656 2927 767 2974 11111111
786 2927 888 2989 capiant
898 2952 1331 2966 ·························

188 3032 226 3081 39.
247 3021 326 3067 Anno
349 3029 424 3078 1424,
447 3029 485 3076 14,
506 3015 625 3078 januarii.
642 3014 788 3077 Zagrabiae.
804 3014 953 3078 Capitulum
966 3015 1067 3078 zngrab.
1081 3015 1143 3067 eccl.
1157 3016 1255 3064 litteras
1268 3018 1335 3065 Her-

246 3108 322 3160 mani.
343 3105 444 3154 comitis
464 3102 552 3152 Cileae
571 3110 597 3150 et
616 3102 684 3159 bani,
704 3102 797 3165 quibus
817 3103 849 3150 de
868 3118 951 3158 causa,
971 3119 1047 3164 quam
1061 3105 1230 3152 communitas
1244 3105 1270 3152 in
1285 3106 1335 3153 Mi·

244 3195 368 3251 chaelem,
380 3193 451 3242 Petri
461 3190 583 3256 pellificis
594 3189 684 3248 1111111,
694 3192 794 3254 agebat,
807 3207 893 3254 regem
901 3192 1056 3240 certitiorem
1064 3192 1157 3247 reddit,
1166 3194 1334 3241 transummit

190 3297 230 3346 4ο.
249 3289 325 3332 Anno
348 3294 422 3346 1425.
441 3280 620 3330 Communitas
634 3280 745 3328 civitatis
764 3281 858 3328 montis
879 3280 1016 3328 Grecensis
1029 3280 1061 3327 de
1075 3287 1196 3336 mercatu,
1210 3281 1336 3329 industria

243 3388 272 3421 ac
290 3371 426 3420 securitate
446 3384 535 3416 severa
553 3368 638 3416 edicta
656 3368 751 3416 emittit
768 3391 1330 3408 ································

186 3473 224 3523 41.
244 3462 323 3509 Anno
344 3470 417 3522 1425,
439 3469 479 3522 25.
500 3456 592 3505 martii.
607 3458 638 3503 In
651 3456 743 3507 Thala.
757 3456 938 3519 Sigismundus
953 3472 996 3503 rer
1008 3455 1123 3519 Johanni
1138 3457 1217 3518 episc,
1232 3457 1333 3518 zagrab.

244 3548 376 3613 praecipit,
395 3554 423 3594 11
443 3545 506 3593 fines
526 3551 649 3592 terrarum
668 3545 859 3593 communitatis
878 3545 990 3593 civitatis
1009 3552 1035 3592 et
1054 3544 1161 3607 capituli
1178 3544 1288 3607 zagrab,
1302 3546 1334 3593 de

242 3637 336 3699 quibus
352 3635 395 3699 jus
413 3633 560 3696 ambigitur,
579 3632 697 3696 exploret
712 3658 1309 3672 ··································
1323 3673 1328 3684 .

185 3738 223 3787 42.
244 3727 325 3773 Anno
347 3735 421 3787 1425,
442 3733 482 3786 25.
501 3720 576 3784 Julii.
596 3721 744 3784 Zagrabiae.
765 3721 941 3770 Communitas
958 3723 1070 3770 civitatis
1084 3722 1178 3769 montis
1192 3722 1329 3770 Grecensis

242 3814 335 3878 accipit
360 3812 533 3867 condiciones,
558 3811 652 3873 quibus
669 3811 797 3874 Johannis
818 3811 917 3858 Albeui
937 3811 996 3858 bani
1017 3810 1131 3873 legatum
1150 3810 1177 3858 in
1197 3826 1329 3858 11111111-

243 3901 386 3967 grabiensis
405 3900 553 3948 monasterii
574 3915 593 3947 s.
613 3899 744 3947 Francisci
763 3898 886 3947 collatum
905 3907 943 3946 est
963 3923 1326 3937 ·····················

185 4005 224 4053 43,
245 3993 324 4040 Anno
347 3988 420 4051 1426,
444 3988 627 4048 19.111)111111,
642 3987 789 4050 Zagrabiae.
804 3986 979 4036 Communitas
993 3988 1106 4035 civitatis
1118 4002 1202 4035 coram
1219 3988 1332 4051 capitulo

242 4078 343 4142 zagrab.
363 4079 395 4126 de
415 4074 623 4140 possessionibus
636 4075 736 4123 Hralda
754 4083 780 4123 et
800 4076 946 4133 Petrovina,
960 4091 1023 4138 quas
1037 4075 1218 4139 sigismundus
1231 4091 1275 4122 rex
1288 4092 1332 4125 no·

242 4167 339 4216 bilibus
358 4166 390 4213 de
409 4164 492 4213 Sused
511 4164 673 4218 condonavit,
693 4163 834 4212 identidem
854 4171 955 4212 recusat
961 4186 1326 4204 ·····················

183 4269 223 4317 44.
242 4257 323 4303 Anno
345 4251 419 4308 1126,
438 4251 513 4300 111110
532 4253 626 4300 mensis
648 4252 740 4303 martii.
754 4252 776 4299 F
778 4253 881 4300 acinora
894 4253 957 4301 civis
970 4252 1092 4300 Andreae
1106 4252 1255 4316 Steplaovid,
1268 4269 1334 4315 quae

242 4346 440 4406 perpetraverat,
460 4340 604 4388 reseruntur
626 4367 631 4377 ·
661 4365 1327 4380 ·····································

182 4444 222 4495 45.
243 4432 323 4479 Auno
345 4429 418 4490 1426,
440 4440 481 4490 24.
497 4429 579 4491 Junii.
599 4429 630 4476 Iu
648 4444 705 4476 arce
725 4429 845 4479 Medved.
874 4429 1016 4492 Johannes‚
1037 4428 1179 4477 Corbaviae
1200 4444 1285 4477 comes
1304 4438 1329 4477 et

241 4519 360 4568 Croatiae
379 4518 470 4574 banus,
487 4516 602 4581 Johanni
622 4517 775 4566 Novakosid
795 4519 970 4581 possessiones
995 4518 1121 4580 quasdam
1146 4518 1193 4565 sub
1220 4517 1331 4566 Medved

242 4608 313 4664 sitas,
338 4608 425 4657 donat.
446 4633 477 4644 —
504 4608 569 4654 Noto
588 4607 660 4655 benet
688 4609 877 4656 Documentum
900 4609 979 4657 hocce
1007 4623 1092 4656 errore
1116 4607 1207 4656 calami
1232 4605 1332 4655 illatum

243 4694 354 4759 pertinet
373 4696 405 4743 ad
425 4710 519 4743 111111
542 4693 616 4760 ¹52⁶·
625 4715 1327 4735 ........................................

181 4783 222 4844 46.
244 4783 323 4832 Anno
345 4782 420 4846 1426.
451 4784 565 4847 iujuriae
584 4800 599 4831 a
617 4783 731 4848 capitulo
751 4783 850 4831 civibus
870 4785 1043 4833 Grecensibus
1063 4782 1159 4841 illatae,
1179 4782 1330 4831 reseruntur.

180 4884 221 4936 47.
244 4875 324 4922 Anno
346 4882 420 4937 1427,
442 4884 482 4923 2ο.
500 4872 582 4937 Junii.
605 4874 725 4934 Poiegae.
745 4872 895 4936 Capitulum
915 4889 934 4922 s.
955 4874 1025 4922 Petri
1044 4873 1076 4920 de
1097 4874 1196 4935 Polega
1210 4874 1331 4916 eventum
