3278 5348
647 408 721 470 Doc.
746 421 790 481 31.
813 440 857 451 —
880 407 936 467 An.
959 420 1050 487 1422.
1440 430 1477 489 29

314 622 407 693 Item,
431 622 531 680 altera
552 622 601 680 die
624 622 791 681 inmediate
814 624 953 697 sequenti
987 623 1149 682 Ladislaus
1181 625 1220 683 de
1243 627 1377 697 Dauoth,
1401 644 1480 686 unus

214 742 247 786 ex
270 728 433 787 canonicis
456 729 488 787 in
512 730 591 787 turri
613 730 664 787 hic
679 730 785 788 habita
803 731 996 803 constitutus,
1011 747 1082 789 cum
1100 733 1161 791 sibi
1176 731 1405 805 adherentibus,
1418 750 1483 792 ma·

215 834 318 893 chinas
344 839 376 893 et
398 834 523 909 pixides
545 850 709 902 sonorosas
732 836 895 911 sepissime
918 851 1006 895 more
1028 838 1136 896 hostili
1161 839 1222 896 buc
1252 840 1293 897 ad
1324 841 1483 899 civitatem

217 941 315 999 emisit
352 946 385 998 et
415 941 517 1000 emitti
549 940 630 1012 fecit,
665 942 720 1000 ubi
744 943 851 1014 eciam,
875 943 902 1001 si
924 943 1054 1015 vigilem
1078 944 1250 1003 custodiam
1274 960 1334 1004 non
1358 947 1483 1004 habuis-

216 1059 329 1119 semus,
364 1049 472 1121 utique
504 1047 587 1106 idem
623 1047 787 1106 Ladislaus
809 1065 881 1107 cum
904 1051 966 1108 suis
988 1051 1196 1124 complicibus
1219 1052 1299 1110 hanc
1322 1053 1481 1112 civitatem

214 1149 241 1212 in
266 1153 417 1213 favillam
440 1155 520 1229 ignis
544 1155 685 1214 converti
708 1154 838 1228 fecisset,
870 1155 962 1232 culpa
997 1162 1103 1216 nostra
1136 1172 1198 1216 non
1232 1160 1381 1232 exigente.
1411 1160 1484 1218 Pre-

211 1256 297 1318 fatus
335 1261 435 1319 eciam
469 1260 632 1320 ladislaus
667 1261 706 1320 de
740 1262 900 1336 premissis
931 1277 993 1321 non
1016 1266 1185 1335 contentus,
1207 1264 1318 1322 diebus
1341 1266 1484 1339 proxime

202 1367 343 1442 elapsis,
368 1368 467 1427 altera
480 1369 548 1426 vice
571 1383 669 1426 unum
691 1368 850 1426 hominem
874 1369 905 1427 in
928 1369 1053 1427 civitate
1077 1375 1240 1443 prenotata
1260 1372 1432 1444 captivavit
1454 1375 1485 1428 et

193 1478 251 1534 ab
274 1475 390 1534 eodem
414 1474 519 1533 omnia
542 1475 625 1533 bona
647 1489 712 1547 sua,
736 1489 833 1547 arma,
858 1450 1044 1533 vestimenta
1065 1480 1097 1533 et
1117 1477 1265 1550 pecunias
1280 1476 1419 1549 aliasque
1434 1493 1484 1534 res

190 1595 273 1657 pro
299 1588 374 1639 tunc
396 1581 481 1655 apud
504 1597 577 1640 eum
599 1581 706 1639 habita
729 1586 761 1638 et
793 1586 935 1656 repertas
962 1597 1051 1640 more
1087 1582 1255 1656 predonico
1289 1583 1421 1641 abstulit
1454 1589 1485 1640 et

181 1689 338 1763 recepit
361 1693 392 1746 et
413 1686 486 1746 fecit
508 1704 569 1761 que
592 1704 646 1746 sue
669 1687 788 1762 placuit
811 1687 973 1747 voluntati
1008 1688 1126 1746 Eodem
1150 1688 1200 1746 die
1233 1689 1373 1747 diversos
1407 1690 1485 1746 ictus

185 1797 404 1869 sagittarum
427 1794 467 1852 ad
490 1795 632 1853 homines
655 1795 746 1853 buius
769 1794 902 1852 civitatis
925 1795 956 1853 in
980 1795 1104 1853 civitate
1126 1796 1198 1852 hinc
1221 1794 1293 1852 inde
1308 1794 1485 1867 gradientes

179 1901 323 1958 emisit
346 1906 377 1959 et
400 1901 499 1958 emitti
522 1899 602 1970 fecit,
626 1900 706 1959 sicut
729 1916 783 1957 sue
807 1900 925 1973 placuit
947 1900 1109 1972 voluntati,
1138 1904 1167 1958 et
1198 1900 1373 1958 incendium
1406 1901 1485 1973 ignis

189 2006 247 2064 in
286 2007 366 2064 hanc
400 2007 557 2064 civitatem
592 2007 693 2064 emitti
726 2005 836 2077 voluit,
868 2011 961 2080 prout
984 2007 1071 2080 prius
1097 2012 1127 2063 et
1151 2012 1230 2077 ante,
1252 2007 1307 2064 ubi
1331 2009 1438 2079 eciam,
1459 2008 1486 2065 si

184 2112 394 2171 custodiam
418 2114 548 2186 vigilem
572 2128 626 2170 seu
647 2110 752 2188 jugem
774 2127 836 2171 non
859 2112 1085 2184 habuissemus,
1109 2113 1216 2186 utique
1240 2113 1324 2185 quod
1357 2114 1485 2170 volebat

184 2218 409 2293 :perfecisset
1479 2203 1485 2211 ’

327 2325 413 2396 item,
438 2326 498 2383 hiis
520 2325 632 2383 diebus
655 2326 800 2384 similiter
823 2326 968 2399 proxime
991 2325 1106 2398 elapsis
1137 2324 1296 2382 Gerardus
1327 2325 1427 2384 lector
1456 2330 1486 2383 et

211 2431 387 2489 canonicus
422 2431 550 2490 ecclesie
581 2431 807 2504 zagrabiensis,
841 2447 936 2490 unam
970 2432 1131 2489 honestam
1167 2431 1348 2503 mulierem,
1384 2433 1485 2489 civem

209 2538 314 2596 'huius
338 2539 473 2597 civitatis
495 2539 526 2597 in
550 2537 640 2597 factis
663 2539 726 2597 suis
749 2544 892 2612 agentem
915 2540 947 2596 in
970 2539 1021 2596 via
1044 2538 1075 2595 in
1096 2538 1234 2610 capitulo
1257 2538 1407 2608 habitam,
1438 2554 1486 2595 re·

228 2653 353 2715 pertam,
376 2646 462 2703 omni
484 2660 540 2703 sua
562 2645 628 2703 sine
650 2645 744 2719 culpa
760 2646 888 2721 propria
911 2660 1005 2703 manu
1030 2643 1096 2701 dire
1119 2643 1307 2714 verberavit,
1324 2650 1484 2717 cooperto-

230 2751 305 2808 rium
328 2752 439 2826 capitis
461 2752 499 2810 de
521 2753 622 2826 capite
645 2752 711 2810 eius
734 2751 864 2810 abstulit
887 2756 917 2808 et
941 2750 1072 2808 eandem
1094 2750 1200 2806 verbis
1224 2749 1342 2807 illicitis
1359 2755 1389 2806 et
1405 2750 1484 2806 vitu·

231 2858 356 2928 perioris
379 2859 582 2930 pertractavit
604 2859 635 2915 in
658 2856 793 2915 dedecus
813 2873 906 2915 sexus
927 2856 1102 2928 muliebris,
1124 2856 1203 2913 alias
1226 2856 1324 2913 eciam
1344 2856 1488 2913 honestas

233 2965 372 3023 mulieres
395 2964 513 3023 eisdem
535 2964 641 3023 verbis
664 2964 861 3037 adiungendo
885 2965 1052 3021 crininatus
1075 2969 1128 3021 est.

329 3071 417 3143 Item,
452 3072 597 3130 similiter
631 3072 690 3129 hiis
726 3070 836 3128 diebus
870 3071 1014 3144 proxime
1038 3070 1152 3143 elapsis
1176 3069 1257 3126 circa
1280 3068 1394 3125 festum
1419 3068 1488 3125 ben·

233 3180 328 3235 torum
351 3176 434 3235 Petri
458 3184 488 3234 et
511 3176 601 3234 Pauli
624 3177 850 3250 apostolorum,
873 3192 955 3233 nunc
979 3175 1130 3247 elapsum,
1154 3173 1265 3246 prefati
1297 3174 1416 3231 domini
1451 3174 1489 3231 de

232 3284 372 3356 capitulo,
395 3283 499 3341 missis
522 3297 633 3341 eorum
645 3282 827 3340 hominibus
843 3288 873 3339 et
889 3280 1099 3338 familiaribus
1115 3280 1194 3337 duos
1209 3295 1306 3353 equos
1322 3280 1491 3350 Michaelis,

232 3385 282 3448 filii
304 3389 459 3463 symonis,
483 3389 607 3464 pridem
632 3388 749 3458 iudicis,
773 3403 809 3445 ac
833 3387 911 3445 duos
935 3388 1032 3443 boves
1057 3385 1212 3459 Stephani,
1237 3385 1358 3459 pridem
1391 3386 1490 3455 iurati,

231 3497 400 3554 concivium
424 3501 611 3566 nostrorum,
634 3495 665 3553 in
689 3495 844 3552 territorio
869 3494 960 3551 huius
983 3493 1117 3550 civitatis
1149 3491 1319 3550 demactari
1350 3491 1492 3549 fecissent

232 3615 276 3660 seu
300 3603 460 3661 vulnerari
483 3602 548 3660 sine
571 3601 672 3675 culpa.

329 3709 417 3779 Item,
453 3709 484 3766 in
518 3708 596 3767 festo
633 3709 721 3765 beate
752 3707 946 3779 Margarethe
981 3707 1112 3778 virginis
1146 3710 1176 3762 et
1206 3704 1343 3761 martiris
1367 3704 1488 3761 noviter

232 3814 341 3889 elapso,
365 3815 484 3872 domini
506 3814 545 3873 de
568 3815 706 3888 capitulo
729 3814 856 3871 ecclesie
886 3813 1102 3885 zagrabiensis‚
1135 3816 1276 3884 ternpore
1308 3817 1493 3882 treugarum

233 3916 284 3979 fori
307 3921 450 3979 annualis
473 3920 613 3978 eiusdem
637 3920 715 3992 festi,
739 3935 758 3977 a
782 3918 913 3978 meridie
943 3934 1042 3992 usque
1065 3917 1105 3976 ad
1130 3916 1351 3990 crepusculum
1380 3916 1487 3986 noctis,

233 4028 265 4085 ad
289 4029 373 4086 latus
396 4042 547 4101 campane
570 4027 672 4084 sonitu
695 4027 888 4100 propulsato,
912 4025 1105 4098 congregatis
1136 4038 1245 4081 eorum
1275 4022 1493 4091 familiaribus,

233 4130 407 4193 hominibus
430 4139 460 4191 et
482 4134 701 4207 iobagionibus
724 4134 782 4191 sub
806 4138 962 4207 precepto,
986 4130 1145 4189 advocatis
1168 4130 1268 4186 eciam
1297 4127 1493 4198 officialibus,

234 4235 449 4312 familiaribus,
484 4240 665 4298 hominibus
700 4244 731 4297 et
763 4239 981 4311 iobagionibus
1016 4236 1267 4295 reverendissimi
1303 4235 1335 4291 in
1369 4233 1495 4290 Christo

233 4348 335 4418 patris,
359 4346 479 4405 domini
500 4347 651 4431 Johannis
674 4347 811 4421 episcopi
827 4345 1043 4418 zagrabiensis,
1060 4343 1204 4401 manibus
1220 4341 1347 4399 armatis
1363 4346 1393 4398 et
1408 4354 1495 4397 more

234 4454 493 4512 exereituancium
529 4454 711 4527 inceperunt
744 4467 924 4527 expugnare
958 4451 1115 4508 civitatem
1151 4464 1169 4506 a
1200 4448 1330 4506 meridie
1365 4445 1496 4520 predicti

235 4556 299 4618 festi
322 4576 422 4633 usque
445 4558 486 4618 ad
505 4560 727 4636 crepusculum
750 4560 848 4617 noctis
884 4563 914 4616 et
948 4558 1088 4630 sequenti
1122 4555 1172 4614 die
1206 4570 1225 4611 a
1259 4568 1348 4611 mane
1383 4553 1495 4609 iterum

234 4664 389 4739 usquead
412 4666 633 4741 crepusculum
658 4665 763 4723 noctis.
787 4664 821 4722 ln
845 4678 906 4737 qua
930 4677 1034 4737 pugna
1057 4679 1095 4720 ex
1126 4662 1184 4720 ista
1218 4666 1308 4733 parte
1341 4656 1429 4714 fluvii
1463 4655 1496 4713 in

235 4772 387 4831 territorio
422 4771 556 4830 civitatis
593 4786 693 4848 prope
726 4770 844 4829 fontem
879 4768 1112 4827 Mandusewecz
1147 4773 1177 4825 et
1211 4765 1375 4823 ecclesiam
1399 4762 1497 4820 sancti

237 4875 358 4936 Martini
393 4892 430 4935 ac
466 4877 595 4937 domum
631 4876 736 4936 balnei
771 4875 906 4935 civitatis
940 4889 976 4932 ac
1009 4875 1095 4932 iuxta
1126 4872 1239 4930 turrim
1262 4884 1361 4945 prope
1384 4882 1497 4926 novam
