3278 5348
204 429 263 486 ²9²
615 408 688 466 Dor.
711 421 780 484 233.
805 441 845 452 -
869 408 927 467 An.
952 404 1044 484 1464.

1341 518 1458 525 -—

201 626 310 685 eodem
335 626 464 683 domino
494 625 651 699 Stephano
683 625 844 696 colocensi,
869 625 1123 701 archiepiscopis;
1153 624 1301 684 Ladislao
1324 628 1460 701 agriensi,

199 734 339 815 Johanne
360 731 551 799 waradiensi,
576 731 703 788 Nicolao
734 732 979 803 transilvanensi,
1009 732 1200 806 zagrabiensi
1233 732 1308 791 sede
1334 741 1462 804 vacante,

199 839 338 923 Johanne
369 839 673 912 quinquecclesiensi,
703 837 835 895 Alberto
859 839 1093 911 wesprimiensi,
1115 841 1292 912 Augustino
1315 837 1462 915 jauriensi,

200 944 366 1001 Vincencio
389 944 540 1009 waciensi‚
558 943 688 1000 Alberto
704 942 910 1015 chanadiensi‚
933 944 1053 1002 Thoma
1068 945 1216 1015 nitriensi,
1234 945 1382 1004 bomensi
1397 945 1461 1003 sede

200 1055 336 1119 vacante,
368 1049 496 1106 Vrbano
526 1048 687 1119 sirmiensi,
719 1049 822 1105 Marco
848 1050 992 1108 tinniensi
1016 1094 1023 1108 .
1048 1096 1051 1103 .
1079 1096 1084 1108 .
1109 1097 1113 1108 .
1140 1095 1147 1109 .
1172 1096 1208 1108 ..
1242 1051 1459 1110 modrussiensi

199 1154 410 1225 ecclesiarum,
440 1155 524 1227 ipsas
554 1153 698 1211 ecclesias
729 1154 779 1213 dei
811 1153 941 1213 feliciter
964 1156 1217 1227 gubernantibus.
1243 1157 1323 1215 Item
1347 1159 1459 1231 magni·

199 1259 266 1317 ficis
297 1259 446 1318 Michaele
476 1260 576 1332 Orzag
606 1259 644 1317 de
675 1259 768 1332 Guth,
791 1262 878 1333 regni
908 1261 1006 1320 nostri
1028 1261 1187 1334 Hungarie
1210 1262 1355 1336 predicti,
1378 1265 1460 1338 pala·

198 1366 271 1435 tino,
295 1366 436 1424 Emerico
459 1365 498 1423 de
521 1365 659 1439 Zapolya
681 1367 768 1438 regni
790 1367 888 1425 nostri
911 1367 1009 1425 Boz'ne
1032 1368 1248 1440 gubernatore,
1272 1368 1403 1427 Nicolao
1426 1369 1459 1427 de

91 1456 96 1465 ’
198 1470 313 1544 Wylalr
329 1479 358 1529 et
380 1472 519 1556 Johanne
542 1473 698 1545 Pangrasd
722 1472 760 1530 de
783 1473 943 1545 Dengeleg
958 1473 1128 1546 waywodis
1150 1474 1454 1543 transilvanensibus,

197 1577 310 1634 comite
333 1577 477 1635 Ladislao
499 1577 537 1634 de
563 1579 670 1636 Palocz
693 1576 795 1654 judice
818 1580 901 1637 curie
924 1586 1036 1650 nostre,
1060 1579 1170 1637 eodem
1193 1579 1338 1638 Emerico
1359 1579 1398 1638 de
1409 1581 1458 1638 Za-

196 1681 293 1755 polya
323 1684 494 1754 Dalmacie,
525 1683 653 1742 Croacie
682 1699 800 1742 necnon
831 1683 994 1742 Sclauonie
1024 1700 1190 1758 regnorum
1223 1692 1403 1744 nostrorum
1434 1693 1460 1744 et

196 1787 318 1861 pretato
349 1789 477 1847 Nicolao
507 1790 545 1847 de
568 1788 683 1862 Wylalr
714 1790 853 1848 eiusdem
878 1790 1040 1888 Sclamnie
1063 1796 1093 1848 et
1117 1792 1339 1861 machouiensi,
1363 1794 1457 1862 banis,

196 1893 312 1951 honore
335 1895 466 1952 banatus
482 1897 664 1953 reueriensis
680 1904 817 1967 vacante,
833 1897 972 1978 Johanne
988 1896 1026 1954 de
1049 1897 1173 1969 Rozgon
1197 1899 1456 1965 thavernicorum,

196 1999 359 2058 Benedicto
384 2001 421 2058 de
438 2001 587 2058 Thwrocz
601 1999 777 2076 janitorum.
802 2002 925 2058 Andrea
943 2002 1077 2075 Pangras
1100 2003 1138 2060 de
1162 2002 1284 2077 prefata
1302 2005 1459 2078 Dengeleg

195 2107 420 2178 pincernarum,
452 2105 609 2180 Stephano
633 2107 671 2164 de
694 2108 790 2165 Peren
813 2115 842 2164 et
868 2107 1011 2166 Ladislao
1034 2108 1073 2166 de
1097 2109 1211 2167 Bathor
1234 2109 1458 2185 dapiferorum,

194 2211 292 2270 Paulo
316 2212 354 2271 de
378 2213 503 2270 Dombo
519 2220 548 2271 et
565 2213 707 2272 Ladislao
724 2213 762 2271 de
785 2214 898 2271 Wesen
915 2229 1086 2286 agazonum
1108 2222 1288 2274 nostrorum
1305 2219 1455 2290 regalium

194 2320 359 2389 magistris,
386 2319 488 2377 Andre
518 2319 740 2392 Pawinlryrher
763 2322 937 2393 posoniensi
961 2327 991 2378 et
1015 2321 1105 2378 Petro
1129 2320 1167 2378 de
1191 2320 1288 2380 Zakol
1312 2323 1454 2381 themesi-

194 2423 258 2479 ensi
289 2427 462 2496 comitibus,
494 2426 625 2499 aliisque
656 2427 897 2500 quampluribus
929 2429 1017 2500 regni
1039 2429 1136 2485 nostri
1159 2429 1327 2486 comitatus
1352 2435 1451 2487 tenen·

195 2528 278 2584 tibus
299 2536 328 2586 et
352 2531 493 2589 honores.

298 2665 431 2728 Originale
450 2670 476 2716 in
496 2670 649 2719 membrana.
671 2670 695 2716 Α
717 2685 781 2716 zoua
800 2670 895 2717 sericea
914 2668 992 2724 rubri,
1013 2669 1102 2717 viridis
1122 2677 1147 2718 et
1172 2669 1268 2719 cerulei
1296 2670 1390 2720 coloris
1413 2686 1452 2734 ap·

192 2753 286 2816 pendet
306 2754 427 2816 sigillum,
449 2758 479 2804 Iu
499 2758 593 2809 archiv.
612 2757 658 2806 lib.
677 2775 728 2820 reg.
749 2758 817 2808 civit.
837 2758 935 2820 zagrab.

784 2986 869 3051 233.

295 3125 375 3174 Anno
398 3127 471 3189 1464,
493 3140 532 3177 20.
551 3127 647 3192 aprilis.
667 3129 763 3179 Budae.

189 3232 333 3302 Matlrias,
357 3236 536 3307 Hungarzire
559 3245 605 3293 arc.
629 3256 691 3305 rex,
713 3239 798 3295 latrias
821 3237 980 3295 §lavaniae
1001 3237 1083 3294 banis
1106 3235 1234 3304 mandat,
1259 3243 1293 3292 ut
1314 3237 1451 3294 libertates

188 3357 208 3393 a
230 3340 410 3412 Hungarz'ae
431 3340 556 3414 regibus,
580 3344 668 3415 ipsr'm
683 3343 958 3416 praedecessoribus,
983 3344 1107 3417 capitula
1130 3344 1245 3415 eiusque
1265 3342 1374 3400 (traiani
1392 3342 1449 3399 suls

589 3450 674 3522 jectis
698 3467 845 3509 concessas
867 3449 1030 3523 defendant.

294 3592 424 3649 Mathias
452 3592 500 3648 dei
533 3594 635 3663 gracia
668 3610 721 3650 rex
745 3594 912 3666 Hungarie,
935 3594 1106 3664 Dalmacie‚
1128 3591 1257 3651 Croacie
1280 3597 1337 3651 etc.
1361 3590 1448 3649 Fide

186 3698 271 3755 libus
294 3699 406 3755 nostris
430 3699 603 3770 magnificis
628 3701 767 3757 Emerico
791 3700 829 3757 de
853 3700 1001 3773 Zapolya‚
1025 3699 1225 3769 gubernatori
1248 3698 1399 3756 Boznensi
1415 3713 1448 3755 ac

187 3803 315 3861 Nicolao
332 3805 369 3861 de
387 3805 559 3877 Wylakvar
573 3806 611 3862 de
628 3806 805 3862 Tusseduen
822 3807 887 3878 regi
899 3807 996 3863 nostri
1011 3805 1174 3863 Sclauonie
1197 3804 1296 3875 banis,
1317 3804 1450 3863 salutem

186 3917 215 3968 et
238 3913 382 3982 graciam.
407 3913 578 3985 Exponitur
600 3913 752 3969 maiestati
767 3919 870 3969 nostre
886 3913 918 3970 in
942 3913 1081 3985 personis
1104 3911 1247 3969 fidelium
1270 3918 1448 3970 nostrorum

186 4018 315 4089 capituli
345 4019 471 4076 ecclesie
494 4019 712 4091 zagrabiensis‚
736 4019 894 4091 quomodo
918 4019 977 4075 hiis
1000 4017 1226 4075 disturbiorum
1251 4018 1446 4091 temporibus

185 4124 259 4180 bani
291 4125 388 4197 ipsius
418 4126 505 4197 regni
536 4126 632 4181 nostri
663 4124 825 4182 Sclauonie
856 4126 940 4198 ipsos
972 4139 1008 4181 ac
1039 4123 1174 4197 populos
1204 4127 1234 4179 et
1265 4119 1447 4196 jobagiones

183 4229 324 4302 ipsorum
349 4231 378 4287 in
401 4230 534 4301 antiquis
559 4230 739 4286 eorumdem
756 4230 954 4286 libertatibus
978 4237 1007 4286 et
1030 4227 1158 4302 juribus,
1181 4227 1259 4300 ipsis
1283 4243 1343 4300 per
1358 4226 1447 4287 divos

182 4335 341 4407 Hungarie
364 4351 451 4407 reges
475 4336 706 4408 predecessores
730 4340 851 4392 nostros
875 4336 1034 4403 concessis,
1060 4335 1103 4391 uti
1126 4334 1157 4391 in
1181 4333 1294 4390 litteris
1318 4335 1448 4391 serenis·

182 4441 335 4499 simorum
366 4441 496 4498 condam
529 4442 706 4515 principum
736 4440 933 4498 dominorum
968 4441 1048 4512 Bele,
1081 4438 1204 4497 Andree
1234 4443 1266 4496 et
1296 4436 1446 4513 Stephani

181 4562 290 4619 regum
308 4547 473 4618 Hungarie,
490 4547 744 4621 predecessorum
756 4554 942 4617 nostrorum,
959 4561 1052 4603 aurea
1075 4559 1184 4603 eorum
1207 4543 1299 4601 bulla
1320 4545 1447 4603 munitis

181 4654 410 4727 conspeximus,
443 4654 547 4727 sepius
578 4653 814 4726 impedivissent
844 4653 875 4710 in
905 4651 1113 4725 preiudicium
1136 4650 1235 4724 ipsius
1258 4651 1393 4725 capituli
1415 4658 1444 4709 et

181 4759 262 4818 dicte
294 4760 423 4818 ecclesie
453 4760 661 4833 zagrabiensis
692 4759 841 4816 damnum
874 4758 968 4815 valde
999 4772 1156 4830 magnum.
1187 4755 1225 4814 Et
1256 4755 1333 4829 quia
1363 4757 1446 4833 regie

181 4866 324 4941 dignitati
347 4883 546 4942 summopere
570 4867 713 4925 convenit
736 4880 808 4923 suos
831 4865 973 4923 subditos
996 4866 1028 4923 in
1051 4864 1185 4938 antiquis
1207 4866 1239 4920 et
1260 4864 1446 4939 approbatis
