3278 5348
176 496 243 567 3⁵⁰
595 473 669 532 Doc.
695 467 766 530 282,
793 502 829 513 —
855 468 912 528 An.
938 481 1026 546 1473.

179 695 322 770 proxime
346 692 539 768 preteritum,
562 702 637 762 erga
659 685 816 762 prefatum
848 686 1012 745 dominum
1042 685 1231 759 episcopum
1264 683 1445 753 accedentes

138 795 146 812 ⁸
179 803 345 876 ipsumque
376 798 509 856 Chasme
541 794 747 870 personaliter
776 800 938 865 repertum
967 791 1009 848 ab
1038 791 1182 849 ulteriori
1212 790 1396 849 detencione
1423 795 1450 848 et

179 907 416 965 conservacione
439 903 593 961 dictarum
616 901 848 975 possessionum
871 904 901 956 et
924 897 997 956 vadi
1029 897 1213 984 Kyralrevve
1236 898 1382 971 ipsorum
1403 911 1449 954 ex·

180 1012 375 1087 pouencium,
398 1024 581 1081 usuumque,
605 1006 762 1065 fructuum
786 1012 815 1062 et
839 1004 1052 1078 quarumlibet
1074 1003 1249 1061 utilitatum
1274 1001 1449 1061 earumdem

179 1125 209 1176 et
232 1115 370 1175 eiusdem
395 1114 596 1188 percepcione
619 1116 649 1170 et
669 1109 936 1185 percipifaccione,
959 1126 992 1167 se
1014 1111 1181 1184 ipsumque
1212 1109 1247 1167 in
1281 1107 1448 1166 dominium

181 1222 363 1282 earumdem
385 1230 415 1278 et
436 1219 575 1278 eiusdem
598 1219 827 1277 intromissione
850 1221 881 1274 et
903 1215 1135 1274 statuifaccione
1150 1230 1188 1273 ac
1202 1216 1269 1273 sibi
1288 1215 1353 1290 ipsi
1367 1229 1447 1272 usur·

181 1331 318 1403 pacione,
341 1327 600 1401 appropriacione
624 1330 654 1383 et
684 1323 925 1399 perpetuacione
957 1321 1068 1397 quovis
1098 1321 1222 1394 quesito
1255 1321 1365 1380 colore
1393 1325 1449 1377 tam

183 1435 271 1492 factis
296 1434 346 1490 vel
370 1432 480 1491 fiendis
503 1433 628 1505 publice
651 1438 680 1489 et
709 1430 871 1489 manifeste
894 1429 1130 1504 prohibuissent
1153 1434 1186 1485 et
1214 1427 1448 1486 interdixissent

181 1542 298 1599 Datum
321 1539 473 1612 Zagrabie
497 1537 637 1612 predicto
661 1537 756 1595 tercio
780 1536 831 1593 die
854 1534 915 1594 diei
939 1533 1140 1593 amonicionis
1160 1539 1336 1608 prenotate.
1367 1534 1448 1590 Anno

183 1647 301 1705 domini
324 1646 493 1704 millesimo
518 1643 824 1719 quadringentesimo
846 1642 1076 1716 septuagesimo
1098 1639 1243 1699 secundo.

286 1781 420 1845 Originale
438 1781 465 1830 in
484 1780 579 1832 charta.
599 1780 626 1828 h
646 1787 718 1843 tergo
737 1777 847 1843 vestigia
865 1780 979 1843 quinque
997 1778 1150 1843 sigillorum.
1170 1779 1203 1827 Iu
1221 1778 1321 1828 archiv.
1340 1776 1386 1828 lib.
1397 1791 1444 1840 reg.

182 1872 231 1923 civ.
251 1871 351 1935 zagrab.

775 2046 861 2112 282.

288 2189 369 2236 Anno
392 2199 465 2251 ¹473·
486 2199 527 2236 22.
544 2188 665 2253 januarii.
685 2188 833 2252 Zagrabiee.

190 2297 293 2356 Corum
315 2298 488 2371 magistratu
511 2298 586 2354 civit.
609 2299 713 2355 montis
741 2297 899 2366 Grecensis,
916 2296 1070 2355 Mortibus
1090 2297 1234 2354 litteratus
1249 2299 1358 2356 tum'm
1373 2315 1449 2356 suunt

184 2396 339 2459 muratam,
360 2385 530 2460 fundosque
559 2385 720 2445 adiacentes
750 2387 923 2444 monasterio
954 2386 1170 2444 Heremt'tarum
1194 2385 1228 2444 de
1254 2390 1450 2461 promontorio

635 2475 753 2548 zagrab.
776 2470 828 2532 28.
844 2474 881 2548 fl.
898 2475 1000 2532 vendit.

298 2602 361 2658 Nos
385 2602 575 2668 Valentinus,
592 2601 677 2659 filius
700 2601 868 2672 Michaelis,
892 2600 994 2676 judex,
1017 2600 1209 2669 Dominicus,
1225 2601 1370 2673 Michael,
1393 2603 1452 2659 An·

184 2709 316 2777 thonius,
340 2707 518 2780 Gregorius,
541 2708 705 2790 Johannes,
730 2706 912 2780 Stephanus,
938 2709 1058 2765 Marcus
1091 2714 1120 2764 et
1144 2706 1330 2764 Valentinus
1350 2706 1451 2783 jurati,

185 2814 351 2871 consiliarii
375 2829 410 2870 ac
435 2814 569 2870 universi
603 2814 686 2870 cives
708 2814 842 2871 civitatis
865 2813 979 2870 montis
1003 2811 1173 2871 Grecensis.
1194 2813 1348 2871 Memorie
1371 2829 1451 2872 com·

184 2920 367 2976 mendamus
399 2927 503 2976 tenore
533 2920 731 2993 presencium
760 2918 968 2992 significantes
1000 2919 1114 2992 quibus
1137 2918 1264 2993 expedit
1288 2920 1450 2989 universis,

185 3025 268 3098 quod
294 3027 341 3082 vir
366 3025 514 3098 providus
538 3032 567 3082 et
591 3028 833 3098 circumspectus
848 3027 995 3082 Martinus
1018 3026 1180 3094 litteratus,
1197 3023 1283 3083 filius
1308 3025 1452 3100 Gregorii

184 3131 222 3187 de
247 3131 384 3188 Berztecz
409 3132 499 3189 etde
532 3132 678 3202 Dobrine,
709 3131 844 3189 concivis
873 3140 985 3202 noster,
1008 3131 1047 3188 ad
1071 3138 1211 3189 nostram
1244 3135 1453 3206 personaliter

185 3237 336 3293 veniendo
360 3239 561 3310 presenciam,
584 3235 741 3293 consessus
764 3243 809 3294 est
832 3238 863 3295 in
884 3239 965 3294 hunc
988 3238 1133 3296 modum:
1150 3246 1183 3295 ut
1200 3237 1268 3311 ipse
1292 3239 1452 3312 quandam

186 3344 297 3398 turrim
329 3357 417 3398 snam
454 3350 608 3400 muratam
639 3345 733 3400 simul
764 3359 837 3401 cum
862 3342 958 3402 fundo
990 3344 1093 3402 eidem
1123 3344 1202 3401 turri
1235 3351 1359 3403 murate
1384 3354 1453 3402 ante

186 3445 377 3521 adjacentem
401 3465 436 3506 ac
468 3449 608 3521 edificiis,
635 3422 704 3506 tarn¹
730 3450 846 3522 lapidei
873 3466 967 3523 quam
991 3451 1085 3524 lignei
1109 3451 1212 3524 operis
1236 3451 1315 3509 inibi
1338 3451 1455 3510 habitis

187 3560 215 3609 et
232 3555 423 3624 constructis,
448 3555 478 3611 in
500 3555 581 3611 dicta
597 3556 722 3612 civitate
739 3572 832 3628 penes
849 3573 974 3614 murum
998 3555 1136 3615 eiusdem
1160 3556 1295 3614 civitatis
1318 3558 1361 3615 ab
1385 3573 1456 3628 una,

186 3658 329 3716 videlicet
362 3660 543 3716 occidentali
576 3669 663 3731 parte
696 3663 878 3720 existentem
910 3669 940 3720 et
970 3663 1120 3732 habitam,
1152 3662 1288 3720 mediam
1322 3663 1353 3722 in
1390 3672 1455 3723 toto

185 3765 302 3821 curiam
327 3765 365 3821 ad
390 3782 480 3821 usum
514 3766 594 3823 dicte
625 3768 759 3825 civitatis
791 3769 822 3825 in
855 3785 887 3826 se
917 3769 947 3827 in
983 3777 1048 3826 toto
1071 3769 1276 3827 continentem
1301 3777 1331 3827 et
1354 3787 1456 3844 usque

185 3872 270 3927 viam
293 3887 491 3929 communem
522 3882 652 3946 aparte
684 3875 826 3932 orientali
860 3891 891 3932 se
915 3874 1159 3948 protendentem.
1182 3874 1269 3945 Item,
1293 3877 1455 3948 quendam

185 3978 282 4034 alium
307 3978 437 4034 fundum
450 3995 552 4047 suum,
575 3997 655 4036 nunc
678 3997 812 4037 vacuum
836 3990 866 4038 et
889 3981 1018 4038 edificiis
1044 3980 1236 4052 destitutum,
1253 3981 1284 4039 in
1307 3981 1394 4040 dicta
1411 3986 1453 4043 ci·

185 4085 281 4140 vitate
303 4100 338 4140 ac
361 4085 441 4141 intra
465 4084 596 4141 fundum
621 4087 759 4159 predicte
783 4088 876 4144 turris
899 4102 917 4143 a
941 4093 1029 4160 parte
1052 4087 1302 4160 septemtrionali
1325 4095 1355 4146 et
1371 4090 1453 4149 inter

185 4189 322 4256 domum,
348 4189 478 4248 fundum
508 4208 542 4248 ac
574 4193 716 4251 hedificia
750 4194 955 4267 providarum
988 4193 1157 4251 mulierum
1189 4201 1266 4268 puta
1290 4194 1453 4255 Elizabeth

186 4296 303 4366 relicte,
320 4311 355 4353 ac
381 4299 516 4369 Agnetis,
541 4298 604 4356 filie
633 4300 764 4356 condam
781 4301 840 4358 viri
864 4300 988 4373 providi
1006 4300 1120 4358 Mathie
1141 4299 1288 4372 agricole,
1316 4301 1454 4361 Frailich

186 4401 268 4471 dicti,
301 4404 377 4459 olim
409 4405 544 4461 concivis
575 4408 679 4473 nostri,
712 4407 857 4464 similiter
888 4407 1064 4464 concivium
1096 4412 1275 4464 nostrarum
1310 4422 1329 4465 a
1359 4416 1450 4481 parte

186 4508 382 4567 meridionali
405 4511 548 4568 habitum
572 4518 601 4568 et
626 4513 816 4580 existentem,
843 4515 977 4586 desuper
997 4529 1015 4570 a
1040 4512 1179 4587 predicta
1201 4512 1253 4571 via
1275 4528 1331 4571 seu
1347 4513 1455 4588 platea

184 4618 342 4675 communi
365 4619 495 4691 abipsa
518 4619 634 4675 oriente
658 4619 765 4676 habita
788 4627 818 4677 et
841 4635 939 4693 usque
964 4620 1122 4703 quandam
1140 4620 1225 4678 viam
1248 4633 1454 4680 communem

185 4735 243 4795 pro
266 4723 393 4780 introitu
416 4728 446 4781 et
469 4725 552 4782 exitu
575 4723 613 4779 ad
638 4724 741 4798 ipsam
757 4725 868 4783 turrim
893 4724 1054 4784 dimissam
1078 4733 1108 4784 et
1123 4727 1221 4785 eciam
1236 4741 1339 4801 usque
1354 4743 1455 4803 quan·

185 4826 258 4885 darn
283 4829 365 4886 viam
388 4845 586 4886 communem
610 4846 703 4903 penes
736 4832 864 4890 eandem
896 4833 1008 4890 turrim
1031 4832 1194 4891 ameridie
1223 4832 1264 4890 ad
1294 4834 1457 4909 quendam

184 4935 316 5009 gradum
350 4936 468 4993 ibidem
503 4953 596 5012 penes
628 4938 729 5013 ipsam
760 4941 871 4997 turrim
903 4939 942 4996 ad
972 4956 1100 4998 murum
1132 4955 1185 4999 seu
1208 4940 1335 5001 moenia
1356 4942 1458 5023 ipsius
