3278 5348
191 404 250 459 218
604 400 675 456 Duc.
702 395 771 455 160.
800 432 832 440 -
861 398 917 455 Au.
942 410 1028 475 1451.

770 715 857 780 160.

290 858 370 904 Anno
392 870 466 922 1451,
488 870 528 922 25Δ
548 857 661 904 octobris
690 857 838 919 Zagrabiae.

191 985 294 1041 Corum
317 986 430 1041 notario
445 985 563 1058 publico
586 986 700 1042 Iv'clcvnz
723 985 873 1058 quaedam,
903 981 1028 1057 Georgii
1046 991 1077 1042 et
1095 981 1241 1058 Stephani
1253 986 1437 1041 canonicorum

185 1092 301 1161 cuctrr'x,
322 1093 447 1164 quiaque
469 1110 614 1149 avrvruvrcm
636 1094 705 1166 jum
736 1110 792 1147 nou
824 1097 965 1164 acceptum
999 1098 1127 1165 questum
1160 1109 1255 1160 suum,
1271 1089 1438 1164 praebendu-

185 1198 295 1253 tionem
325 1199 441 1271 collegio
467 1207 526 1272 pro
557 1200 672 1255 aurinue
705 1216 774 1255 suae
794 1204 1014 1271 parentumque
1036 1215 1153 1254 suorum
1176 1198 1272 1254 salute
1293 1197 1367 1253 dono
1388 1195 1438 1252 dut.

290 1343 325 1399 ln
347 1344 471 1400 nomine
496 1343 624 1402 domini.
648 1344 738 1400 Anno
760 1357 777 1399 a
800 1342 961 1400 nativitate
984 1341 1123 1400 eiusdem
1154 1341 1327 1399 millesimo
1350 1338 1444 1398 CCCC

186 1448 443 1521 quinquagesimo
467 1451 580 1523 primo,
615 1449 785 1507 indiccione
808 1449 1048 1522 quartadecima,
1084 1448 1134 1506 die
1162 1449 1318 1520 vigesima
1347 1448 1445 1520 quinta

186 1556 299 1611 mensis
324 1556 468 1627 octobris,
492 1557 569 1614 hora
592 1572 795 1629 vesperarum
818 1557 870 1613 vel
887 1557 984 1629 quasi,
1002 1557 1032 1613 in
1049 1556 1100 1613 via
1116 1555 1244 1628 publica
1261 1562 1332 1613 ante
1348 1555 1447 1612 dotem

185 1676 238 1717 seu
262 1661 454 1733 prebendam
476 1663 597 1721 discreti
614 1662 674 1719 viri
706 1661 824 1720 domini
847 1662 995 1720 Anthonii
1018 1661 1057 1720 de
1079 1662 1227 1732 Dubicza,
1252 1660 1443 1735 pontificatus

186 1769 372 1825 sanctissimi
406 1771 436 1827 in
471 1770 594 1829 Christo
629 1772 725 1844 patris
756 1786 791 1827 ac
815 1769 933 1828 domini
965 1770 1094 1840 Nicolai,
1119 1769 1225 1827 divina
1249 1767 1448 1842 providencia

186 1888 268 1948 pape
292 1876 400 1948 quinti,
423 1892 503 1935 anno
527 1879 643 1951 quinto.
666 1879 700 1935 ln
724 1878 785 1935 mei
808 1877 921 1936 notarii
944 1877 1064 1951 publici
1095 1882 1125 1934 et
1147 1876 1275 1934 testium
1296 1875 1449 1948 subscrip·

187 1985 291 2037 torum
326 1985 485 2054 presencia
519 1986 684 2042 constituta
718 1984 924 2057 personaliter
957 1982 1091 2057 provida
1126 1988 1156 2041 et
1185 1982 1315 2040 honesta
1340 1982 1449 2039 mulier

184 2087 281 2145 Elena
315 2096 433 2161 vocata,
467 2092 544 2149 alias
579 2093 697 2149 coctrix
730 2091 963 2149 honorabilium
999 2091 1141 2148 virorum
1175 2089 1296 2147 domini
1319 2088 1449 2146 condam

186 2193 311 2266 Georgii
336 2196 462 2268 plebani
487 2197 524 2255 de
547 2198 672 2270 Royche
696 2204 725 2255 et
756 2197 913 2271 Stephani,
937 2197 1042 2254 fratris
1076 2197 1124 2254 sui
1156 2197 1299 2267 carnalis,
1331 2195 1449 2253 canoni·

186 2315 293 2358 corum
318 2303 445 2361 ecclesie
468 2306 684 2377 zagrabiensis,
709 2305 853 2362 omnibus
885 2304 1068 2361 melioribus
1100 2303 1210 2374 modis,
1241 2302 1318 2379 jure,
1349 2303 1400 2360 via
1422 2307 1449 2358 et

186 2422 285 2479 causa,
310 2411 423 2482 quibus
448 2412 559 2470 melius
582 2418 612 2470 et
643 2412 798 2469 efficacius
831 2411 940 2485 potuit,
972 2411 1117 2467 universa
1147 2410 1280 2467 servicia
1308 2425 1365 2466 sua
1396 2424 1450 2483 per

186 2516 321 2588 quinque
352 2532 448 2576 annos
479 2518 599 2591 prelato
630 2519 758 2576 domino
790 2517 925 2590 Georgio
948 2524 977 2575 et
1000 2534 1057 2592 per
1081 2531 1271 2589 consequens
1295 2515 1449 2590 Stephano

186 2619 273 2678 fratri
304 2639 360 2681 suo
391 2625 529 2683 exhibita
553 2633 582 2683 et
606 2626 741 2684 fideliter
765 2626 914 2698 impensa,
939 2623 1168 2696 eidemquoque
1191 2623 1322 2679 minime
1347 2636 1450 2696 perso·

187 2729 261 2800 luta,
286 2746 344 2803 pro
367 2733 530 2789 animabus
554 2737 718 2806 parentum
739 2747 866 2789 suorum
891 2737 921 2788 et
943 2746 1007 2803 sua,
1031 2736 1151 2787 tanturn
1167 2729 1315 2787 videlicet
1331 2728 1450 2786 exsolvi

186 2842 216 2890 ct
240 2838 336 2910 recipi
370 2839 462 2896 solita
497 2847 526 2896 et
561 2847 714 2911 consveta,
747 2841 826 2897 sicut
856 2845 886 2896 et
909 2839 980 2896 aliis
1004 2838 1188 2895 coctricibus
1211 2853 1303 2895 sexus
1327 2836 1450 2894 feminei

186 2941 216 2996 in
241 2944 377 3013 capitulo
401 2946 520 3018 prefate
543 2948 670 3006 ecclesie
694 2947 908 3019 zagrabiensis,
933 2945 1073 3003 discretis
1103 2944 1188 3013 viris,
1222 2943 1357 3001 dominis
1386 2943 1452 3001 uni·

187 3047 284 3102 versis
307 3051 520 3119 prebendariis
552 3055 638 3112 chori
670 3054 847 3128 pretitulate
878 3053 1005 3110 ecclesie
1035 3050 1242 3123 zagrabiensis
1265 3050 1309 3108 ita
1340 3055 1450 3119 tamen,

187 3151 273 3221 quod
297 3154 425 3211 eandem
450 3159 480 3214 in
504 3162 701 3218 oracionibus
724 3161 865 3233 ipsorum
888 3173 925 3216 eo
948 3157 1043 3215 modo
1060 3157 1209 3214 memorie
1225 3156 1450 3224 commendent,

184 3257 262 3314 sicut
293 3264 323 3316 et
356 3261 433 3318 alios
466 3265 606 3337 ipsorum
636 3266 830 3325 coadiutores
854 3275 883 3323 et
906 3264 1118 3323 benefactores
1140 3278 1198 3339 pro
1222 3263 1332 3322 eadem
1357 3264 1449 3322 deum

186 3365 351 3438 exorand0,
377 3367 470 3442 dedit,
495 3372 623 3431 donavit
654 3380 683 3431 et
717 3375 814 3447 recipi
849 3372 1020 3441 commisit;
1055 3372 1140 3446 ipsos
1173 3376 1276 3428 tamen
1308 3370 1450 3429 dominos

186 3471 318 3529 condam
353 3474 523 3548 Georgium
559 3485 589 3536 et
624 3478 817 3552 Stephanum
853 3479 982 3536 fratrem
1017 3493 1075 3551 pro
1106 3478 1176 3535 aliis
1210 3476 1334 3534 duobus
1357 3477 1451 3548 annis,

186 3578 300 3649 quibus
324 3580 398 3652 ipsis
420 3581 539 3640 diucius
563 3591 633 3641 ante
657 3584 755 3643 dictos
772 3586 907 3658 quinque
923 3599 1019 3642 annos
1036 3584 1223 3655 servivisset,
1240 3600 1299 3657 pro
1315 3583 1451 3657 quadam

185 3701 283 3757 parva
325 3689 496 3758 peccuniali
527 3691 686 3747 solucione
719 3708 775 3764 per
812 3692 896 3765 ipsos
931 3690 1012 3748 iacta
1048 3691 1168 3763 quietos
1202 3688 1391 3748 reddidisset
1423 3694 1453 3747 et

185 3792 346 3865 expeditos
381 3796 544 3853 commisit.
581 3795 681 3869 Super
716 3798 830 3870 quibus
854 3797 998 3854 omnibus
1022 3802 1052 3854 et
1075 3796 1206 3867 singulis
1229 3795 1383 3854 discretus
1403 3797 1452 3854 vir

184 3898 328 3956 dominus
365 3900 547 3958 Valentinus
582 3903 734 3975 plebanus
769 3904 867 3961 sancti
902 3902 1050 3960 Anthonii
1085 3901 1123 3958 de
1159 3901 1227 3959 vico
1257 3901 1452 3973 Latinorum,

185 4006 408 4081 prebendarius
439 4015 468 4065 et
500 4008 632 4065 decanus
663 4009 914 4083 supradictorum
946 4008 1144 4066 dominorum
1169 4006 1450 4081 prebendariorum

183 4113 307 4171 nomine
342 4120 372 4170 et
407 4116 437 4171 in
474 4131 607 4188 persona
642 4116 782 4187 ipsorum
818 4132 835 4172 a
871 4131 921 4172 me
956 4115 1078 4173 notario
1101 4113 1229 4187 publico
1253 4113 1451 4189 infrascripto

184 4236 280 4277 unum
304 4220 355 4277 vel
377 4222 478 4293 plura,
503 4222 667 4295 publicum
690 4238 742 4279 seu
768 4223 895 4296 publica
919 4223 1160 4279 instrumentum
1175 4236 1229 4277 seu
1247 4221 1451 4279 instrumenta

184 4327 252 4385 sieri
286 4334 315 4384 et
350 4327 459 4384 confici
492 4329 592 4401 peciit.
628 4330 704 4384 Acta
740 4335 810 4385 sunt
833 4331 889 4387 hec
919 4335 948 4386 et
972 4328 1053 4385 iacta
1076 4342 1164 4399 ann0,
1189 4326 1370 4397 indiccione,
1393 4327 1451 4397 die,

184 4436 261 4506 loco,
296 4436 382 4506 hora,
418 4451 522 4492 mense
556 4444 586 4492 et
616 4435 823 4507 pontificatus,
847 4438 961 4509 quibus
984 4451 1088 4509 supra.
1111 4433 1310 4492 Presentibus
1333 4434 1449 4493 ibidem

183 4542 282 4600 nobili
306 4547 336 4600 et
360 4541 503 4614 provido,
527 4542 619 4600 viris:
645 4542 790 4599 Ladislao
811 4542 849 4599 de
870 4543 1024 4614 liarocha,
1049 4542 1128 4599 alias
1151 4539 1301 4598 familiari
1334 4538 1449 4599 domini

183 4649 331 4731 Johannis
363 4650 496 4707 cantoris
528 4655 557 4707 et
588 4649 725 4706 canonici
757 4665 792 4705 ac
823 4650 931 4707 vicarii
965 4650 1076 4707 eclesie
1101 4646 1219 4722 prefate
1242 4647 1450 4719 zagrahiensis

183 4761 212 4813 et
236 4755 396 4829 Gregorio,
429 4756 582 4827 litteratis,
617 4754 656 4812 de
680 4755 872 4830 Kaproncza,
896 4757 1025 4815 testibus
1049 4756 1087 4813 ad
1112 4755 1265 4829 premissa
1281 4755 1400 4812 vocatis
1420 4756 1449 4810 et

181 4863 308 4935 rogatis.
