3278 5348
496 379 568 440 Doc.
592 392 657 436 ιη.
681 373 750 449 118,
773 412 816 423 -
839 379 896 437 An.
920 374 1012 458 1438.
1331 395 1389 450 155

114 609 229 654 corum
254 600 284 655 et
308 597 441 655 aliarum
466 613 573 656 rerum
596 611 741 667 suarum;
765 597 840 655 item
864 595 985 654 Blasius
1004 593 1125 671 juratus
1149 599 1225 656 civis
1257 597 1391 656 civitatis

119 702 275 777 predicte,
299 704 366 761 sola
397 705 428 761 in
464 719 595 777 persona
630 704 714 761 iuxta
749 702 1015 761 adiudicacionem
1048 704 1204 762 dictorum
1237 704 1391 762 banorum

113 826 214 884 super
246 811 356 883 viginti
379 810 505 869 fiorenis
537 811 606 868 auri
643 826 700 885 per
733 810 876 867 homines
900 816 930 867 et
962 810 1131 869 familiares
1167 810 1240 869 dicti
1270 810 1392 868 comitis

114 916 275 975 Vlriciin
299 918 491 990 possessione
514 932 569 974 sua
601 915 751 1003 Ralonolr
785 922 902 988 vocata,
938 918 1041 975 minus
1076 916 1155 994 juste
1190 923 1219 975 et
1254 916 1391 974 indebite

81 1053 89 1060 ·
120 1025 273 1098 receptis;
297 1025 372 1082 item
396 1024 545 1083 Nicolaus
567 1023 725 1082 aurifaber
740 1021 858 1098 juratus
874 1023 950 1080 civis
973 1025 1071 1098 ipsius
1095 1024 1237 1094 civitatis,
1254 1023 1320 1081 sola
1336 1038 1392 1081 sua

119 1131 151 1188 in
175 1146 311 1205 persona
333 1146 428 1204 super
458 1132 594 1205 quinque
617 1146 688 1188 cum
711 1129 815 1188 medio
850 1128 973 1188 florenis
1005 1131 1081 1202 auri,
1113 1130 1223 1188 valore
1247 1129 1392 1187 videlicet

121 1237 215 1295 unius
240 1238 312 1311 equi
335 1238 382 1295 sui
406 1252 442 1295 ac
466 1236 544 1295 freni
567 1241 597 1295 et
620 1237 697 1295 selle
706 1255 713 1307 ;
750 1237 825 1294 item
855 1237 990 1320 Jacobus
1026 1237 1103 1294 alias
1132 1235 1227 1313 judex
1258 1235 1391 1294 civitatis

126 1341 276 1417 predicte,
300 1344 367 1402 sola
389 1360 445 1403 sua
468 1345 499 1403 in
522 1360 653 1420 persona
676 1345 761 1402 iuxta
786 1345 1036 1405 commissionem
1060 1345 1214 1404 dictorum
1238 1343 1394 1402 banorum

84 1477 92 1484 ·
120 1465 213 1507 suum
227 1449 371 1523 deposuit
386 1449 597 1526 juramentum
612 1456 705 1525 prout
720 1451 828 1509 debuit
844 1467 939 1524 super
954 1466 1000 1522 eo,
1021 1451 1105 1526 quod
1136 1453 1203 1525 ipse
1235 1447 1390 1523 quendam

123 1555 314 1615 familiarem
337 1557 412 1616 dicti
436 1558 598 1632 Vylhelmi
620 1572 681 1615 non
705 1558 900 1631 captivasset,
925 1559 956 1616 in
980 1559 1108 1616 ecclesia
1130 1559 1270 1631 ipsorum
1299 1569 1390 1629 paro·

124 1663 217 1721 chiali
234 1663 265 1721 in
287 1664 406 1722 honore
428 1666 524 1723 sancti
540 1665 637 1722 Marci
660 1664 858 1737 ewangeliste
881 1665 912 1722 in
936 1664 1043 1723 eadem
1062 1665 1185 1723 civitate
1207 1667 1390 1734 constructa,

126 1783 228 1827 coram
254 1769 344 1827 dictis
366 1768 521 1844 judicibus
544 1771 698 1828 nobilium
715 1772 880 1828 comitatus
903 1772 1110 1844 zagrabiensis
1135 1776 1163 1827 et
1183 1774 1289 1827 nostro
1304 1768 1388 1827 testi-

125 1877 231 1934 monio
268 1877 502 1950 prescriptaquc
536 1891 645 1934 eorum
677 1877 848 1935 iuramenta
885 1884 978 1950 prout
1013 1876 1200 1946 debuissent,
1237 1875 1388 1947 legittime

125 1980 344 2056 deposuissent.
369 1983 446 2041 Item
469 1983 500 2041 in
531 1982 671 2041 clausula
703 1999 760 2056 pro
794 1991 883 2057 parte
917 1982 1130 2042 Bartholomei
1153 1982 1323 2056 vitriparis,
1354 1980 1387 2038 in

125 2085 202 2146 dicta
226 2089 353 2146 civitate
388 2089 619 2160 commorantis,
643 2089 729 2147 iuxta
759 2091 1010 2148 commissionem
1045 2088 1200 2147 dictorum
1234 2089 1389 2144 banorum

124 2208 227 2253 coram
251 2194 368 2252 eisdem
400 2200 502 2254 vestre
536 2196 708 2254 serenitatis
743 2202 773 2254 et
809 2196 992 2254 eorumdem
1027 2197 1180 2255 banorum
1209 2193 1389 2252 hominibus

94 2323 103 2348 ·.
121 2298 203 2359 iuxta
226 2305 368 2360 contenta
393 2299 575 2359 earumdem
598 2302 773 2360 litterarum
799 2309 900 2361 vestre
924 2304 1097 2360 serenitatis
1129 2302 1302 2375 proborum
1343 2299 1388 2356 vi·

121 2421 227 2465 rorum
251 2407 283 2464 in
306 2407 501 2482 presenciam
525 2406 712 2465 eorumdem
745 2407 952 2467 adductorum
987 2408 1246 2479 attestacionibus‚
1271 2419 1389 2464 necnon

117 2513 347 2572 sufficientibus
371 2513 442 2572 aliis
465 2514 710 2587 probacionibus
733 2520 763 2572 et
787 2514 980 2574 documentis
1001 2515 1033 2573 id
1058 2514 1286 2589 comprobavit,
1303 2510 1388 2586 quod

113 2614 261 2678 homines
284 2625 313 2676 ct
337 2618 508 2678 familiares
531 2619 644 2693 prefati
676 2621 798 2679 comitis
829 2622 928 2680 Vlrici
962 2637 1096 2679 unacum
1123 2622 1234 2694 viginti
1264 2618 1387 2678 florenis

112 2727 195 2797 auri,
221 2739 301 2798 quos
332 2725 450 2784 eisdem
481 2742 576 2800 super
603 2728 797 2786 relaxacionc
832 2735 862 2786 et
894 2730 1098 2804 permissione
1134 2727 1172 2786 de
1206 2728 1387 2802 captivitate

111 2831 265 2908 ipsorum
289 2831 369 2890 facta
392 2833 554 2908 persolvit,
569 2849 605 2891 ac
626 2850 697 2892 cum
720 2836 814 2894 rebus
837 2844 866 2894 et
889 2836 977 2909 equis
993 2835 1203 2909 computando
1226 2835 1258 2892 in
1280 2834 1388 2891 valore

105 2941 280 3014 sexaginta
302 2940 393 2998 unius
415 2939 524 2997 floreni
546 2941 614 2998 auri
638 2941 740 2999 eidem
765 2941 984 3000 bartholomeo
1017 2942 1154 3015 dampna
1188 2941 1385 2999 intullissent

100 3042 193 3107 Item
219 3047 250 3104 in
274 3046 413 3104 clausula
436 3047 560 3105 racione
584 3048 805 3120 homagiorum
820 3049 982 3106 hominum
1006 3047 1239 3107 interfectorum
1263 3052 1293 3104 et
1317 3047 1386 3104 vul·

101 3168 226 3213 nerum
251 3153 282 3210 in
306 3151 424 3210 eisdem
447 3152 559 3211 litteris
583 3154 721 3213 eiusdem
744 3161 847 3213 vestre
870 3157 1042 3214 serenitatis
1066 3155 1248 3229 conscripta,
1272 3151 1386 3227 prefati

72 3280 77 3285 ·
108 3262 203 3319 cives
228 3274 300 3317 cum
324 3259 414 3316 certis
438 3259 549 3317 litteris
581 3261 869 3333 inquisicionalibus
900 3268 930 3319 et
965 3263 1272 3336 quamplurimorum
1294 3261 1385 3319 nobi·

102 3365 194 3426 lium
219 3366 395 3424 vicinorum
424 3372 453 3424 et
477 3373 760 3425 commetaneorum
791 3368 937 3426 videlicet
966 3370 1167 3443 zagrabiensi,
1197 3369 1333 3427 crisiensi
1355 3373 1386 3427 et

104 3470 337 3530 vvarasdinensi
368 3473 566 3529 comitatibus
597 3475 807 3547 existencium,
824 3490 929 3555 coram
954 3475 1070 3533 eisdem
1087 3476 1266 3534 hominibus
1283 3481 1384 3535 vestre

114 3579 289 3636 maiestatis
311 3577 517 3636 adductorum
551 3579 582 3636 id
612 3580 800 3640 sufficienter
836 3583 1097 3656 comprobassent,
1129 3582 1210 3656 quod
1246 3582 1385 3656 prefatus

110 3683 307 3743 Wilhelmus
330 3699 401 3741 cum
424 3686 487 3742 suis
510 3686 716 3759 complicibus
740 3687 789 3746 die
820 3687 959 3761 predicto
983 3689 1022 3746 ad
1047 3694 1150 3746 tenuta
1181 3694 1211 3747 et
1233 3691 1382 3748 terminos

113 3791 215 3864 ipsius
238 3790 373 3848 civitatis
397 3805 491 3849 manu
515 3798 633 3851 armata
657 3796 792 3866 veniens,
824 3794 980 3870 predictos
1003 3796 1086 3853 cives
1109 3796 1141 3854 in
1164 3796 1302 3854 custodia
1324 3802 1383 3854 ter·

115 3898 274 3955 minorum
298 3894 379 3954 dicte
402 3897 537 3955 civitatis
560 3901 741 3958 constitutos
765 3902 869 3959 minus
894 3903 972 3960 iuste
996 3908 1025 3959 et
1048 3902 1184 3961 indebite
1209 3910 1277 3960 octo
1301 3903 1383 3960 cives

115 4019 154 4061 ex
177 4002 296 4061 eisdem
317 4010 347 4061 et
370 4019 467 4063 unum
491 4004 678 4065 familiarem
703 4008 865 4066 cuiusdam
889 4010 966 4066 civis
982 4025 1055 4066 nece
1078 4010 1250 4067 miserabili
1274 4010 1383 4068 intere·

114 4110 222 4168 misset
238 4124 273 4168 ac
296 4109 403 4168 decem
420 4116 449 4169 et
466 4119 535 4169 octo
555 4128 593 4170 ex
609 4113 685 4187 ipsis
701 4113 836 4172 letaliter
851 4116 1052 4186 vulnerasset,
1076 4131 1193 4174 necnon
1218 4115 1382 4174 duodecim

115 4232 153 4274 ex
176 4217 254 4290 ipsis
278 4217 399 4274 civibus
423 4223 530 4292 captos
546 4218 583 4276 ad
609 4219 726 4278 dictum
751 4228 888 4279 castrum
912 4222 1032 4281 Medwe
1064 4223 1252 4293 abduxisset,
1284 4223 1382 4295 ipsos-

114 4337 175 4396 que
198 4323 345 4381 omnibus
366 4325 462 4383 rebus
486 4331 515 4383 et
536 4326 625 4383 bonis
649 4327 791 4400 ipsorum
814 4334 878 4386 tam
904 4328 1137 4387 interfectorum
1162 4343 1256 4401 quam
1274 4327 1381 4385 vulne·

112 4436 253 4490 natorum
277 4437 307 4489 et
329 4412 559 4506 captivatorum
583 4434 764 4507 spoliasset;
789 4452 925 4510 quorum
951 4436 1077 4509 quidem
1102 4437 1220 4494 civium
1235 4435 1379 4507 homagia

114 4536 202 4595 iuxta
225 4536 385 4596 libertates
408 4544 438 4596 et
461 4536 527 4613 jura
559 4539 639 4598 dicte
663 4542 797 4601 civitatis
830 4559 885 4617 per
915 4543 1071 4618 predictos
1102 4542 1243 4601 homines
1280 4547 1381 4600 vestre

113 4643 286 4703 serenitatis
310 4659 368 4719 pro
389 4646 519 4719 singulis
552 4648 674 4705 civibus
704 4648 872 4707 interfectis
908 4667 963 4724 per
998 4651 1224 4724 quinquaginta
1259 4664 1379 4708 marcas

113 4749 315 4809 denariorum
337 4753 500 4826 regalium,
524 4753 706 4828 homagium
730 4772 806 4815 vero
829 4756 904 4815 dicti
926 4756 1092 4816 familiaris
1116 4773 1173 4833 pro
1196 4773 1249 4815 sex
1266 4756 1378 4815 marcia

112 4855 316 4916 denariorum
347 4860 492 4919 similiter
527 4862 689 4935 regalium,
727 4864 849 4922 solvere
885 4863 1034 4936 debenda,
1060 4864 1246 4924 iudicialiter
1275 4864 1380 4923 decre·
