3278 5348
557 444 631 503 Dae.
659 440 727 520 383.
738 440 817 522 384.
841 478 884 488 -
909 445 965 501 An.
991 438 1085 519 1496.
1388 458 1449 513 507

186 659 366 717 nullatenus
403 660 623 733 presummatis
658 677 715 720 nec
746 660 813 720 sitis
847 660 914 718 ausi
952 658 1048 717 modo
1083 658 1232 732 aliquali;
1254 659 1403 732 quoniam
1426 658 1453 717 si

186 781 274 824 secus
308 765 451 837 feceritis,
486 776 580 841 prout
603 783 621 826 a
645 769 729 842 regia
750 768 909 826 maiestate
933 766 1184 825 commissionem
1214 766 1375 836 habemus,
1399 766 1453 824 tri·

186 873 263 930 buta
286 872 350 945 illa,
375 874 407 932 in
432 874 546 949 quibus
563 875 753 934 contrarium
770 872 949 933 huiusmodi
966 872 1108 944 feceritis,
1134 886 1192 946 pro
1215 886 1270 929 sua
1293 871 1453 930 maiestate

186 980 332 1053 occupari
356 978 512 1038 faciemus.
544 980 638 1039 Secus
670 996 744 1054 ergo
767 996 828 1039 non
852 979 973 1038 facturi.
997 978 1195 1037 Presentibus
1219 977 1373 1051 perlectis,
1396 994 1449 1035 ex-

186 1085 305 1144 hibenti
335 1087 492 1145 restitutis¹
516 1088 633 1145 Datum
664 1088 696 1146 in
719 1087 877 1145 Modrusio
900 1087 930 1144 in
967 1085 1121 1143 dominica
1139 1084 1257 1168 Judica.
1281 1085 1370 1142 Anno
1395 1083 1451 1142 do·

186 1192 264 1249 mini
287 1192 457 1252 millesimo
482 1194 788 1267 quadringentesimo
806 1194 1008 1267 nonagesimo
1032 1199 1126 1251 sexto.

292 1328 426 1392 Originale
445 1331 472 1380 in
491 1331 586 1384 charta.
606 1332 639 1380 In
658 1331 773 1396 margine
796 1332 913 1381 interiori
932 1332 1086 1396 impressum
1099 1338 1139 1379 est
1157 1328 1279 1392 sigillum.
1299 1328 1332 1377 In
1362 1325 1451 1378 collec.

184 1412 253 1465 dom.
267 1417 409 1484 Lasovslry.

775 1595 860 1661 383.

294 1721 374 1768 Anno
397 1721 471 1782 1496,
495 1733 534 1782 19.
552 1721 633 1785 Junii.
655 1721 803 1784 Zagmbiae.

185 1829 215 1886 A
244 1828 369 1904 Georgia
391 1833 517 1905 episcopo
540 1832 688 1888 rosanensi
709 1849 813 1888 novum
836 1831 860 1891 b.
884 1848 909 1890 u.
931 1830 1054 1887 Mariae
1069 1832 1163 1887 altare
1186 1830 1217 1885 in
1232 1826 1395 1886 cathedrali
1413 1841 1453 1883 ec·

597 1938 683 1995 alesia
705 1938 825 2011 zagrab.
850 1945 1041 1997 consecratur.

297 2080 388 2156 1496,
404 2081 524 2140 decima
540 2096 620 2140 nona
642 2083 756 2140 mensis
780 2083 872 2166 Junii.
896 2082 961 2156 Ego
985 2081 1138 2153 Georgius
1168 2077 1351 2147 rosonensis‚
1369 2090 1453 2134 com·

187 2186 398 2245 mendatarius
430 2189 555 2246 abbatie
586 2190 774 2263 toplicensis,
807 2190 985 2263 prepositus
1019 2187 1216 2256 chasmensis
1240 2184 1453 2255 suffraganeus

186 2295 278 2352 huius
298 2296 426 2353 ecclesie
456 2296 663 2368 zagrabiensis
694 2303 749 2354 etc.
781 2297 959 2354 consecravi
982 2296 1041 2352 hoc
1064 2294 1163 2351 altare
1187 2293 1218 2350 in
1243 2292 1359 2348 honore
1382 2288 1450 2361 glo·

185 2400 267 2458 riose
289 2402 416 2474 virginis
440 2403 543 2460 Marie.
567 2402 709 2475 Reliquie
725 2408 828 2460 autem
852 2402 902 2459 hic
925 2401 1074 2474 reposite:
1098 2400 1172 2458 item
1196 2397 1234 2456 de
1257 2397 1359 2455 tunica
1382 2408 1451 2452 san·

186 2511 234 2565 cte
247 2507 392 2579 Mariede
404 2509 506 2566 cilicio
515 2510 768 2593 sanctiJohannis
781 2509 914 2583 baptiste
937 2514 967 2565 et
980 2509 1075 2565 latere
1088 2507 1185 2564 sancti
1199 2503 1346 2578 Stephani
1363 2501 1452 2574 regis.

293 2643 427 2708 Originale
451 2645 478 2693 in
497 2644 653 2702 membrana,
673 2644 735 2694 olim
754 2646 782 2695 in
800 2645 876 2694 altari
894 2646 920 2696 b.
938 2662 963 2697 v.
983 2645 1081 2694 Mariae
1100 2645 1128 2694 in
1145 2642 1207 2695 eccl.
1219 2641 1333 2692 cathedr,
1352 2638 1452 2703 aagrab.

788 2822 874 2888 384.

296 2944 377 2992 Anno
399 2945 472 3005 1496.
493 2958 517 3006 4.
540 2945 662 3008 Augusti.
683 2947 713 2993 In
735 2944 824 2996 Bihad.

184 3052 337 3127 lohannes
366 3053 515 3123 Caraimes,
540 3055 697 3112 Slaaamae
717 3064 764 3124 etc,
787 3055 858 3125 dux,
881 3057 1006 3113 civitatis
1029 3055 1172 3127 deputatis
1191 3053 1321 3123 aeandat,
1343 3069 1378 3108 ne
1404 3051 1453 3107 im·

176 3157 309 3230 padoane,
332 3166 403 3234 qum
440 3161 565 3219 Thomas
598 3170 627 3219 et
647 3163 821 3222 Franciscus
841 3164 942 3220 Bae‘an
973 3163 1085 3230 nabiles,
1117 3160 1337 3233 Cathorinaque
1359 3163 1453 3214 mater

186 3284 282 3322 earum
305 3267 336 3323 in
361 3270 563 3340 passessionem
593 3269 726 3327 domuum
748 3288 868 3327 suarum
891 3271 921 3325 in
952 3275 1150 3326 communalate
1179 3269 1301 3324 satarum
1325 3264 1452 3324 amians.

292 3411 356 3470 Nos
377 3413 533 3496 Johannes
556 3414 718 3487 Coruinus,
741 3415 868 3488 Opauie‚
886 3416 1123 3489 Lypthouieque
1140 3413 1203 3470 dux
1226 3428 1262 3470 ac
1284 3425 1451 3484 regnorum

189 3518 360 3590 Dalmacie,
393 3518 522 3578 Croacie
545 3527 574 3578 et
610 3520 773 3578 Sclauonie
796 3522 895 3579 banus
918 3529 974 3578 etc.
1000 3519 1141 3579 Providis
1164 3535 1200 3576 ac
1222 3501 1454 3576 circumspectis

188 3622 284 3700 judici
316 3631 346 3683 et
377 3624 495 3701 juratis,
528 3627 782 3699 universitatique
811 3627 926 3684 civium
951 3627 1084 3684 civitatis
1114 3630 1217 3684 nostre
1242 3621 1355 3680 montis
1378 3617 1454 3676 Gre-

189 3732 294 3803 censis‚
326 3731 472 3791 fidelibus
495 3735 586 3791 nobis
608 3736 725 3792 sincere
749 3734 879 3805 dilectis,
902 3735 1033 3792 salutem
1059 3738 1089 3791 et
1112 3737 1249 3789 nostram
1273 3724 1454 3787 benivolen-

189 3838 277 3896 ciam.
308 3839 492 3912 Expositum
525 3848 571 3897 est
605 3842 694 3898 nobis
727 3856 784 3915 pro
808 3847 896 3914 parte
928 3840 1082 3898 nobilium
1106 3839 1225 3896 Thome
1248 3842 1278 3894 et
1301 3831 1455 3892 Francisci

189 3943 228 4001 de
260 3944 398 4017 Bathyan
422 3952 451 4004 et
484 3946 608 4004 domine
637 3948 812 4016 Katherine‚
836 3948 945 4004 matris
969 3946 1161 4015 eorumdem,
1184 3957 1302 4002 necnon
1327 3941 1454 3998 domine

189 4054 277 4109 Anne
312 4052 435 4119 sororis,
470 4054 604 4127 qualiter
635 4055 718 4128 ipsos
750 4053 884 4127 quedam
910 4054 1021 4111 domus
1045 4055 1075 4110 in
1111 4053 1167 4110 illa
1190 4057 1296 4108 nostra
1317 4047 1454 4117 civitate,

189 4173 284 4230 quam
308 4157 435 4231 quidem
459 4159 585 4218 Domlro
611 4161 785 4233 Perowych
810 4160 989 4233 possidebat
1013 4160 1208 4234 temporibus
1231 4153 1455 4230 superioribus,

189 4265 273 4339 ipsos
304 4272 492 4338 exponentes
521 4266 588 4342 jure
623 4267 809 4325 hereditario
842 4276 1045 4337 concerneret,
1070 4273 1162 4339 atque
1186 4265 1246 4338 ipsi
1271 4259 1456 4320 sufficientia

188 4368 258 4445 jura
281 4371 397 4429 habere
420 4387 452 4429 se
468 4373 669 4442 affirmarent,
683 4374 830 4432 nolumus
853 4379 957 4430 tamen
980 4388 1035 4431 nos
1052 4372 1234 4446 quempiam
1257 4371 1288 4427 in
1312 4369 1453 4442 ipsorum

187 4475 286 4554 justis,
311 4478 394 4535 veris
417 4484 447 4535 et
478 4473 638 4551 legittimis
661 4477 783 4554 juribus
806 4479 935 4554 privari,
959 4479 1103 4552 quocirca
1127 4478 1217 4536 vobis
1239 4478 1351 4535 harum
1375 4473 1454 4532 serie

187 4584 383 4659 presencium
406 4584 597 4641 strictissime
622 4585 845 4643 committimus
869 4590 898 4642 11
915 4585 1108 4654 mandamus,
1133 4583 1282 4659 ampliori
1305 4580 1453 4639 mandato

186 4695 293 4748 nostro
325 4689 490 4763 superinde
521 4705 582 4748 non
617 4697 785 4765 expectato,
817 4696 979 4749 annotatos
1009 4691 1163 4749 Thomam
1194 4696 1224 4748 et
1253 4688 1453 4747 Franciscum

187 4810 306 4854 necnon
336 4795 495 4853 dominam
520 4796 722 4855 Katherinam
747 4802 878 4855 matrem
903 4804 933 4854 et
958 4800 1078 4855 Annam
1102 4811 1250 4865 sororem,
1273 4795 1383 4853 revisis
1406 4795 1453 4868 ip·

189 4917 295 4961 sorum
319 4902 402 4959 veris
426 4908 456 4958 et
479 4901 639 4975 legittimis
651 4901 781 4978 juribus,
795 4900 882 4978 juxta
898 4905 1057 4977 antiquam
1081 4909 1110 4960 et
1134 4903 1343 4977 approbatam
1358 4901 1453 4959 liber·
