3256 5346
665 446 766 507 Index.
793 479 832 488 -
858 446 893 508 Z.
1347 449 1408 519 585

178 675 310 740 Johannes
329 674 362 723 de
380 674 461 724 Staio.
480 672 541 726 242.
560 672 620 726 265.
639 671 699 727 276.

177 746 298 811 Jacobus,
318 745 415 798 archid.
434 745 584 809 goricensis.
603 742 664 796 242.
688 742 749 797 294.

177 818 319 883 Johannes,
337 816 426 868 lector.
445 815 505 868 244.
524 815 584 868 318.

179 888 324 945 Ladislaus,
342 896 428 937 custos
455 887 516 940 244.
535 885 595 938 265.
614 884 674 938 276.
689 885 749 939 318.

178 1030 267 1095 Eiyas,
287 1037 373 1078 custos
393 1028 556 1080 chasmensis.
576 1026 635 1081 244.
655 1027 717 1081 346.

179 1102 291 1165 Leonus,
310 1100 408 1150 archid.
428 1099 587 1152 hamarcens.
606 1097 667 1151 244.

178 1172 292 1220 Thomas
319 1171 438 1236 Thompa
469 1171 501 1219 de
530 1172 659 1221 Horzova.
688 1166 750 1221 249.

213 1241 275 1293 265.
294 1240 355 1293 277.
375 1239 434 1292 346.
453 1237 514 1292 357.
534 1240 594 1295 360.
614 1239 676 1293 380.
689 1239 749 1293 398.

178 1312 283 1369 Paulus,
303 1312 399 1362 archid.
420 1313 452 1360 de
471 1312 580 1363 Waska.
599 1310 660 1364 265.

178 1384 340 1440 Vincentius,
360 1384 458 1434 doctor.
477 1381 537 1434 265.

181 1453 307 1502 Nicolaus
325 1453 449 1505 Toldner.
468 1451 528 1504 265.

181 1524 310 1574 Albertus
330 1525 362 1573 de
381 1524 483 1575 Salaad.
501 1520 562 1575 266.

181 1596 312 1644 Gerardus
336 1596 368 1643 de
392 1595 483 1646 Patak.
511 1593 571 1645 266.
600 1589 660 1645 277.
688 1591 749 1645 318.

214 1664 273 1718 346.
292 1665 353 1717 360.

179 1736 304 1786 Martinus
322 1736 355 1785 de
374 1738 475 1799 Ratges
494 1742 519 1785 et
533 1734 748 1799 Reyffnicz.266.

175 1808 309 1872 Johannes
327 1806 360 1858 de
378 1808 525 1858 Martinecz.
544 1806 604 1858 266.
623 1803 685 1858 354.

179 1879 335 1934 Demetrius,
354 1878 448 1927 decret.
469 1880 514 1929 Dr.
534 1875 594 1929 266.
614 1873 674 1928 277.
688 1876 748 1930 294.

216 1945 276 2001 3116.
289 1948 349 1999 313.
368 1947 428 1999 342.
448 1946 588 2000 343386.

179 2018 305 2068 Nicolaus
324 2020 356 2068 de
376 2018 527 2071 zabothina
547 2016 607 2070 266.

179 2090 281 2139 Blasius
299 2090 332 2138 de
351 2090 501 2141 Glannicza.
519 2088 580 2141 266.

178 2161 282 2217 Paulus,
301 2161 397 2211 archid.
417 2160 575 2213 hamarcens.
594 2159 654 2212 276.

835 674 977 738 Johannes,
996 674 1086 726 lector.
1105 673 1165 728 380.
1186 672 1248 727 395.
1267 670 1330 727 397.
1348 670 1409 724 417.

840 746 1000 796 Franciscus.
1019 744 1079 797 395.

840 816 923 865 Lucas
943 816 990 882 (de
1008 815 1147 880 Dombro).
1166 814 1227 869 395.
1246 812 1307 868 482.
1326 813 1386 869 493,

839 886 943 937 Paulus.
963 884 1024 939 395.

840 957 967 1009 Clemens.
987 956 1047 1010 395.
1356 979 1362 990 ·

841 1028 941 1077 Blasius
960 1029 1003 1079 dd.
1023 1029 1118 1079 archid.
1146 1030 1178 1077 de
1197 1028 1322 1082 Kemlek.
1350 1028 1411 1082 393.

874 1099 934 1150 482.
952 1098 1013 1151 493.
1031 1099 1090 1150 520.
1110 1099 1171 1153 bil.
1189 1098 1249 1151 522.
1269 1099 1331 1153 532.

840 1169 952 1220 Michael
965 1169 1087 1235 Wythez,
1096 1172 1265 1235 praepositus.
1280 1170 1339 1222 422.
1350 1167 1410 1221 482.

874 1238 935 1293 493.
955 1238 1014 1293 532.
1033 1239 1094 1292 533.

841 1313 983 1368 Robertus,
1004 1313 1174 1376 praepositus.
1194 1311 1257 1365 427.

838 1383 971 1446 Johannes
984 1381 1127 1435 Lanceloti.
1146 1382 1205 1435 441.

840 1453 961 1509 Thomas,
982 1453 1071 1502 archid
1097 1454 1196 1503 varasd.
1215 1449 1276 1506 456.

840 1524 962 1573 Andreas
980 1523 1023 1574 dd.
1043 1524 1138 1575 archid
1152 1525 1264 1576 cathedr.
1275 1522 1337 1579 467.
1347 1521 1407 1576 493.

875 1590 935 1645 520.
954 1591 1014 1646 521.
1033 1594 1094 1647 522.

776 1696 779 1727 ,
839 1665 986 1730 Stephanus
1005 1665 1037 1714 de
1056 1665 1148 1716 Crisio.
1167 1663 1226 1717 468.
1245 1663 1306 1716 433.
1324 1662 1384 1717 493.

839 1736 986 1800 Stephanus
1005 1752 1122 1800 praepos.
1143 1735 1329 1799 Glogovcensis
1349 1733 1411 1788 471.

839 1806 986 1871 Stephanus
1005 1807 1037 1855 de
1057 1806 1261 1858 Hrazthowicza.
1274 1805 1335 1858 483.
1348 1805 1409 1859 493.

836 1878 970 1941 Johannes
988 1878 1094 1942 Jalsich.
1114 1876 1175 1930 432.

775 1996 778 2011 ,
839 1948 976 2012 Georgius,
995 1949 1075 2014 episc.
1095 1950 1250 1998 rosenensis.
1270 1947 1330 2001 432.

839 2019 977 2141 1οξὲ1ἐ1101,
1012 2020 1108 2069 archid.
1140 2020 1321 2072 kamarcensis.
1349 2016 1410 2074 482.

775 2188 777 2199 =
836 2161 976 2226 Johannes,
996 2159 1092 2209 archid.
1112 2162 1258 2223 goricensis.
1275 2158 1335 2212 482.
1349 2159 1409 2214 493.

180 2232 317 2288 Martinus,
336 2232 434 2282 archid.
453 2232 485 2280 de
504 2231 602 2284 Vaslra.
616 2228 747 2284 2711318.
775 2227 777 2316 1
873 2230 933 2284 498.
952 2228 1013 2281 5211.
1032 2229 1092 2281 522.

214 2300 274 2355 333.
293 2301 353 2354 346.

178 2372 280 2423 Blasius
299 2373 331 2420 de
349 2375 504 2425 Marowcha.
523 2372 583 2425 277.

178 2444 317 2508 Johannes,
335 2444 404 2509 pleb.
425 2462 445 2496 s.
465 2446 597 2509 Johannis
617 2443 679 2498 277.

178 2514 325 2578 Stephanus
344 2516 375 2563 de
394 2515 471 2579 Jalza
491 2516 551 2569 294.

178 2585 308 2649 Johannes
328 2587 501 2651 Wythezych.
519 2586 581 2640 294.

178 2656 316 2719 Johannes,
335 2657 433 2705 doctor.
454 2658 514 2709 296.
533 2654 594 2707 310.

178 2726 333 2790 Stephanus,
353 2728 447 2779 archid.
469 2729 625 2777 kamarcens.
645 2727 706 2780 531.

179 2798 326 2860 Gregorius,
346 2799 441 2849 archid.
462 2800 494 2847 de
512 2799 603 2847 Bexin.
623 2797 684 2849 305.

179 2867 299 2932 Zapoiya.
318 2866 378 2918 310.

179 2938 322 2995 1111111111,
341 2939 545 2990 archidiaconus
563 2936 624 2989 318.

179 3010 313 3065 Martinus,
333 3010 429 3059 archid.
449 3010 597 3072 goricensis.
617 3006 678 3059 318.

178 3079 283 3136 Paulus,
303 3081 399 3131 archid.
419 3080 451 3128 de
471 3079 593 3128 Kemlek
614 3077 675 3131 318.
687 3076 748 3129 363.

176 3150 317 3214 Johannes,
336 3151 433 3202 archid.
453 3151 575 3201 casinens.
600 3148 659 3202 318
688 3148 748 3201 395.

179 3221 315 3284 Georgius,
335 3222 432 3272 archid.
452 3222 484 3269 de
503 3222 593 3273 Bexin.
613 3218 672 3271 318.
687 3217 747 3271 316.

178 3289 239 3342 360.
258 3290 318 3343 361.
337 3292 397 3343 364.
417 3291 477 3344 475.
496 3291 556 3343 482.
575 3288 636 3343 493.

180 3362 314 3425 Georgius,
333 3363 429 3413 archid.
449 3363 481 3411 de
495 3362 604 3419 Vrbocz‚
615 3360 675 3414 313.
688 3359 748 3413 346.

176 3433 311 3496 Johannes
329 3433 362 3481 de
381 3435 489 3481 Izdencz
518 3431 576 3484 318.

110 3508 113 3514 ⁴
179 3503 300 3551 Andreas
319 3505 350 3552 de
370 3504 510 3556 Cracowia.
529 3503 589 3555 318.

179 3573 290 3622 Michael
309 3575 341 3623 de
360 3575 506 3639 Rcyiiuicz‚
525 3572 591 3638 1318.
610 3570 669 3627 346.
688 3571 749 3626 360.

214 3642 274 3696 364.
293 3644 352 3696 395.
372 3643 432 3696 393.

181 3714 307 3777 Georgius
327 3717 384 3764 Viti
403 3716 435 3764 de
454 3715 597 3766 Kerbowa.
614 3713 676 3767 318.
689 3713 749 3766 360.

179 3786 300 3849 Jacobus,
320 3787 408 3834 archid
436 3788 584 3847 goricensia
609 3784 670 3838 321.
689 3784 748 3837 322.

179 3856 307 3913 Andreas,
327 3858 424 3908 archid.
444 3857 600 3908 dubicensis.
618 3855 678 3910 346.

180 3927 326 3975 Demetrius
345 3927 464 3977 Selcticr.
483 3925 543 3978 346.

180 3998 310 4046 Fabianus
329 3999 361 4046 de
380 4000 483 4047 Zinche.
512 3997 571 4050 346.
600 3996 661 4051 360.
689 3994 747 4048 364.

180 4140 306 4201 (ieorgius
327 4140 503 4204 siegysheyre.
523 4135 583 4190 346.
602 4136 663 4189 360.

179 4209 307 4263 Galasius,
327 4212 422 4260 doctor.
442 4208 502 4262 360.

181 4280 326 4343 Stephanus
346 4282 377 4327 de
398 4280 519 4331 Vizlicza.
539 4277 598 4330 360.

178 4351 312 4413 Johannes
332 4352 363 4398 (ie
384 4350 502 4415 Roycha.
522 4350 581 4403 360.

182 4424 270 4468 Petrus
289 4422 321 4468 dc
342 4422 448 4472 Viroka.
468 4420 529 4473 360.
547 4421 607 4473 395.

180 4496 186 4533 1
195 4493 316 4539 {erardus
336 4489 396 4543 360.

180 4564 189 4603 1
195 4564 306 4624 ieorgius
326 4563 357 4610 de
378 4562 516 4612 1111011111.
536 4560 595 4614 360.
618 4559 678 4615 493.

181 4634 308 4695 Georgius
329 4635 360 4681 cle
380 4634 559 4682 Zthenichualr
587 4632 648 4684 360.

183 4704 252 4751 Elias
271 4704 303 4751 de
323 4705 434 4754 Achiua.
455 4703 514 4755 364,
534 4703 594 4755 380.

180 4773 283 4829 Paulus,
303 4776 399 4824 archid.
420 4777 517 4825 varasd.
538 4775 598 4827 373.
617 4774 676 4825 338.

180 4843 293 4907 Crispus.
313 4844 373 4897 380.

775 2326 778 2359 3
839 2303 975 2358 Martinus,
994 2301 1091 2358 archid,
1110 2299 1277 2353 chasmensis.
1296 2299 1356 2354 483.

839 2373 958 2429 Mathias,
979 2379 1073 2422 custos.
1091 2368 1152 2424 483.

839 2442 935 2492 Paulus
954 2443 1073 2507 Zythycz.
1092 2440 1153 2494 483.
1171 2440 1233 2495 493,

840 2513 931 2562 Gallus
949 2514 981 2562 de
1000 2513 1126 2577 Zepuicza
1153 2511 1213 2566 483.
1233 2511 1295 2565 493.

839 2583 964 2633 Nicolaus
982 2584 1015 2632 de
1034 2583 1137 2634 chha.
1156 2580 1218 2634 433.

837 2654 967 2719 Johannes
986 2654 1018 2703 de
1038 2654 1161 2706 Iwanich.
1180 2652 1241 2707 483.

839 2725 973 2774 Mathaeus
990 2724 1023 2773 de
1041 2724 1221 2788 Zenthgewrg.
1240 2721 1301 2776 483.

840 2796 967 2852 Andreas,
987 2797 1124 2858 organista.
1144 2794 1204 2848 483.
1224 2793 1284 2848 493.

840 2866 931 2915 Gallus
950 2866 982 2914 de
1001 2867 1117 2930 Simigio
1137 2865 1197 2918 483.
1217 2862 1277 2918 503.

839 2937 935 2986 Paulus
954 2937 986 2985 de
1004 2939 1129 2987 lwanecz.
1148 2934 1208 2988 483.

839 3010 931 3057 Petrus
949 3008 981 3055 de
1000 3007 1119 3072 Myzoiia,
1145 3007 1234 3059 lector.
1261 3003 1322 3060 493.
1350 3005 1409 3060 532.

839 3149 959 3204 Mathias,
979 3148 1068 3196 archid
1096 3148 1252 3199 dubicensis.
1272 3144 1333 3201 193.

835 3221 976 3283 Johannes,
996 3218 1093 3271 archid.
1113 3220 1221 3269 warasd.
1240 3216 1300 3271 493.

836 3291 977 3354 Johannes,
998 3298 1091 3341 custos.
1111 3288 1172 3341 493.
1192 3287 1252 3342 498.
1273 3286 1333 3341 520.
1346 3286 1409 3339 521.

872 3359 932 3412 522.

838 3431 934 3480 Paulus
954 3431 986 3478 de
1006 3430 1125 3495 Roycha.
1144 3429 1205 3484 493.

838 3501 981 3557 Mathaeus,
999 3502 1120 3552 notarius.
1140 3500 1199 3553 493.

838 3572 935 3621 Paulus
953 3572 985 3620 de
1004 3572 1115 3623 civitate.
1137 3572 1197 3625 493.

839 3643 995 3691 Benedictus
1013 3643 1045 3690 de
1064 3642 1211 3694 Petrovina.
1230 3642 1291 3696 493.

838 3714 958 3778 Jacobus,
978 3713 1074 3761 archid.
1094 3713 1220 3775 goricens.
1240 3714 1300 3766 498.

840 3784 992 3848 Alphonsns
1010 3783 1091 3837 Thnz,
1111 3799 1228 3849 praepos
1247 3783 1308 3837 516.

839 3854 972 3911 Nicolaus,
1004 3853 1101 3910 archid,
1129 3856 1229 3906 varasd.
1259 3853 1320 3908 52⁰.
1347 3853 1409 3908 521.

839 3996 961 4051 Thomas,
980 3995 1075 4046 archid.
1096 3996 1194 4046 vorasd.
1213 3994 1273 4047 525.

803 4067 979 4129 zagrabienses
1007 4066 1192 4129 praebendarii.
1222 4064 1264 4117 37.
1293 4062 1334 4118 38.
1363 4065 1406 4120 61.

874 4137 916 4188 64.
935 4133 977 4186 66.
997 4135 1038 4188 72.
1057 4135 1117 4188 324.

803 4260 1386 4325 zagrabiensespraebendarii:

839 4349 961 4400 Mathias.
979 4347 1022 4400 44.

839 4422 939 4470 Petrus.
958 4419 1000 4469 65.
1020 4417 1062 4470 67.

838 4490 972 4539 Nicolnus.
994 4486 1052 4541 164.

838 4561 993 4609 Valentinus
1012 4560 1044 4608 de
1062 4561 1193 4611 Besenew.
1208 4557 1266 4612 185.
1277 4556 1336 4611 192.
1346 4557 1407 4609 218.

838 4634 939 4680 ,1111011
971 4629 1026 4684 186.

839 4703 994 4751 Benedictus
1012 4702 1045 4749 de
1062 4699 1261 4764 Polosychycza.
1283 4698 1343 4754 191.

839 4773 942 4821 Paulus.
966 4772 1022 4823 191.
1042 4772 1102 4823 243.

839 4844 950 4893 Mathias
968 4843 1001 4891 de
1019 4840 1143 4895 macellis.
1162 4839 1221 4894 191.
1243 4840 1301 4893 192.
