3256 5346
592 382 664 437 Dor.
682 391 757 456 J52.
783 413 822 422 -
847 380 905 437 An.
931 374 1024 456 1489.

180 608 209 659 et
244 598 494 658 differenciarum
527 596 705 655 huiusmodi
737 598 953 672 complanacio
988 596 1068 656 facta
1102 594 1220 655 fuisset.
1266 595 1369 671 Super
1391 611 1446 669 qua

180 705 385 780 disposicione
407 709 489 762 certe
512 704 614 761 littere
637 710 667 761 et
683 703 831 761 litteralia
847 704 1050 762 instrumenta
1066 702 1287 762 efficacissima
1311 710 1447 761 emanata

181 812 360 879 extitissent,
392 825 525 883 quarum
562 810 691 884 paribus
725 811 792 884 ipse
823 812 998 885 prepositus
1029 817 1059 869 et
1090 809 1259 867 canonicus
1282 808 1447 867 antedictus

182 919 330 993 precipue
355 930 412 991 pro
435 914 588 974 abolenda
612 916 747 990 quadam
773 916 899 975 infamia
916 916 1030 976 nedum
1047 916 1177 990 propria
1193 914 1251 973 sed
1266 922 1297 974 et
1312 916 1446 990 ipsorum

182 1024 298 1083 civium
322 1023 471 1092 omnium,
495 1022 696 1095 filiorumque
719 1023 901 1081 eorumdem
926 1029 1159 1097 procreatorum
1184 1026 1215 1079 et
1248 1022 1281 1079 in
1313 1019 1446 1079 futurum

182 1128 446 1205 procreandorum
470 1133 500 1184 et
524 1126 684 1185 formanda
710 1129 769 1186 sibi
794 1130 990 1199 consciencia,
1012 1129 1065 1202 qui
1089 1129 1169 1187 inter
1192 1129 1282 1201 ipsos
1297 1129 1391 1197 cives,
1406 1128 1446 1184 in·

183 1236 267 1293 colas
291 1234 370 1292 dicte
393 1233 526 1292 civitatis
550 1235 664 1291 montis
688 1232 850 1293 Grecensis
873 1243 963 1294 natus
992 1242 1023 1294 et
1052 1240 1234 1309 procreatus
1268 1235 1381 1303 existit,
1411 1231 1446 1290 ad

182 1357 309 1416 presens
331 1340 504 1415 plurimum
529 1338 630 1397 forent
654 1340 832 1400 necessaria.
855 1340 1070 1414 Quamobrem
1095 1341 1206 1398 vestris
1223 1340 1447 1399 dileccionibus

182 1448 364 1505 auctoritate
386 1446 554 1517 legacionis
576 1452 689 1516 nostre,
713 1454 817 1504 tenore
841 1448 1035 1521 presencium
1058 1448 1090 1505 in
1114 1448 1230 1505 virtute
1247 1455 1354 1506 sancte
1378 1447 1447 1505 obe·

183 1552 301 1611 diencie
324 1558 353 1609 et
376 1552 435 1607 sub
458 1565 538 1624 pena
561 1552 891 1612 excommunicacionis
922 1554 1034 1611 harum
1061 1554 1141 1612 serie
1171 1554 1401 1611 committimus
1421 1560 1448 1610 et

183 1656 376 1729 mandamus,
401 1663 551 1730 quatenus
572 1656 677 1715 statim
708 1658 822 1718 habitis
849 1660 1044 1735 presentibus
1074 1675 1111 1717 ac
1141 1638 1228 1717 dum¹
1251 1666 1283 1717 et
1316 1659 1447 1735 quando,

184 1779 255 1820 cum
279 1763 471 1836 presentibus
494 1761 614 1821 fueritis
636 1765 785 1836 requisiti.
809 1767 1043 1838 pronominatos
1065 1767 1157 1837 cives,
1181 1764 1311 1836 incolas,
1326 1765 1443 1824 inhabi-

184 1873 297 1926 tatores
320 1883 356 1926 ac
379 1874 476 1927 totam
499 1869 753 1927 communitatem
778 1870 858 1929 dicte
881 1872 1014 1931 civitatis
1037 1872 1151 1930 montis
1181 1870 1350 1931 Grecensis
1384 1887 1447 1945 per·

184 1974 332 2032 sonaliter
355 1972 515 2043 accedatis,
541 1974 719 2048 eisdemque
742 1977 773 2034 in
796 1993 927 2050 persona
950 1984 1054 2036 nostra
1077 1979 1137 2036 sub
1166 1978 1327 2037 interdicti
1357 1977 1448 2035 eecle-

184 2080 297 2139 siastici
318 2096 375 2138 nec
397 2095 458 2138 non
481 2081 689 2154 suspensionis
712 2098 729 2139 a
754 2082 877 2153 divinis
907 2085 1004 2159 peniS,
1036 2084 1068 2142 in
1091 2099 1169 2159 quas
1192 2099 1290 2157 penas
1312 2084 1399 2159 ipsos
1420 2091 1446 2140 et

185 2187 357 2259 quemlibet
380 2188 519 2260 ipsorum
543 2188 680 2260 singulas
704 2205 858 2262 personas,
883 2191 1137 2248 communitatem
1168 2205 1245 2248 vero
1277 2189 1447 2265 predictam

184 2292 254 2366 ipso
276 2291 358 2350 tacto
381 2293 537 2351 incurrere
560 2293 716 2365 volumus,
739 2296 797 2353 nisi
821 2295 958 2367 fecerint,
982 2312 1041 2369 que
1057 2295 1133 2370 ipsis
1150 2295 1348 2370 presentibus
1365 2310 1447 2353 man·

187 2397 306 2469 damus,
329 2414 470 2456 exnunc
493 2406 586 2472 prout
609 2416 646 2458 ex
669 2406 750 2472 tunc,
774 2409 802 2459 et
826 2410 952 2460 extunc
976 2408 1070 2476 prout
1091 2418 1129 2460 ex
1153 2418 1242 2471 nunc,
1265 2400 1347 2459 dicta
1363 2386 1448 2459 eano-

185 2505 253 2561 nica
277 2505 450 2562 monicione
473 2506 633 2579 premissa,
658 2506 787 2567 terimus
811 2509 842 2566 in
864 2509 924 2566 hiis
956 2508 1079 2582 scriptis
1107 2524 1144 2565 ac
1174 2507 1274 2565 eciam
1308 2506 1445 2582 promul·

185 2625 303 2682 gamus,
327 2617 360 2667 ut
383 2610 444 2684 ipsi
467 2612 546 2669 intra
562 2628 615 2670 sex
631 2612 751 2671 dierum
768 2615 908 2688 spacium
926 2629 943 2672 a
960 2613 1010 2672 die
1025 2613 1230 2673 exhibicionis
1246 2613 1447 2688 presencium,

186 2717 261 2790 ipsis
291 2717 401 2775 fiendis
431 2725 657 2792 computamus,
688 2720 718 2777 in
750 2722 889 2795 ipsorum
920 2721 1049 2792 scriniis,
1073 2719 1323 2790 conservatoriis,
1346 2720 1445 2793 cystis,

186 2824 378 2897 prothocolis
401 2839 437 2881 ac
460 2825 542 2883 libro
567 2826 700 2885 civitatis
725 2827 860 2901 prefatas
883 2827 1002 2887 litteras
1024 2834 1054 2886 et
1075 2827 1229 2887 litteraria
1244 2827 1447 2885 instrumenta

185 2942 280 3003 super
303 2930 481 2990 huiusmodi
505 2931 709 3007 disposicione
732 2950 803 2993 cum
834 2935 981 3009 predictis
1010 2934 1144 2992 dominis
1174 2933 1315 3007 capitulo
1346 2944 1446 3005 ragra-

186 3035 284 3093 biensi
307 3036 402 3095 tactas
425 3037 589 3110 diligenter
612 3042 802 3114 perquirant,
826 3043 1010 3115 inventaque
1032 3048 1061 3099 et
1090 3046 1214 3114 reperta
1246 3039 1313 3098 sine
1344 3039 1446 3112 aliqua

185 3140 392 3201 diminucione
424 3146 511 3217 paria
535 3146 673 3219 ipsarum
702 3147 822 3221 pretato
854 3149 1004 3221 magistro
1034 3146 1191 3221 Stephano
1224 3146 1385 3220 preposito
1419 3148 1448 3201 et

185 3248 331 3305 canonico
356 3249 474 3322 prefate
497 3252 624 3310 ecclesie
647 3261 700 3312 aut
722 3269 778 3312 suo
801 3255 955 3328 legittimo
980 3254 1174 3328 procuratori
1196 3254 1256 3311 sub
1277 3252 1405 3327 publica
1420 3256 1448 3308 et

185 3355 360 3413 authentica
391 3373 484 3414 manu
516 3359 546 3415 in
579 3366 772 3436 transumpto
805 3362 980 3420 litterarum
1011 3376 1138 3419 suarum
1162 3359 1237 3417 dare
1260 3358 1397 3418 debeant
1419 3362 1448 3415 et

186 3464 352 3519 teneantur.
388 3462 623 3524 committentes
659 3468 879 3527 nichilominus
911 3469 1027 3528 eisdem
1059 3469 1180 3527 civibus
1210 3467 1293 3526 dicte
1317 3464 1447 3525 civitatis

185 3567 299 3625 montis
323 3568 485 3628 Grecensis
509 3574 596 3645 penis
620 3574 679 3631 sub
703 3575 874 3656 premissis·
884 3592 923 3635 ne
947 3577 977 3635 in
999 3577 1057 3634 bac
1081 3582 1169 3650 parte
1192 3572 1279 3632 fraus
1304 3580 1336 3631 et
1359 3571 1447 3631 dolus

185 3673 305 3730 eveniat
327 3675 478 3748 aliqualis.
503 3679 539 3734 Et
563 3688 632 3751 post
656 3682 712 3738 hec
733 3682 912 3742 huiusmodi
933 3689 1037 3742 vestre
1059 3680 1252 3742 execucionis
1274 3680 1388 3739 seriem
1412 3693 1446 3735 ac

184 3778 326 3852 quitquid
352 3783 381 3839 in
405 3784 564 3855 premissis
589 3785 729 3857 feceritis,
753 3789 844 3848 nobis
866 3804 922 3847 suo
947 3789 1042 3848 modo
1064 3787 1200 3847 fideliter
1232 3793 1264 3846 et
1293 3786 1445 3846 conscien-

183 3883 265 3941 ciose
288 3889 471 3959 rescribatis,
495 3901 651 3965 presentes
674 3896 705 3952 in
729 3897 831 3969 specie
853 3897 1050 3955 remittentes.
1073 3896 1190 3953 Datum
1213 3892 1299 3952 Bude
1330 3893 1379 3952 die
1403 3891 1445 3949 vi·

183 3991 300 4062 gesima
323 4001 432 4052 octava
454 3999 568 4056 mensis
598 4003 792 4074 septembris.
828 4003 917 4060 Anno
954 4002 1072 4060 domini
1102 4000 1273 4059 millesimo
1304 3998 1447 4074 quadrin-

182 4098 353 4166 gentesimo
376 4105 585 4176 octuagesimo
608 4123 696 4167 nono

289 4334 421 4397 Originale
440 4336 466 4383 in
487 4334 574 4383 charta
600 4337 631 4383 111
650 4336 765 4385 archivio
784 4351 840 4387 ven.
861 4335 945 4400 Capit.
966 4335 1028 4385 eccl.
1048 4335 1231 4399 zagrabieusis.
1245 4337 1299 4387 Act
1320 4354 1376 4404 cap.
1395 4344 1444 4390 aut.

182 4438 243 4473 msc.
267 4434 306 4479 ιο,
326 4438 362 4472 nr.
386 4435 423 4484 14.
