3278 5348
574 418 648 476 Doc.
671 431 739 475 210.
763 431 831 475 211.
855 450 899 460 —
922 418 978 476 An.
1002 415 1093 495 1458.
1401 433 1465 489 271

191 524 992 532 -—..—-——————-——--————.———-—-
1000 524 1089 530 ——..
1101 522 1462 530 --—.-——-—-

795 734 877 800 210.

302 913 383 961 Anno
405 913 480 978 1458,
502 924 541 975 19.
562 912 723 977 septembris.
742 897 858 963 Casurae.

194 1039 360 1114 Capitulum
382 1040 551 1114 chasmense,
583 1038 740 1096 Slauoniae
762 1039 851 1096 banos
872 1038 1003 1096 certiores
1032 1038 1135 1113 reddit,
1159 1041 1343 1114 inquisitione
1365 1044 1466 1100 eonsti-

190 1151 264 1219 tuta‚
296 1163 316 1201 a
340 1146 465 1204 lticoiao
499 1146 655 1221 aurifabro
685 1152 714 1203 et
741 1145 840 1202 Paulo
870 1145 967 1203 uillico
996 1145 1030 1202 de
1069 1145 1169 1204 Viniea
1200 1147 1308 1204 ciuibus
1329 1146 1467 1205 damnum

568 1265 654 1309 2000
677 1251 716 1325 fl.
741 1252 925 1325 importatum
948 1258 1083 1309 constare.

298 1395 476 1469 Magnificls
507 1397 598 1467 viris,
631 1395 768 1454 dominis
791 1395 924 1454 Nicolao
948 1395 986 1453 de
1009 1395 1126 1468 Wylalr
1149 1403 1180 1453 et
1201 1397 1261 1479 Jan
1284 1396 1466 1471 Bythowecz

189 1500 229 1559 de
252 1499 395 1573 Greben,
427 1504 514 1575 regni
537 1501 703 1561 Sclauonie
726 1501 832 1573 banis,
856 1502 965 1560 amicis
989 1502 1130 1576 ipsorum
1152 1502 1358 1575 honorandis,
1381 1504 1465 1578 capi·

186 1605 292 1664 tulum
322 1608 451 1666 ecclesie
481 1608 680 1677 ehamensis,
715 1608 890 1665 amiciciam
921 1615 1064 1681 paratam
1088 1623 1159 1665 cum
1182 1609 1309 1667 honore.
1333 1609 1464 1668 Litteras

194 1719 315 1772 vestras
343 1715 553 1788 inquisitorias
583 1714 673 1773 nobis
705 1715 867 1788 loquentes
896 1720 926 1771 et
957 1714 1105 1785 directas,
1126 1715 1244 1773 honore
1267 1730 1329 1788 quo
1353 1715 1464 1787 decuit,

193 1821 344 1880 noveritis
366 1835 423 1879 nos
445 1821 599 1895 recepisse
622 1821 653 1878 in
677 1821 733 1878 hec
756 1820 870 1878 verba:
895 1814 980 1896 (vide
1003 1821 1078 1878 Doc.
1101 1836 1173 1894 209.
1195 1836 1276 1880 anno
1303 1821 1395 1897 1458,
1413 1822 1463 1880 die

194 1941 243 1984 21.
267 1919 426 2003 Augusti).
457 1927 521 1985 Nos
549 1928 653 2000 itaque
677 1927 788 1984 vestris
811 1926 1033 1983 amicabilibus
1056 1927 1262 1999 peticionibus
1285 1935 1462 2000 annuentes,

189 2037 225 2089 ut
255 2037 415 2104 tenemur,
447 2048 581 2091 unacum
614 2032 735 2107 prefato
766 2033 899 2090 Martino
931 2031 970 2089 de
993 2030 1237 2104 Schytharyewo
1261 2033 1462 2107 predictoque

187 2138 316 2196 homine
339 2145 445 2197 vestro
467 2146 609 2197 nostrum
632 2140 792 2197 hominem
816 2138 1010 2211 fidedignum
1033 2139 1252 2196 honorabilem
1276 2140 1380 2197 virum
1397 2155 1461 2198 ma·

186 2243 321 2317 gistrum
344 2244 603 2303 Bartholomeum
626 2245 745 2303 socium
769 2251 798 2302 et
821 2245 1062 2303 concanonicum
1085 2250 1228 2303 nostrum
1253 2244 1292 2302 ad
1309 2246 1461 2319 premissa

187 2348 325 2408 fideliter
347 2349 523 2425 peragenda
546 2358 655 2410 nostro
682 2366 741 2425 pro
767 2352 944 2409 testimonio
967 2350 1114 2408 duximus
1145 2350 1377 2423 destinandum,
1408 2353 1462 2425 qui
1536 2383 1539 2387 ⁴

186 2455 314 2514 tandem
338 2456 448 2515 exinde
472 2457 510 2514 ad
534 2473 591 2515 nos
614 2458 740 2529 reversi,
765 2458 856 2515 nobis
881 2456 1075 2514 concorditer
1098 2433 1271 2515 retulerunt
1282 2458 1341 2516 isto
1357 2457 1460 2530 modu,

186 2562 272 2635 quod
303 2562 442 2636 prefatus
474 2565 571 2622 homo
605 2570 715 2636 vester,
740 2570 881 2638 presente
904 2563 1014 2620 eodem
1045 2569 1151 2620 nostro
1176 2564 1359 2635 testimonio,
1384 2563 1460 2622 feria

185 2669 303 2742 quinta,
327 2669 473 2728 videlicet
495 2672 526 2728 in
549 2669 629 2729 festo
652 2670 860 2727 Exaltacionis
884 2675 986 2727 sancte
1010 2670 1117 2741 crucis,
1142 2671 1285 2742 proxime
1302 2671 1458 2744 preterit0,

163 2816 166 2821 -
186 2773 228 2831 ab
252 2775 398 2833 omnibus
414 2776 541 2835 illarum
565 2778 707 2851 parcium
724 2776 913 2848 hominibus,
930 2792 948 2833 a
965 2777 1079 2850 quibus
1095 2775 1247 2834 decuisset
1262 2783 1293 2833 et
1314 2777 1458 2848 licuisset,

186 2880 293 2953 palam
317 2887 346 2938 et
369 2882 474 2940 oculte
496 2882 662 2955 diligenter
684 2882 722 2940 de
747 2884 908 2957 premissis
931 2882 1115 2955 inquirendo
1133 2883 1176 2940 sie
1193 2888 1222 2945 et
1238 2882 1348 2940 eodem
1365 2883 1458 2940 modo

185 2984 267 3044 facta
290 2993 320 3044 et
343 2994 521 3062 perpetrata
544 2987 639 3046 fuisse
663 2995 693 3047 et
716 3005 782 3046 esse
805 2990 1008 3057 rescivissent,
1033 2997 1126 3062 prout
1149 2989 1240 3045 vobis
1262 2987 1382 3046 dictum
1407 3006 1458 3047 ex·

185 3091 296 3150 titisset
327 3099 357 3151 et
389 3095 478 3151 sicuti
509 3101 597 3152 tenor
628 3095 804 3153 litterarum
835 3102 1010 3153 vestrarum
1042 3095 1214 3151 continetur
1238 3094 1457 3168 predictarum,

184 3196 315 3272 dempto
337 3214 468 3258 numero
492 3199 680 3258 florenorum
704 3201 928 3274 predictorum,
954 3200 992 3257 de
1024 3202 1137 3273 quibus
1162 3201 1354 3258 certitudinis
1378 3202 1457 3258 veri-

185 3309 283 3362 tatem
307 3306 385 3364 scire
407 3321 468 3363 non
494 3307 673 3380 potuissent
698 3307 814 3364 Datum
838 3309 946 3380 quinto
970 3307 1018 3364 die
1044 3306 1105 3364 diei
1120 3307 1331 3379 inquisicionis
1346 3322 1457 3379 preno-

183 3416 253 3469 tate.
277 3413 366 3469 Anno
391 3412 509 3469 domini
532 3412 720 3486 supradicto.

291 3562 425 3626 Originale
444 3565 471 3612 in
490 3563 585 3613 charta.
606 3565 634 3613 A
655 3572 731 3629 tergo
751 3567 888 3629 vestigium
907 3567 1025 3631 impressi
1045 3567 1132 3630 sigilli.
1165 3569 1196 3615 In
1215 3568 1328 3616 archivio
1347 3567 1392 3616 lib.
1412 3583 1455 3629 reg

183 3652 232 3701 civ.
253 3652 353 3716 zagrab.

786 3886 860 3951 211.

289 3973 370 4022 Anno
388 3973 455 4022 eirca
473 3988 531 4023 aun.
554 3975 627 4038 1458.

189 4099 354 4174 Capitulum
377 4100 501 4174 zagrab.
535 4101 689 4159 Matutam
719 4120 813 4176 regem
842 4110 935 4175 rogat,
958 4110 992 4158 nt
1018 4102 1146 4158 ecclesiae
1176 4100 1358 4172 nagrabiensi
1385 4103 1456 4173 agri

181 4205 322 4263 subtracti
356 4225 417 4263 nna
447 4224 509 4263 curn
539 4207 618 4263 turri
647 4207 768 4281 „Popou
798 4209 900 4265 urent
934 4208 1082 4263 nonn'nato
1113 4205 1224 4261 tornioni
1254 4207 1450 4263 restituantur.

287 4347 467 4422 Suplicatur
488 4352 644 4408 serenitati
662 4355 769 4419 vestre,
795 4352 937 4425 princeps
953 4351 1153 4421 serenissime,
1172 4365 1229 4423 pro
1253 4356 1341 4424 parte
1357 4350 1450 4408 devo·

183 4459 288 4513 torum
321 4470 357 4513 ac
388 4456 567 4514 humillium
592 4445 763 4516 serenitatis
787 4467 888 4516 vestre
912 4458 1146 4531 capellanorum
1171 4456 1299 4529 capituli
1322 4457 1450 4515 ecclesie

183 4561 408 4635 zagrabiensis,
442 4576 576 4635 quorum
609 4563 816 4638 possessiones
841 4564 969 4621 ecclesie
992 4562 1129 4621 eiusdem
1154 4577 1211 4636 pro
1235 4563 1325 4621 certis
1348 4563 1451 4620 missis

182 4656 215 4725 et
234 4665 349 4725 divinis
364 4665 476 4725 officiis
492 4668 622 4740 singulis
646 4669 756 4727 diebus
779 4668 941 4743 explendis
963 4684 981 4725 a
1004 4667 1123 4725 dudum
1147 4669 1306 4726 retroactis
1330 4675 1450 4742 tempo·

182 4772 272 4832 ribus
301 4773 389 4831 datas
421 4780 451 4831 et
479 4775 690 4848 incorporatus
724 4791 822 4850 nuper
855 4792 911 4849 per
934 4776 1017 4833 cives
1040 4776 1258 4848 zagrabienses
1279 4777 1390 4835 iniuste
1412 4790 1449 4833 ac

183 4877 321 4937 indebite
352 4878 489 4939 detentas
522 4890 552 4938 et
584 4889 764 4955 occupatas;
792 4881 979 4956 tandemque
1002 4882 1106 4940 locum
1130 4898 1200 4939 cum
1225 4883 1311 4951 turri,
1335 4883 1365 4940 in
1388 4896 1450 4956 qua
