3278 5348
611 445 685 502 Dec.
703 457 777 521 353.
800 477 842 487 —
867 445 923 502 Aa.
949 439 1041 521 1489.
1389 456 1451 518 473

185 550 327 557 —-.--—..
338 550 398 556 -u
413 550 452 555 —-
468 551 475 556 -
502 550 508 555 .
523 551 552 556 ...
1208 547 1282 553 .--.-
1300 548 1331 552 --
1356 546 1448 555 μ...-

781 760 864 827 353.

293 906 373 955 Anno
396 905 469 966 1489,
491 905 531 956 18.
551 903 672 955 octobris.
692 902 841 967 Zagrabise.

185 1032 215 1090 A
229 1033 365 1106 plebanis
387 1030 505 1105 zogrob.
529 1031 681 1108 exerrqtlnr
707 1030 920 1103 exscriptorum
949 1029 1133 1087 inritrinrmn
1164 1036 1249 1103 atque
1265 1027 1351 1105 pacis
1378 1028 1457 1085 inter

184 1140 413 1199 communitatem
435 1140 559 1196 cibitntr's
574 1138 676 1196 rnorrtis
697 1136 848 1196 Grecmsis
863 1145 891 1194 el
904 1137 1059 1209 capitulum
1083 1137 1172 1194 initae
1187 1136 1316 1194 traditur
1331 1134 1453 1208 Δημὼ,

669 1245 742 1302 sedis
762 1252 851 1318 apost.
874 1244 976 1316 legato.

292 1388 563 1449 Reverendissimo
588 1391 618 1449 in
642 1388 768 1448 Christo
791 1390 873 1464 patri
896 1397 927 1447 et
950 1388 1086 1459 domino,
1109 1389 1237 1447 domino
1261 1387 1382 1461 Angelo
1405 1385 1454 1444 dei

185 1504 216 1557 et
239 1496 409 1572 apostolice
432 1497 513 1556 sedis
536 1497 640 1570 gracia
656 1497 803 1572 episcopo
827 1497 982 1554 ortanensi
1006 1511 1040 1552 ac
1056 1495 1188 1553 civitatis
1205 1493 1452 1562 Castellanensis,

186 1603 225 1663 ad
248 1603 458 1676 Germaniam,
471 1604 673 1677 Hungariam‚
697 1603 859 1662 Poloniam
882 1610 911 1661 et
929 1602 1118 1672 Bohemiam,
1135 1601 1260 1674 illisque
1277 1599 1451 1658 adiacentes

186 1718 290 1784 partes
312 1718 404 1785 atque
433 1725 528 1783 regna
558 1726 630 1768 cnm
661 1710 753 1783 plena
777 1715 927 1783 potestate
950 1709 1044 1780 legati
1068 1707 1106 1765 de
1129 1707 1234 1768 latere
1258 1706 1370 1778 legato,
1393 1704 1448 1761 do·

187 1817 271 1875 mino
296 1822 327 1874 et
349 1817 432 1891 patri
463 1817 602 1890 ipsorum
635 1814 875 1885 collendissimo,
906 1815 1092 1872 universitas
1123 1813 1247 1882 civium,
1279 1812 1454 1870 incolarum

186 1930 216 1983 et
240 1923 482 1982 inhabitatorum
505 1922 638 1981 civitatis
660 1921 774 1979 montis
806 1921 968 1979 Grecensis
990 1920 1203 1978 obedienciam
1226 1918 1358 1977 filialem
1381 1932 1452 1976 cum

188 2029 383 2089 subieccione
418 2029 615 2102 obsequente.
654 2027 784 2086 Noverit
814 2029 982 2101 paternitas
1017 2033 1119 2085 vestra
1154 2023 1332 2095 reverenda,
1369 2022 1451 2098 quod

186 2137 276 2195 nobis
292 2136 342 2194 die
365 2137 447 2207 lune,
470 2135 694 2194 decimanona
719 2135 832 2192 mensis
855 2135 1000 2207 octobris,
1025 2135 1055 2191 in
1078 2134 1148 2191 loco
1163 2132 1261 2190 nostri
1284 2130 1368 2189 soliti
1384 2145 1453 2189 con·

186 2244 301 2301 sistorii
324 2241 356 2300 in
378 2240 578 2316 expediendis
602 2240 791 2314 quibusdam
816 2241 949 2313 negociis
972 2242 1085 2298 nostris
1108 2255 1167 2313 pro
1189 2237 1349 2297 communi
1370 2237 1454 2297 bono

186 2357 216 2406 et
239 2349 401 2423 republica
424 2352 602 2406 nostrornm
620 2348 837 2405 universorum
852 2347 1033 2418 constitutis,
1050 2351 1244 2403 accesserunt
1260 2343 1298 2401 ad
1315 2349 1453 2402 nostram

188 2454 380 2529 presenciam
403 2455 603 2512 honorabiles
626 2454 753 2526 domini,
777 2453 893 2526 Symon
917 2454 1013 2511 sancti
1044 2453 1177 2511 Emerici
1210 2453 1242 2510 in
1271 2465 1341 2508 area
1371 2449 1452 2523 capi·

187 2561 282 2619 tulari
305 2560 505 2634 zagrabiensi,
529 2558 662 2618 Michael
686 2565 789 2618 sancte
814 2559 1008 2632 Margarethe
1039 2558 1078 2617 de
1100 2559 1252 2616 suburbio
1276 2557 1357 2616 dicte
1379 2555 1454 2614 civi·

186 2666 258 2725 talis
287 2671 392 2725 nostre
425 2674 454 2725 et
486 2667 616 2725 Mathias
648 2667 746 2725 sancti
778 2667 925 2724 Anthonii
957 2665 995 2724 de
1025 2667 1095 2724 vico
1118 2665 1307 2736 Latinorum,
1330 2663 1453 2721 ecclesi·

187 2789 278 2831 arum
303 2773 439 2848 plebani,
463 2779 599 2832 tenentes
619 2774 682 2831 suis
705 2774 736 2832 in
759 2774 904 2832 manibus
928 2772 1079 2846 quasdam
1111 2773 1230 2830 litteras
1261 2769 1454 2844 paternitatis

187 2886 288 2938 vestre
312 2879 482 2939 reverende
505 2879 720 2953 conpulsorias
742 2895 800 2953 pro
824 2885 912 2953 parte
935 2879 1123 2937 venerabilis
1148 2878 1290 2951 magistri
1305 2875 1453 2950 Stephani

187 2985 340 3058 cruciferi,
364 2987 513 3060 prepositi
538 2985 757 3066 Glogoczgnsis
780 3001 815 3042 ac
838 2986 976 3044 canonici
1006 2984 1213 3058 zagrabiensis
1245 2983 1453 3053 ecclesiarum,

186 3092 341 3152 contectas
370 3101 400 3149 et
431 3097 597 3163 emanatas,
628 3108 762 3166 quarum
793 3094 943 3166 vigorem,
974 3099 1067 3166 prout
1091 3090 1219 3149 interius
1244 3090 1372 3160 dicetur,
1395 3104 1451 3147 nos

184 3199 376 3272 requirentes
399 3198 532 3272 easdem,
556 3199 647 3258 nobis
679 3200 886 3258 exhibuerunt
919 3198 1097 3256 huiusmodi
1124 3198 1183 3255 snb
1215 3203 1336 3256 tenore:
1369 3190 1454 3277 (vide

187 3306 263 3364 Doc.
290 3319 361 3379 353.
386 3305 424 3364 de
445 3320 525 3363 anno
553 3304 643 3380 1489.
670 3305 718 3363 28.
742 3297 948 3382 septembris).
984 3305 1055 3362 Post
1079 3303 1342 3378 quarumqnidem
1372 3303 1453 3360 litte·

185 3427 291 3470 rarum
315 3412 508 3485 paternitatis
532 3416 633 3470 vestre
648 3411 817 3471 reverende
840 3412 1077 3483 exhibicionem,
1101 3413 1243 3484 vigorem
1268 3407 1451 3468 earumdem

189 3517 302 3592 prefati
326 3517 444 3577 domini
465 3518 591 3592 Symon,
616 3520 746 3577 Michael
769 3526 799 3577 et
822 3520 953 3576 Mathias
977 3519 1104 3592 plebani
1128 3520 1212 3576 iuxta
1227 3519 1321 3575 series
1337 3522 1366 3573 et
1382 3529 1453 3573 con·

186 3631 273 3683 tenta
297 3623 478 3683 earumdem
500 3626 560 3682 sub
585 3626 671 3698 penis
693 3626 907 3684 ecclesiasticis
931 3626 961 3682 in
978 3625 1093 3683 eisdem
1111 3625 1265 3699 expressis
1280 3639 1336 3682 nos
1351 3621 1454 3695 requi·

192 3731 310 3789 sierunt
332 3735 362 3790 et
386 3738 573 3790 monuerunt
596 3732 627 3790 in
651 3746 695 3803 eo,
719 3738 753 3788 ut
777 3731 856 3789 infra
880 3748 934 3789 sex
955 3731 1076 3789 dierum
1107 3733 1246 3806 spacium
1270 3730 1331 3789 diei
1355 3729 1453 3787 moni·

185 3837 282 3896 cionis
318 3838 459 3911 ipsorum
493 3839 642 3912 premisse
671 3839 761 3896 nobis
799 3855 853 3913 per
886 3854 946 3909 eos,
982 3844 1016 3895 ut
1039 3839 1204 3912 prefertur,
1229 3837 1317 3908 tacte,
1339 3851 1396 3894 nos
1421 3836 1451 3894 in

185 3943 298 4002 nostris
333 3943 462 4016 scriniis,
497 3945 741 4015 conservatoriis,
775 3945 866 4013 cistis,
900 3945 1093 4018 prothocolis
1128 3961 1164 4002 ac
1199 3944 1281 4002 libro
1317 3942 1453 4002 civitatis

185 4055 292 4108 nostre
315 4054 460 4124 pretacte,
485 4051 673 4124 prescriptas
696 4051 815 4109 litteras
839 4057 869 4108 et
893 4052 1038 4110 litteralia
1063 4052 1265 4109 instrumenta
1288 4066 1382 4125 super
1406 4046 1451 4106 di·

184 4155 359 4229 sposicione
372 4162 601 4228 prememorata
622 4172 693 4214 cum
716 4159 950 4216 venerabilibus
966 4157 1101 4215 dominis
1117 4157 1154 4215 de
1170 4157 1307 4230 capitulo
1323 4155 1452 4214 ecclesie

182 4261 390 4334 zagrabiensis
415 4262 570 4335 predictis,
594 4262 749 4322 contectas
772 4270 802 4321 et
825 4271 966 4322 emanata
990 4264 1155 4336 diligenter
1187 4263 1375 4337 perquirere,
1407 4262 1452 4320 in·

183 4372 354 4440 ventusque
378 4374 408 4426 et
429 4375 551 4443 reperta
575 4371 640 4427 sine
664 4370 771 4442 aliqua
791 4369 1007 4437 diminucione,
1033 4371 1120 4444 paria
1151 4372 1299 4444 ipsarum,
1329 4367 1451 4443 pretato

183 4474 333 4546 magistro
363 4474 520 4550 Stephano
552 4477 711 4550 preposito
742 4483 772 4533 et
802 4478 947 4535 canonico
971 4484 1023 4534 aut
1051 4492 1107 4534 suo
1131 4477 1283 4548 legittimo
1307 4489 1451 4550 procura·

183 4580 244 4638 tori
267 4582 327 4638 sub
351 4582 479 4655 publica
502 4588 532 4639 et
555 4583 709 4641 autentica
735 4598 827 4641 manu
852 4585 882 4642 in
907 4590 1118 4657 transsumpto
1142 4584 1317 4642 litterarum
1332 4588 1451 4639 nostra·

182 4700 254 4743 rurn
278 4686 352 4746 dare
376 4686 568 4748 deberemus.
593 4689 656 4747 Nos
680 4705 756 4748 vero
779 4695 941 4764 tamquam
965 4690 1024 4748 tilii
1044 4690 1222 4748 obediencie
1238 4688 1406 4748 municioni
1421 4694 1452 4747 et

182 4793 379 4866 requisicioni
403 4795 581 4853 huiusmodi
606 4803 756 4870 parentes,
782 4802 815 4854 ut
839 4802 988 4866 tenemur,
1013 4797 1201 4870 prescriptas
1224 4796 1331 4853 literas
1353 4801 1384 4854 et
1400 4795 1450 4853 lit·

182 4898 292 4957 teralia
326 4898 530 4959 instrumenta
563 4916 682 4961 necnon
719 4902 780 4961 alia
815 4902 946 4975 registra
981 4908 1012 4961 et
1044 4903 1213 4976 scripturas
1245 4917 1339 4976 super
1362 4901 1451 4960 totali
