3278 5348
194 430 235 488 30
620 411 693 471 Doc.
710 425 764 487 32.
787 442 830 454 —
853 410 910 468 An.
934 424 1023 488 1422.

191 633 318 703 portam
340 626 508 686 nonnullos
531 627 614 684 cives
636 633 666 684 et
689 626 830 685 homines
853 626 883 683 in
908 626 966 684 ista
988 631 1077 700 parte
1093 641 1126 683 se
1143 624 1344 686 defendentes
1366 629 1449 687 mise

190 734 286 793 rabili
308 749 382 791 nece
402 733 618 790 interimerunt
639 740 669 790 et
692 732 895 807 interemptos
919 732 958 791 de
981 733 1040 790 ista
1062 740 1151 806 parte
1166 731 1206 791 ad
1223 733 1321 792 aliam
1336 740 1451 809 partem

191 839 280 898 fluvii
300 844 461 898 traxerunt
483 843 514 897 et
539 837 791 912 deportaverunt,
817 838 970 911 quosdam
993 839 1058 897 iam
1081 844 1221 897 mortuos
1256 839 1337 898 alios
1367 841 1452 899 senii·

191 947 290 1018 vivos,
314 946 368 1019 qui
391 950 498 1019 postea
521 943 639 1002 ibidem
663 945 762 1003 vitam
784 959 894 1003 eorum
917 945 1135 1003 concluserunt
1153 932 1388 1020 'temporalem
1410 963 1453 1005 oe

190 1057 335 1125 terosque
359 1051 475 1109 multos
498 1051 682 1123 sagittarum
706 1051 817 1109 ictibus
840 1056 871 1108 et
904 1051 1040 1109 aliorum
1073 1065 1235 1110 armorum
1271 1051 1454 1111 vulneribus

191 1158 359 1217 crudeliter
381 1158 564 1215 sauciarunt.
588 1157 707 1230 inqua
731 1157 829 1215 eciam
850 1172 955 1231 pugna
977 1156 1138 1217 Gerardus
1162 1156 1262 1216 lector
1291 1156 1331 1216 de
1362 1173 1454 1217 manu

189 1281 245 1323 sua
278 1266 407 1340 propria
440 1281 537 1323 unum
572 1265 634 1323 ictu
670 1266 781 1337 sagitte
815 1264 854 1323 de
890 1264 1004 1323 balista
1038 1265 1204 1337 interemit,
1227 1265 1308 1323 alios
1331 1280 1455 1340 quoque

189 1371 307 1429 multos
331 1370 515 1429 vulneravit
539 1370 701 1429 Ladislaus
724 1376 828 1429 autern
851 1370 890 1429 de
912 1370 1047 1428 Dawoth
1070 1386 1166 1428 unum
1196 1371 1294 1429 eciam
1326 1370 1367 1429 de
1403 1372 1455 1430 ba·

188 1476 260 1534 lista
284 1478 412 1551 propria
436 1492 531 1534 manu
554 1477 666 1550 sagitta
689 1478 855 1548 interemit
878 1475 958 1535 alios
982 1490 1108 1549 quoque
1131 1474 1271 1534 diversos
1287 1476 1456 1535 crudeliter

188 1584 308 1655 sagittis
331 1582 517 1654 vulneravit,
542 1582 731 1641 Premissam
754 1598 879 1656 quoque
914 1597 1052 1657 pugnam
1076 1588 1108 1641 et
1130 1580 1319 1641 discordiam
1349 1599 1389 1641 ex
1420 1597 1456 1641 eo

99 1674 103 1681 ’
190 1690 371 1762 inceperunt
394 1688 512 1746 domini
536 1688 574 1746 de
597 1688 734 1762 capitulo
770 1689 934 1763 prenotati,
966 1689 1039 1761 quia
1069 1687 1187 1746 eisdem
1220 1687 1342 1746 litteras
1370 1690 1457 1762 regie

188 1797 358 1855 maiestatis
381 1795 589 1865 exhibuimus,
613 1795 644 1852 in
668 1795 783 1868 quibus
805 1810 861 1853 sua
884 1795 1028 1853 maiestas
1052 1793 1187 1865 mandat,
1210 1799 1245 1852 ut
1259 1800 1359 1853 terras
1375 1796 1457 1854 intra

189 1910 286 1960 metas
321 1902 412 1959 huius
442 1901 575 1958 civitatis
613 1917 669 1975 per
699 1902 784 1973 ipsos
807 1906 973 1975 occupatas
995 1901 1118 1958 noviter
1140 1899 1241 1958 eidem
1265 1901 1386 1960 civitati
1410 1918 1457 1960 re·

188 2009 311 2067 mittere
334 2006 482 2065 deberent
507 2011 536 2064 et
560 2012 745 2079 tenerentur,
769 2006 888 2065 litteras
912 2008 1010 2064 eciam
1033 2007 1161 2065 minime
1196 2006 1366 2065 observare
1402 2022 1457 2066 vo·

188 2115 322 2184 luerunt,
345 2129 401 2170 nec
423 2112 463 2170 ad
486 2113 610 2171 easdem
634 2113 753 2187 aliquid
777 2114 852 2171 boni
868 2112 1103 2188 responderunt,
1119 2111 1172 2171 sed
1189 2113 1291 2187 ipsam
1315 2128 1455 2188 pugnam

189 2223 375 2297 premissam
398 2221 509 2278 litteris
534 2220 694 2292 regalibus
716 2220 865 2294 predictis
895 2221 972 2279 visis
1002 2220 1266 2293 excogitaverunt,
1299 2227 1395 2294 prout
1426 2225 1458 2279 et

187 2327 333 2386 fecerunt.

296 2464 485 2516 Documentum
505 2463 710 2515 transactionale.
747 2464 779 2512 Iu
807 2462 903 2513 archiv.
929 2477 987 2514 ven.
1006 2461 1091 2527 Capit.
1118 2461 1218 2525 zagrab.
1236 2460 1299 2511 Aea
1319 2459 1384 2526 Cup.
1403 2469 1458 2515 ant.

188 2553 249 2602 fasc.
272 2565 310 2603 10.
331 2568 368 2603 nr.
391 2565 430 2614 14.

789 2725 849 2791 32.

301 2869 382 2918 Anno
404 2880 479 2931 1422,
499 2881 522 2932 7.
543 2869 703 2934 septembris.
724 2868 872 2931 Zagrabiae.

186 2996 336 3071 lohannes
365 2998 507 3070 episcopus
536 2996 751 3069 zagrabiensis,
780 2996 853 3052 cives
883 2993 1094 3072 zagrabienses,
1126 2996 1179 3069 qui
1210 3003 1329 3053 annoto
1362 3015 1456 3058 manre

256 3105 411 3177 capitulum
432 3104 548 3176 agressi
566 3110 636 3160 sunt
656 3119 847 3175 ›nagnamquc
869 3100 975 3158 cladem
990 3101 1134 3175 fecerum,
1156 3102 1389 3159 excommunicat.

291 3263 449 3347 Johannes
472 3263 522 3320 dei
546 3269 576 3321 et
598 3263 769 3336 apostolice
792 3260 874 3319 sedis
898 3262 1002 3333 gracia
1035 3260 1200 3334 episcopus
1231 3263 1453 3337 zagrabiensis,

186 3370 300 3442 regalis
324 3376 354 3426 et
379 3370 524 3441 reginalis
549 3370 745 3426 maiestatum
770 3368 856 3438 regni
880 3368 1038 3438 Hungarie
1059 3382 1224 3441 sumpmus
1239 3368 1454 3428 cancellarius.

185 3476 346 3534 Universis
370 3480 400 3532 et
423 3475 554 3547 singulis
575 3474 816 3544 venerabilibus,
834 3474 1075 3546 circumspectis,
1090 3473 1245 3546 religiosis
1261 3481 1291 3531 et
1310 3473 1454 3534 discretis

185 3581 261 3637 viris
285 3581 374 3637 nobis
405 3581 435 3637 in
472 3579 597 3636 Christo
633 3579 753 3636 dilectis
788 3580 964 3650 abbatibus,
990 3580 1166 3653 prepositis,
1189 3580 1358 3653 prioribus,
1382 3597 1453 3654 gar·

185 3686 292 3755 dianis,
316 3686 464 3742 ministris
489 3693 517 3741 et
543 3685 788 3757 provincialibus
812 3700 847 3742 ac
871 3686 1040 3756 monachis,
1072 3684 1222 3743 fratribus
1253 3691 1285 3743 et
1316 3701 1452 3745 conven-

185 3792 267 3849 tibus
290 3791 437 3848 ordinum
459 3805 728 3863 quorumcumque
752 3799 970 3864 exemptorum
995 3800 1024 3848 et
1047 3807 1108 3848 non
1132 3796 1360 3865 exemptorum,
1384 3806 1452 3851 mo·

184 3899 450 3969 nasteriorumque
474 3903 504 3955 et
527 3898 729 3955 ecclesiarum
754 3899 927 3955 rectoribus
949 3914 1002 3955 seu
1038 3898 1192 3971 plebanis,
1215 3896 1451 3967 archidiaconis,

183 4003 474 4061 vicearchidiaconis
498 4020 534 4061 ac
570 4004 730 4073 canonicis,
763 4004 939 4075 lectoribus,
972 4003 1149 4061 cantoribus
1179 4018 1233 4061 seu
1266 4003 1452 4062 custodibus

183 4109 374 4169 kathedralis
398 4117 507 4167 nostre
531 4110 738 4181 zagrabiensis
770 4116 799 4165 et
830 4110 1075 4182 collegiatarum,
1107 4109 1289 4182 presbiteris
1324 4125 1451 4184 quoque

184 4225 213 4274 et
237 4217 407 4288 capellanis
431 4217 544 4273 curatis
567 4224 597 4272 et
622 4231 682 4272 non
707 4217 829 4287 curatis,
862 4216 1045 4288 clericisque
1076 4221 1106 4272 et
1137 4213 1362 4273 tabellionibus
1393 4231 1451 4290 pu·

183 4322 274 4379 blicis
296 4337 353 4395 per
377 4329 406 4380 et
428 4323 508 4380 inira
532 4323 690 4380 civitatem
712 4338 765 4380 seu
790 4320 938 4379 diocesim
963 4328 1100 4379 nostram
1123 4321 1355 4394 zagrabiensem
1378 4322 1451 4380 ubi·

183 4428 260 4486 libet
283 4429 464 4500 constitutis,
487 4430 539 4502 qui
562 4431 758 4502 presentibus
794 4428 907 4487 fuerint
938 4430 1077 4501 requisiti
1110 4429 1161 4486 vel
1193 4427 1272 4486 alter
1305 4427 1449 4501 ipsorum

182 4534 357 4607 requisitus,
383 4534 515 4592 salutem
552 4535 583 4593 in
623 4535 751 4593 domino
787 4543 817 4592 et
849 4535 987 4592 debitam
1012 4551 1047 4592 ac
1069 4535 1216 4593 solertem
1240 4533 1356 4590 babere
1379 4532 1450 4591 dili·

181 4640 323 4714 genciam
346 4639 377 4696 in
401 4642 582 4712 commissis,
606 4642 865 4715 presentibusque
889 4640 1000 4698 litteris
1024 4640 1138 4698 nostris
1159 4638 1254 4696 fidem
1286 4637 1448 4697 indubiam

182 4745 338 4803 adhibere.
369 4746 542 4818 Repierunt
575 4747 780 4806 amaritudine
816 4748 1076 4804 thabernaculum
1107 4745 1220 4804 mentis
1253 4749 1361 4802 nostre
1392 4743 1448 4802 iile

181 4866 323 4909 enormes
347 4852 463 4908 offense
486 4854 632 4926 preterite
656 4860 685 4911 et
708 4853 790 4911 istud
814 4868 932 4911 novum
956 4852 1147 4911 horrendum
1171 4849 1303 4909 facimus
1333 4850 1365 4909 in
1396 4849 1446 4908 dei
