3278 5348
188 406 252 468 106
416 447 424 458 ‚
626 409 698 466 Doc.
723 402 773 464 82.
799 439 838 450 -
862 361 918 464 An.
943 419 1031 483 1435.

187 620 363 700 annuentes,
388 627 543 703 predictas
565 627 683 685 litteras
707 626 881 701 pretitulati
900 624 1021 683 domini
1051 624 1149 683 nostri
1177 625 1270 698 regis,
1303 639 1369 683 non
1393 625 1480 683 ab·-

186 712 280 806 iasas,
315 732 375 792 non
407 734 602 807 cancellatas,
636 750 692 792 nec
727 734 758 790 in
791 733 898 806 aliqua
935 733 1077 807 ipsorum
1111 735 1201 806 parte
1222 714 1385 803 'vitiatas
1400 730 1454 790 sed

187 856 317 916 prorsus
338 843 423 898 omni
448 842 529 898 vicio
552 845 582 897 et
610 841 785 913 suspicione
807 844 967 909 carentes,
987 838 1182 912 presentibus
1205 838 1319 897 litteris
1342 838 1455 896 nostris

186 944 363 1032 patentibus
386 947 424 1005 de
449 947 546 1005 verbo
568 947 609 1005 ad
632 947 764 1004 verbnm
788 947 853 1002 sine
873 933 1090 1018 diminucione·
1107 949 1138 1002 et
1160 924 1376 1004 additamento
1399 945 1454 1004 ali·

133 1050 138 1055 ’
187 1025 273 1128 'quadi
296 1056 388 1111 inseri
411 1060 441 1112 et
463 1050 565 1125 sigilli·
583 1055 679 1111 nostri
702 1052 915 1110 conventualis
938 1051 1127 1125 appensione
1143 1040 1348 1109 ¹communiri
1383 1051 1455 1109 faci·

187 1165 279 1237 entes,
303 1160 419 1217 eisdem
442 1158 537 1235 judici
562 1164 592 1218 et
615 1161 721 1217 iuratis
744 1160 865 1217 civibus
888 1159 1022 1216 civitatis
1044 1155 1188 1230 sepefata
1211 1158 1392 1215 uberiorem
1408 1159 1455 1232 ip

186 1280 293 1324 sorum
327 1268 483 1324 racionem
517 1272 547 1324 et
582 1267 734 1324 cautelam
769 1267 811 1323 ob
843 1265 1027 1338 premissam
1062 1263 1208 1321 duximus
1232 1263 1454 1322 concedendas.

187 1372 302 1430 Datum
338 1373 488 1446 Zagrabie
524 1377 695 1446 prenotata,
730 1373 759 1429 in
796 1371 875 1429 festo
898 1370 1164 1429 Circumcissionis
1198 1369 1329 1429 domini.
1365 1372 1455 1429 Armo

141 1522 145 1530 .
186 1479 324 1537 eiusdem
350 1481 519 1537 millesimo
544 1480 848 1553 quadringentesimo
872 1479 1027 1539 tricesimo
1051 1478 1166 1550 quintu.

296 1634 429 1697 Originale
448 1637 474 1684 in
493 1635 647 1693 membrana,
667 1652 683 1683 a
701 1635 800 1684 duabus
818 1635 889 1684 zonis
908 1635 1012 1684 sericeis
1031 1633 1178 1699 pendebant
1195 1632 1255 1692 duo,
1275 1648 1344 1683 nnnc
1357 1632 1453 1692 avulsa,

187 1720 279 1784 sigilla.
300 1724 332 1770 In
351 1722 421 1777 arch.
440 1723 485 1775 lib.
505 1733 566 1788 reg.'
577 1725 647 1776 civit.
666 1724 766 1788 zagrab.
1208 1736 1211 1740 '

790 1956 848 2020 82.

292 2136 372 2183 Anno
393 2148 467 2200 1435,
490 2148 528 2197 14.
546 2137 664 2200 januarii.
686 2135 780 2186 Albae.

192 2278 355 2338 Corevcnlus
384 2281 598 2355 Crucifiwmm
629 2283 662 2338 de
692 2283 777 2352 Alba,
809 2284 919 2354 legatos
947 2282 1057 2355 quidem
1087 2282 1215 2340 civitates
1238 2283 1342 2339 neentis
1381 2282 1452 2339 Gre-

185 2388 273 2444 ccnst's
296 2397 395 2444 contra
418 2389 523 2445 arabiles
545 2390 579 2445 dc
603 2388 697 2445 Snscd
716 2389 760 2445 die
777 2390 957 2461 prireslituta
981 2388 1139 2457 advenae,
1163 2389 1269 2445 ventiles
1299 2397 1394 2446 autem
1421 2389 1453 2445 de

474 2494 567 2551 Snsed
580 2497 703 2569 frustrer
726 2514 784 2551 esse
804 2503 990 2568 exspectatos,
1013 2497 1171 2567 confirmat.

291 2640 353 2697 Nos
389 2644 556 2697 conventus
591 2640 822 2726 Crucit'erorum
862 2641 973 2698 domus
1004 2641 1168 2714 hospitalis
1204 2639 1331 2698 ecclesie
1370 2642 1452 2698 beati

184 2750 265 2817 regis
289 2746 436 2819 Stephani
461 2747 499 2802 de
522 2747 612 2804 Alba.
637 2749 785 2804 liemorie
810 2747 1073 2821 commendamus,
1098 2747 1181 2820 quod
1204 2747 1350 2829 Jacobus‚
1368 2748 1454 2805 filius¹

184 2855 340 2935 johannis,
365 2852 437 2909 dicti
464 2853 567 2924 llolya,
585 2855 661 2910 civis
678 2854 810 2910 civitatis
827 2853 864 2909 de
881 2859 986 2909 monte
1003 2853 1148 2911 Grccensi
1165 2855 1249 2910 iuxta
1265 2853 1451 2926 Zagrabiam

185 2960 340 3029 existente,
374 2961 402 3014 in
438 2974 492 3014 sua
527 2975 563 3014 ac
585 2957 703 3033 judicis,
726 2958 962 3033 juratorumque
994 2960 1111 3016 civium
1135 2964 1165 3016 et
1189 2960 1288 3016 tocius
1312 2976 1451 3019 commu·

184 3067 287 3122 nitatis
319 3065 357 3121 dc
389 3065 497 3122 eadem
531 3068 669 3138 personis
691 3068 720 3123 in
746 3072 884 3123 nostram
908 3068 1033 3122 veniens
1057 3068 1257 3139 presenciam,
1281 3069 1373 3126 nobis
1397 3086 1452 3142 per

184 3171 314 3229 modum
339 3174 573 3243 protestacionis
596 3174 770 3241 significare
795 3174 914 3229 curavit
939 3175 966 3229 in
1000 3175 1081 3229 hunc
1112 3172 1258 3230 modum:
1291 3174 1452 3246 quomodo

184 3277 354 3348 Ladislaus‚
379 3278 463 3334 iilius
487 3279 607 3336 Nicolai
631 3288 661 3336 et
683 3281 846 3362 Johannes,
878 3280 962 3336 iilius
994 3280 1155 3338 Laurencii
1188 3279 1261 3337 dicti
1296 3281 1379 3339 Thot
1412 3281 1452 3338 de

136 3381 140 3388 '
184 3383 382 3441 Zomzcdwar
406 3386 436 3441 in
461 3401 584 3442 causam
609 3388 730 3442 attracti
755 3403 811 3458 per
836 3386 972 3457 prefatos
995 3385 1138 3460 judicem,
1161 3385 1342 3462 juratusque
1367 3389 1451 3446 cives

184 3494 214 3545 et
245 3496 341 3546 totam
377 3494 632 3548 communitatem
661 3499 790 3563 actores
821 3492 1029 3550 mediantibus
1059 3494 1170 3551 litteris
1199 3495 1451 3553 excellentissimi

184 3597 332 3668 principis
368 3596 485 3652 domini
520 3597 708 3663 Siuismundi
744 3589 941 3671 imperatoris
971 3601 999 3655 in
1032 3602 1224 3673 presenciam
1247 3601 1387 3658 eiusdem
1410 3601 1450 3659 ad

184 3708 329 3758 octavum
355 3701 436 3758 diem
461 3701 530 3758 sesti
555 3705 800 3775 Epiphaniarnm
824 3704 940 3762 domini
965 3707 1108 3778 proxime
1140 3708 1322 3779 preteritum
1355 3709 1386 3765 in
1409 3709 1451 3765 ci·

183 3809 311 3864 ritatem
327 3808 493 3864 Albensem
512 3812 630 3866 evocati
647 3813 832 3881 extitissent;
857 3813 986 3885 ipsoque
1004 3815 1136 3870 termino
1151 3813 1343 3886 adveniente,
1367 3814 1450 3873 idem

184 3914 326 3995 Jacobus‚
351 3914 435 3970 silius
461 3915 622 3996 Johannis,
646 3931 704 3989 pro
730 3918 846 3974 eisdem
869 3917 978 3992 judice,
999 3918 1170 3994 juratisque
1193 3920 1314 3977 civibus
1338 3927 1369 3977 et
1391 3936 1452 3994 pro

183 4024 246 4077 tota
269 4021 488 4077 communitate
513 4037 583 4078 cum
609 4025 829 4093 procuratoriis
854 4026 965 4081 litteris
989 4025 1170 4083 eorumdem
1195 4027 1223 4082 in
1248 4025 1358 4084 cadem
1375 4028 1451 4085 civi·

183 4131 244 4183 tate
266 4126 394 4184 Albensi
419 4130 657 4200 comparuisset3
690 4129 771 4186 unde
802 4131 881 4187 facta
907 4131 1085 4189 huiusmodi
1107 4133 1342 4205 protestacione,
1368 4133 1451 4192 idem

182 4233 325 4314 Jacobus‚
350 4233 433 4289 filius
457 4234 612 4315 joliannis,
635 4236 753 4293 litteras
777 4244 897 4294 nostras
929 4254 1023 4311 super
1054 4238 1193 4312 predicta
1223 4242 1451 4311 protestacione

183 4339 378 4410 postulasset,
401 4355 477 4411 tinas
501 4355 556 4396 nos
580 4340 680 4397 eidem
704 4345 910 4400 concessimus
946 4346 1104 4401 communi
1137 4342 1260 4419 justicia
1290 4344 1451 4405 suadente.

182 4445 298 4502 Datum
323 4446 398 4503 feria
421 4451 506 4502 sexta
522 4448 665 4519 proxima
686 4456 756 4522 post
772 4456 917 4506 octavum
934 4450 1016 4506 diem
1035 4451 1200 4524 prescripti
1223 4448 1292 4507 festi
1311 4451 1451 4527 Epipha-

182 4552 302 4609 niarum
328 4553 453 4610 domini.
479 4553 567 4608 Anno
591 4553 728 4611 eiusdem
752 4556 922 4613 millesimo
953 4556 1258 4629 quadringentesimo
1290 4558 1451 4617 tricesimo

182 4659 296 4729 quinto.
1072 4636 1075 4642 ¹

288 4794 421 4857 Originnle
440 4795 466 4844 in
486 4796 580 4846 charta.
602 4796 627 4843 Α
648 4802 719 4861 tergo
739 4799 875 4864 vestigium
900 4801 1017 4867 impressi
1037 4798 1125 4865 sigilli.
1163 4802 1196 4851 In
1220 4799 1290 4855 arch.
1319 4800 1366 4854 lib.
1395 4818 1450 4869 reg.

183 4884 230 4934 civ.
247 4883 347 4947 zagrab.
1211 4892 1215 4897 '
