3278 5348
196 450 236 493 20
631 431 706 490 Doc.
730 443 779 488 22.
803 463 845 474 -
867 430 924 490 An.
946 439 1034 507 1415.

194 648 352 706 missimus
375 654 527 722 perpetuo
551 652 582 705 et
604 647 852 706 irrevocabiliter
875 647 1107 722 possidendum
1136 645 1306 704 tenendum
1341 650 1372 702 et
1405 645 1469 702 ha*

195 755 332 812 bendum
359 770 394 812 ac
418 756 503 812 iuxta
534 754 746 811 condicionem
782 754 874 812 huius
907 754 1040 812 civitatis
1071 767 1269 826 quocumque
1304 751 1475 810 voluerint

193 861 419 919 destinandum.
459 861 493 918 In
517 861 604 918 cuius
626 860 671 917 rei
692 861 888 929 memoriam,
913 859 1156 932 firmitatemque
1178 863 1367 933 perpetuam
1391 874 1471 932 pre-

193 974 293 1025 sentes
317 968 436 1026 litteras
460 973 580 1024 nostras
603 967 761 1024 communi
785 966 892 1039 sigillo
916 967 1079 1024 roboratas
1102 965 1220 1023 eisdem
1237 964 1364 1023 domine
1381 965 1469 1022 Mar·

192 1075 319 1145 garethe
335 1079 366 1130 et
383 1073 509 1131 Nicolao
526 1066 685 1149 (duximus
701 1063 934 1149 concedendas).
957 1073 1071 1129 Datum
1087 1072 1119 1129 in
1135 1070 1213 1130 sesto
1229 1071 1314 1128 beati
1331 1069 1464 1144 Georgii

194 1180 338 1237 martiris.
363 1181 452 1236 Anno
479 1178 597 1235 domini
621 1178 790 1236 millesimo
814 1178 1119 1251 quadringentesimo
1143 1176 1387 1250 quintodecimo.

299 1313 433 1377 Originale
451 1314 478 1361 iu
497 1313 645 1361 membrana
662 1314 774 1362 lacerum
801 1321 827 1361 et
855 1328 967 1363 exesum.
996 1314 1066 1361 Zona
1093 1312 1189 1361 sericea
1215 1311 1270 1360 albi
1297 1318 1324 1360 et
1353 1312 1462 1361 vielacci

192 1401 286 1451 coloris
305 1403 434 1466 appendet
453 1402 550 1464 absque
569 1402 666 1465 sigillo.
694 1405 725 1450 Iu
743 1401 839 1453 archiv.
859 1401 904 1451 lib,
924 1417 976 1463 reg.
996 1401 1044 1451 civ.
1063 1401 1164 1464 zagrab.

792 1595 851 1660 22.

298 1756 377 1804 Anno
400 1767 473 1819 1415,
494 1755 535 1805 28.
554 1753 676 1805 octobris.
695 1753 840 1817 Zagrabiae.

197 1882 299 1939 Coram
330 1882 528 1938 corrrrrrurritutc
557 1881 686 1940 civitatis
717 1880 867 1937 Grecensr's
897 1878 1041 1947 Andreas,
1074 1879 1220 1936 litterams
1253 1885 1283 1934 et
1311 1880 1393 1948 cr'ut's,
1418 1880 1460 1936 in·

190 1991 295 2046 cultam
317 2006 399 2044 suam
430 1989 542 2044 ventam
570 1996 599 2044 et
626 1988 730 2043 siloam
756 1984 906 2057 Gregorio,
940 1985 1077 2058 scriptori
1106 1984 1255 2054 librorum,
1286 2003 1341 2041 sex
1356 1986 1458 2059 pensis

666 2093 850 2149 denariorum
874 2091 976 2148 vendit.

295 2238 359 2296 Nos
375 2236 526 2309 liychael,
543 2235 628 2294 iilius
644 2236 805 2306 Simeonis,
821 2233 923 2310 judex,
940 2233 1124 2309 Stephanus,
1140 2235 1303 2308 Georgius,
1326 2235 1459 2307 Blasius,

189 2345 351 2418 Georgius,
387 2344 517 2416 Gasper,
553 2344 680 2414 Fryche,
716 2341 932 2414 Sigismundus
964 2347 994 2400 et
1016 2342 1204 2412 Lodovicus,
1227 2339 1330 2417 jurati,
1355 2343 1458 2400 consi·

190 2452 271 2510 liarii
295 2460 325 2508 et
348 2450 483 2508 universi
518 2450 601 2507 cives
635 2450 749 2506 montis
784 2448 980 2506 Grechensis.
1015 2448 1165 2506 Memorie
1195 2447 1456 2507 commendamus

189 2573 246 2631 per
270 2561 434 2630 presentes,
458 2555 542 2628 quod
564 2554 705 2612 Andreas
729 2555 880 2625 literatus,
905 2553 990 2611 filius
1013 2554 1100 2626 olym
1123 2553 1207 2612 Petrr
1228 2556 1367 2626 sartoris,
1399 2555 1460 2614 filii

190 2664 308 2734 Koyan,
339 2664 415 2718 alias
447 2670 550 2718 noster
581 2662 717 2718 concivis
744 2676 849 2718 coram
885 2660 976 2718 nobis
999 2659 1208 2734 personaliter
1242 2661 1457 2734 comparendo

188 2777 298 2842 sponte
322 2773 367 2824 est
390 2766 547 2823 consessus
570 2782 605 2824 eo
629 2766 740 2824 modo:
764 2765 847 2838 quod
872 2766 939 2838 ipse
963 2765 1119 2838 quandam
1151 2767 1272 2824 vineam
1297 2781 1387 2823 suam
1412 2768 1457 2825 in·

188 2873 305 2932 cultam
329 2879 359 2929 et
381 2871 571 2943 inforestam,
588 2873 697 2929 Korito
717 2878 867 2942 vocatam,
885 2872 916 2928 in
932 2876 1039 2929 nostro
1055 2871 1212 2929 territorio
1227 2871 1312 2929 iuxta
1330 2873 1455 2930 vineam

187 2979 316 3050 Nicolai,
340 2978 398 3036 filii
422 2979 589 3048 lwancech
613 2994 631 3035 a
663 2984 750 3052 parte
781 2976 978 3035 meridionali
1007 2977 1152 3036 similiter
1182 2993 1263 3035 nunc
1292 2976 1456 3049 incultam,

188 3091 218 3142 et
242 3085 319 3142 duas
354 3086 420 3143 vias
455 3099 636 3142 communes
671 3085 765 3142 simul
797 3101 867 3141 curn
902 3085 983 3142 silva
1014 3084 1075 3159 ipsi
1098 3084 1187 3143 vinee
1210 3083 1369 3142 adiacente
1394 3085 1454 3142 sub

187 3194 278 3250 metis
301 3198 331 3249 et
354 3193 495 3248 terminis
519 3191 724 3265 infrascriptis
744 3207 801 3263 per
830 3196 992 3248 annotatos
1022 3190 1187 3248 Nicolaum
1216 3196 1247 3248 et
1273 3205 1356 3247 nunc
1388 3205 1457 3247 ma·

186 3299 318 3371 gistrum
332 3297 519 3370 Gregorium
544 3299 729 3371 scriptorem
746 3298 910 3368 librorum,
926 3297 1029 3354 filium
1045 3297 1177 3367 Andree,
1192 3295 1282 3353 factis
1297 3301 1328 3353 et
1343 3297 1456 3355 erectis

185 3420 222 3462 ac
246 3404 347 3461 denuo
371 3404 554 3461 constructis
577 3405 717 3461 habitam
742 3409 771 3460 et
794 3404 986 3473 existentem,
1010 3404 1041 3461 in
1064 3403 1170 3477 ipsum
1200 3401 1362 3460 Andream
1385 3403 1456 3461 lite·

186 3515 289 3569 ratum
326 3525 343 3566 a
375 3509 496 3582 prelato
529 3509 618 3566 Petro
651 3518 769 3567 sartore
800 3516 888 3583 patre
921 3523 976 3566 suo
999 3509 1152 3581 legittime
1175 3507 1360 3566 devolutam
1382 3524 1455 3567 cum

186 3616 331 3674 omnibus
354 3616 452 3688 ipsius
476 3616 564 3672 vinee
588 3631 668 3672 nunc
692 3616 805 3673 inculte
827 3621 856 3672 et
880 3616 958 3672 silve
981 3614 1170 3672 utilitatibus
1202 3619 1233 3671 et
1255 3614 1455 3688 pertinenciis

185 3722 337 3780 universis
361 3721 400 3777 ad
424 3722 507 3794 ipsas
532 3721 754 3793 quoquomodo
777 3722 989 3794 spectantibus
1012 3721 1081 3778 viro
1113 3718 1247 3794 provido
1278 3726 1454 3778 memorato

186 3827 341 3900 Gregorio
365 3828 509 3900 scriptori
534 3827 700 3901 librorum,
724 3827 791 3884 filio
816 3826 946 3895 Andree,
979 3831 1009 3883 et
1040 3826 1104 3882 suis
1135 3824 1304 3883 heredibus
1333 3826 1376 3883 ob
1406 3841 1454 3883 re·

184 3940 326 4008 spectum
349 3949 477 3991 suorum
501 3933 732 4003 beneficiorum,
757 3939 825 3989 tum
861 3934 959 3989 eciam
995 3946 1054 4005 pro
1088 3947 1142 3988 sex
1175 3931 1280 4004 pensis
1314 3930 1453 3989 denario·

185 4056 254 4097 rum
274 4040 333 4113 ipsi
347 4039 470 4096 Andree
487 4040 717 4112 persolutorum
741 4038 884 4108 dedisset,
908 4038 1053 4095 donasset
1077 4044 1107 4094 et
1129 4035 1327 4108 vendidisset,
1342 4051 1453 4109 ymmo

187 4146 282 4216 dedit,
318 4145 445 4203 donavit
469 4154 498 4202 et
523 4145 661 4202 vendidit
697 4160 803 4202 coram
834 4145 924 4201 nobis
954 4143 1020 4219 jure
1045 4149 1198 4218 perpetuo
1223 4141 1453 4217 possidendam,

185 4251 350 4308 tenendam
385 4257 414 4308 et
450 4251 627 4308 habendam
663 4267 697 4308 ac
732 4252 818 4308 iuxta
853 4250 1065 4308 condicionem
1100 4250 1191 4307 huius
1216 4248 1352 4306 civitatis
1375 4263 1452 4321 quo·

184 4374 317 4430 cumque
341 4359 476 4414 voluerit
500 4358 529 4414 in
554 4359 617 4414 vita
640 4358 757 4430 pariter
781 4358 864 4413 etin
888 4363 988 4414 morte
1011 4355 1249 4430 disponendam.
1270 4354 1352 4411 Mete
1375 4368 1452 4412 vero

183 4464 280 4537 ipsius
305 4464 392 4519 vinee
415 4463 474 4519 hoc
496 4463 603 4520 ordine
627 4464 824 4537 incipiuntur,
851 4462 935 4535 quod
959 4463 1062 4536 prima
1085 4468 1167 4519 meta
1190 4476 1208 4518 a
1231 4466 1320 4534 parte
1336 4458 1449 4534 prefati

184 4570 305 4628 Nicolai
329 4570 420 4626 vicini
446 4585 462 4625 a
487 4570 580 4642 plaga
604 4571 746 4628 orientali
770 4572 878 4643 incipit
900 4572 931 4628 in
955 4569 1091 4643 quadam
1114 4569 1225 4626 arbore
1256 4581 1389 4640 quercus
1420 4565 1451 4623 in

182 4677 279 4749 vulgo
304 4677 432 4733 harasth
459 4691 557 4749 prope
582 4676 753 4748 predictam
778 4678 861 4735 viam
878 4692 1076 4734 communem
1101 4683 1131 4731 et
1153 4674 1239 4732 vadit
1263 4672 1305 4730 ab
1328 4672 1398 4745 ipsa
1420 4672 1450 4729 in

181 4783 331 4840 arborem
357 4783 481 4855 trepicis
504 4782 535 4839 in
557 4782 655 4854 vulgo
680 4784 788 4856 thopol
813 4793 932 4853 vocata,
963 4782 1002 4839 de
1033 4797 1095 4854 qua
1118 4782 1149 4838 in
1171 4780 1268 4839 aliam
1302 4778 1449 4837 arborem

182 4888 301 4962 thopol,
325 4888 363 4946 de
386 4904 447 4962 qua
471 4887 570 4945 tendit
593 4888 624 4945 in
648 4890 795 4947 arborem
820 4905 952 4963 quercus
975 4895 1005 4945 et
1028 4888 1068 4944 ab
1092 4889 1160 4960 ipsa
1188 4901 1284 4962 supra
1306 4883 1348 4944 ad
1370 4883 1449 4945 occi·
