3278 5348
201 399 240 457 68
626 395 699 451 Doc.
717 390 775 468 56.
804 427 838 436 -
866 395 922 452 An.
946 408 1037 472 1429.

199 628 280 671 vare.
305 611 342 669 Et
361 628 418 685 per
442 609 638 683 infrascripta
661 609 861 682 singulariter
884 609 1121 683 denotabuntur‚
1142 613 1196 685 qui
1219 614 1303 672 cives
1327 615 1364 673 ad
1390 632 1470 689 quas

199 722 305 791 portas
329 717 463 773 civitatis
488 715 592 772 claves
615 715 769 788 predictas
792 714 948 774 ordinarie
971 721 1074 774 tenere
1106 725 1136 775 et
1165 733 1353 778 conservare
1384 728 1469 779 tene-

197 823 323 894 buntur,
347 822 390 879 ita
413 820 569 891 videlicet,
585 828 619 878 ut
643 821 775 894 quilibet
799 822 876 879 civis
898 819 986 897 juxta
1009 825 1253 882 moracionalem
1274 832 1306 884 et
1328 827 1466 885 residen-

198 930 309 986 cialem
333 928 464 985 domum
487 942 576 984 suam
600 927 630 984 in
655 942 715 999 qua
738 928 880 985 habitare
905 928 1082 1000 dinoscitur,
1107 931 1173 987 sive
1205 931 1314 1004 plures
1347 933 1469 1001 domos,

196 1035 263 1092 sive
286 1049 379 1092 unam
403 1040 522 1091 tantum
547 1033 676 1090 domum
700 1034 821 1102 habeat,
845 1050 969 1107 semper
994 1036 1052 1093 nisi
1077 1035 1115 1093 de
1137 1051 1198 1093 una
1220 1036 1325 1109 domo,
1342 1039 1372 1096 in
1397 1056 1467 1112 qua,

198 1148 232 1199 ut
256 1141 434 1216 predicitur,
458 1157 580 1200 moram
604 1143 699 1199 habet
729 1142 935 1215 personalem,
967 1143 1088 1200 clavem
1122 1148 1225 1201 tenere
1254 1144 1350 1201 debet
1378 1154 1466 1218 porte

195 1249 281 1306 illius
303 1248 435 1305 civitatis
456 1247 601 1319 predicte,
637 1247 675 1304 ad
701 1263 795 1319 quam
819 1254 942 1321 portam
967 1264 1037 1305 cum
1062 1249 1200 1322 predicta
1223 1250 1313 1307 clave
1336 1258 1382 1307 est
1405 1267 1464 1308 ser·

195 1357 261 1412 vire
284 1355 449 1428 deputatus
473 1360 503 1411 et
526 1355 584 1411 hoc
607 1372 663 1429 per
687 1370 784 1412 unum
808 1356 962 1425 integrum
987 1371 1134 1414 mensem.

302 1462 388 1527 item,
411 1462 514 1537 primo
537 1459 576 1515 ad
600 1467 724 1533 portam
748 1460 906 1533 lapideam
931 1461 1046 1519 debent
1075 1477 1200 1519 servare
1224 1462 1348 1519 clavem
1380 1463 1460 1520 cives

194 1566 372 1640 incipiendo
397 1568 428 1624 in
460 1566 553 1624 domo
584 1565 707 1622 Andree
736 1564 856 1641 judicis,
887 1565 962 1624 dicti
990 1566 1028 1623 de
1056 1567 1215 1638 Zwinaria,
1240 1574 1270 1624 et
1300 1585 1402 1641 usque
1433 1569 1460 1626 in

194 1673 325 1728 domum
350 1672 522 1729 liberorum
538 1671 658 1728 Thome
674 1672 790 1743 vicarii,
815 1677 844 1729 et
867 1672 905 1728 ad
931 1673 1014 1746 ipsos
1038 1674 1225 1746 pertinentes
1254 1682 1326 1731 sunt
1351 1675 1459 1732 insule:

193 1786 311 1849 octava,
335 1795 416 1837 nona
439 1786 468 1836 et
490 1781 600 1853 prima.

298 1887 375 1943 Item
399 1886 436 1942 ad
463 1884 629 1958 portellam
662 1885 794 1942 civitatis
823 1890 1029 1958 campestrem
1058 1902 1111 1942 seu
1144 1885 1180 1942 ad
1211 1902 1361 1959 campum
1398 1893 1458 1944 ten·

193 1991 318 2049 dentem
336 1992 450 2049 debent
465 2006 589 2048 servare
605 1991 726 2048 clavem
752 1991 889 2048 eiusdem
914 1998 1003 2065 porte
1020 1993 1104 2048 cives
1120 1991 1295 2064 incipiendo
1312 1993 1343 2049 in
1367 1992 1459 2049 domo

195 2097 366 2154 liberorum
391 2097 538 2171 Stephani
564 2097 698 2170 lapicide
722 2098 752 2153 in
776 2097 893 2154 circulo
925 2113 1021 2178 usque
1053 2097 1092 2154 ad
1124 2098 1255 2154 macella
1287 2099 1458 2155 communi·

193 2205 273 2272 tatis,
299 2210 329 2260 et
352 2203 390 2260 ad
415 2205 499 2276 ipsos
520 2204 708 2276 pertinentes
733 2208 804 2259 sunt
826 2203 938 2260 insule:
963 2203 1105 2276 septima,
1129 2212 1215 2259 sexta
1238 2208 1268 2260 et
1291 2205 1408 2275 quinta.

296 2310 372 2365 ltem
400 2308 438 2365 ad
475 2314 596 2381 portam
634 2309 787 2377 civitatis,
824 2308 1003 2365 carnificum
1036 2308 1158 2377 dictam,
1190 2308 1304 2366 debent
1336 2325 1459 2367 servare

190 2416 311 2471 clavem
339 2415 475 2471 eiusdem
504 2422 593 2487 porte
621 2415 703 2471 cives
731 2413 907 2487 incipiendo
935 2414 1122 2487 apredictis
1156 2414 1298 2471 macellis
1316 2430 1458 2472 commu·

190 2523 293 2577 nitatis
317 2522 347 2577 in
372 2522 489 2578 circulo
512 2520 663 2592 usquead
689 2520 819 2576 domum
839 2520 925 2577 Pauli
942 2519 1048 2577 decani
1065 2535 1118 2576 seu
1136 2520 1310 2577 liberorum
1337 2521 1457 2591 Paulas,

189 2635 219 2683 et
243 2627 280 2682 ad
306 2628 390 2700 ipsos
408 2628 562 2699 pertinens
583 2634 639 2683 est:
664 2635 774 2698 quarta
791 2626 900 2694 insula,
917 2642 970 2682 seu
995 2627 1077 2682 cives
1101 2626 1131 2682 in
1155 2625 1264 2683 eadem
1288 2633 1458 2685 morantes

295 2734 371 2789 item
396 2733 434 2789 ad
459 2748 573 2789 novam
605 2738 728 2806 portam
753 2733 895 2799 civitatis,
919 2732 1033 2788 debent
1064 2747 1188 2789 servare
1211 2732 1333 2790 clavem
1367 2740 1457 2807 porte

188 2840 325 2896 eiusdem
343 2841 425 2896 cives
450 2840 624 2912 incipiendo
640 2840 670 2895 in
695 2838 833 2911 predicta
857 2838 950 2894 domo
982 2839 1121 2911 ipsorum
1144 2839 1320 2896 liberorum
1343 2839 1455 2897 Paulas

188 2947 217 3002 in
242 2947 358 3003 circulo
382 2955 411 3001 et
436 2962 533 3017 usque
557 2945 593 3001 ad
627 2945 755 3000 domum
780 2945 954 3001 liberorum
981 2944 1098 3001 Vrbani
1130 2945 1320 3017 llansethyn,
1352 2951 1382 3002 et
1417 2945 1455 3002 ad

187 3054 271 3124 ipsos
294 3054 450 3125 pertinens
474 3058 531 3107 est:
561 3052 662 3107 insula
687 3051 787 3117 tercia,
812 3066 865 3106 seu
889 3051 972 3107 cives
995 3052 1026 3107 in
1050 3050 1158 3107 eadem
1181 3050 1364 3108 habitantes

293 3160 368 3215 Item
393 3159 430 3214 ml
457 3158 623 3229 portellam
649 3172 778 3229 parvam
803 3157 936 3213 civitatis
966 3155 1111 3229 predicte,
1142 3157 1183 3213 ab
1206 3159 1324 3214 oriente
1353 3158 1453 3230 sitam,

188 3281 300 3322 surove
318 3265 455 3320 rlwercze
479 3265 575 3335 vulgo
592 3263 770 3335 apellatam,
788 3262 901 3318 debent
924 3278 1048 3319 servare
1072 3263 1193 3319 clavem
1217 3262 1356 3320 eiusdem
1381 3278 1451 3336 por·

187 3371 260 3427 telle
284 3371 367 3426 cives
398 3370 573 3441 incipiendo
605 3371 635 3425 in
667 3369 805 3440 predicta
838 3367 932 3425 domo
965 3369 1118 3425 dictorum
1150 3368 1324 3427 liberorum
1356 3370 1453 3449 ipsius

186 3477 303 3532 Vrhani
329 3477 474 3531 l‘lansetin
499 3491 596 3545 usque
620 3474 657 3530 ad
684 3474 811 3530 domum
836 3474 966 3547 predicti
990 3474 1112 3531 Andree
1125 3473 1163 3530 de
1179 3473 1352 3547 Zwynaria,
1367 3480 1399 3533 et
1414 3475 1450 3532 ad

186 3584 270 3654 ipsos
294 3583 449 3654 pertinens
473 3586 533 3637 est:
553 3580 653 3636 insula
677 3579 817 3636 secunda.
842 3581 878 3635 lit
902 3581 944 3636 sic
969 3581 1181 3649 terminantur,
1198 3582 1358 3654 perpetuis
1377 3587 1450 3638 tem·

186 3689 316 3760 poribus
340 3686 490 3756 durando,
513 3694 548 3741 ut
571 3686 704 3756 quilibet
728 3685 882 3741 ordinarie
906 3700 1012 3741 curam
1044 3695 1073 3741 et
1103 3700 1180 3743 onus
1212 3686 1347 3744 civitatis
1379 3703 1451 3760 sup-

189 3800 289 3864 portet
315 3792 407 3848 modo
432 3797 602 3863 prenotato.

290 3943 422 4006 Originale
441 3944 467 3990 in
488 3943 641 3991 membrana.
664 3943 693 3988 In
712 3942 780 3990 arch.
801 3941 845 3992 lih,
865 3959 916 4005 reg.
937 3944 984 3993 civ.
1004 3943 1104 4006 zagrab.

784 4172 844 4236 56.

288 4260 369 4308 Anno
392 4271 465 4322 1429.

288 4390 385 4462 Copia
409 4389 604 4446 lundualium
628 4390 762 4445 civitatis
786 4390 899 4445 montis
922 4389 1085 4447 Grecensis
1108 4405 1203 4462 super
1235 4404 1335 4447 vacuo
1366 4387 1450 4448 aedi·

182 4496 323 4568 ficiisque
347 4495 493 4552 destituto
524 4495 621 4551 fundo
645 4494 817 4565 Stoykonis‚
841 4494 899 4551 filii
931 4495 1051 4552 Lucasii
1087 4495 1225 4567 Agatich,
1257 4496 1335 4553 civis
1367 4496 1447 4554 dicte

188 4603 330 4673 civitatis,
356 4602 482 4672 Briccio,
507 4602 584 4659 olim
607 4599 702 4676 judici
725 4616 761 4657 ac
784 4617 840 4674 per
871 4616 942 4658 eum
973 4602 1036 4658 suis
1060 4600 1227 4659 heredibus
1259 4615 1318 4676 pro
1349 4603 1449 4660 tribus

181 4708 246 4766 ssor.
266 4711 333 4766 auri
359 4707 566 4781 perennaliter
589 4707 724 4765 vendito.

287 4863 349 4913 Act.
367 4870 474 4913 monast.
495 4861 654 4911 Remetensis
672 4863 733 4913 lasc.
751 4863 788 4910 11.
808 4878 845 4913 nr.
869 4876 907 4926 14.
927 4864 959 4911 In
971 4863 1068 4911 archiv.
1081 4878 1143 4926 regn
1165 4862 1250 4913 Croat.
1271 4860 1341 4913 Slav.
1355 4861 1446 4914 Dalm.
