3278 5348
570 389 642 447 Boc.
664 402 716 466 40·
743 420 783 430 -
808 388 863 447 An.
890 400 979 466 1425.
1364 411 1404 470 49

242 601 329 673 Item,
353 602 460 661 nullus
490 604 750 662 stacionariorum
783 604 835 663 vel
858 606 1037 664 institorum
1072 605 1167 663 telam
1203 621 1314 677 emere,
1350 623 1406 665 nec

136 710 236 766 eciam
259 715 393 766 sartores
417 724 516 782 usque
539 709 704 768 meridiem
727 709 766 769 ad
790 710 1020 769 revendendam
1044 711 1177 769 eandem
1208 728 1312 770 emere
1336 728 1407 786 pre·

136 823 270 888 sumant,
293 817 353 874 sub
369 817 571 876 ammissione
586 816 726 875 eiusdem
744 816 813 887 tele,
829 817 888 876 nisi
903 832 1029 892 semper
1052 819 1139 892 prius
1156 819 1239 877 cives
1252 817 1404 877 Iorizandi

137 921 272 980 liberam
293 923 429 983 habeant
451 929 646 998 potestatem.

243 1045 331 1118 Item,
353 1046 460 1104 nullus
475 1047 640 1105 hominum
664 1051 729 1104 tam
752 1045 994 1104 domesticorum
1018 1061 1113 1120 quam
1132 1047 1231 1105 eciam
1245 1051 1406 1106 extraneo·

138 1167 208 1210 rum
230 1166 372 1224 avenam,
396 1151 504 1211 fenum
527 1159 557 1211 et
580 1151 773 1211 frumentum
796 1167 895 1226 usque
918 1152 1084 1211 meridiem
1105 1152 1145 1210 ad
1169 1153 1404 1212 revendendum

138 1273 239 1317 emere
274 1264 478 1333 presummat,
502 1273 547 1331 eo,
578 1259 662 1332 quod
686 1259 809 1317 civibus
832 1259 981 1333 competit
1004 1256 1135 1334 juridice
1158 1260 1245 1334 prius
1269 1275 1327 1335 pro
1350 1259 1405 1319 do·

138 1364 241 1423 nribus
264 1379 374 1424 eorum
396 1365 568 1423 necessarIa
590 1379 783 1440 comparare,
806 1365 953 1423 omnibus
985 1371 1089 1423 autem
1121 1382 1178 1440 per
1208 1381 1269 1439 eos,
1298 1371 1404 1425 contra

139 1485 263 1545 presens
287 1470 447 1529 decretum
470 1472 593 1546 emptis,
617 1469 815 1547 perjuratus
837 1471 971 1530 civitatis
994 1472 1165 1544 priventur.

240 1595 329 1667 Item,
352 1595 491 1654 universi
513 1599 543 1654 et
566 1594 681 1668 singuli
703 1595 926 1668 cuiuscumque
949 1598 1046 1654 status
1069 1602 1099 1653 et
1129 1595 1318 1654 condicionis
1350 1595 1404 1654 ho·

139 1702 234 1760 mInes
259 1702 400 1773 existant,
424 1702 480 1776 qui
503 1703 609 1775 aliqua
631 1702 833 1760 mercimonia
864 1717 956 1760 causa
991 1702 1145 1761 vendendi
1179 1703 1210 1761 in
1244 1702 1403 1760 civitatem

140 1807 345 1867 conducerent
365 1815 420 1867 aut
442 1809 541 1866 eciam
563 1813 774 1883 apportarent,
798 1808 873 1866 talia
897 1809 1098 1868 mercimonia
1121 1823 1182 1867 non
1206 1810 1238 1867 in
1261 1809 1402 1882 hospicio

138 1913 188 1971 sed
212 1916 244 1973 in
267 1914 338 1973 loro
362 1915 497 1974 vendere
527 1921 702 1988 teneantur;
735 1915 791 1972 ubi
813 1930 889 1972 vero
912 1915 944 1973 in
974 1916 1115 1990 hospicio
1137 1916 1302 1973 inscienter
1331 1931 1405 1974 ven·

138 2019 253 2093 derent,
277 2022 351 2095 quia
373 2023 492 2098 hospiti
514 2037 624 2081 eorum
647 2027 693 2080 est
715 2026 825 2079 notum
850 2026 1000 2079 statutum
1016 2020 1158 2092 civitatIs,
1176 2021 1246 2080 ideo
1261 2022 1404 2080 valorem

139 2142 244 2184 rerum
269 2126 467 2187 venditarum
501 2128 616 2203 hospes
646 2127 759 2186 domus
788 2127 901 2185 debeat
924 2127 1090 2186 sublevare
1114 2127 1144 2185 ln
1168 2142 1276 2186 earum
1299 2127 1404 2202 perdi·

135 2232 232 2306 cione,
255 2239 368 2308 utputa
391 2232 489 2311 judici
511 2239 542 2293 et
563 2233 672 2310 juratis
694 2234 781 2292 illius
805 2233 884 2292 anni.

239 2357 327 2430 Item,
350 2358 506 2432 lucifiguli
528 2359 560 2417 In
583 2358 724 2432 quolibet
749 2357 817 2417 loro
840 2363 986 2416 consueto
1009 2357 1089 2415 ollas
1125 2361 1155 2413 et
1190 2357 1307 2430 picarIa
1342 2373 1401 2431 pro

132 2465 411 2523 thabernatoribus
433 2466 499 2524 vini
521 2465 694 2524 necessaria
717 2464 923 2539 preparando,
948 2469 1017 2522 ante
1040 2479 1073 2520 se
1108 2462 1223 2521 habere
1254 2463 1403 2536 debeant;

132 2575 164 2628 et
186 2576 222 2628 ut
245 2576 379 2645 quatuor
402 2571 519 2646 picaria
544 2585 602 2646 pro
624 2585 688 2628 uno
711 2569 839 2628 denario
863 2570 937 2628 dare
965 2575 1133 2628 teneantur.
1164 2570 1199 2627 In
1222 2585 1295 2628 casu
1317 2585 1403 2643 vero,

130 2692 197 2751 quo
221 2679 339 2752 picaria
361 2678 401 2736 ad
424 2677 530 2736 iorum
552 2682 721 2753 apportare
754 2691 816 2734 non
851 2682 1002 2748 curarent,
1034 2683 1140 2734 contra
1172 2674 1403 2734 mandatorium

130 2788 285 2842 statutum
308 2785 539 2843 communitatis
556 2791 629 2842 tunc
652 2783 725 2841 ollis
747 2798 853 2840 coram
877 2784 921 2841 eis
942 2783 1058 2840 habitis
1081 2783 1246 2857 priventur
1277 2798 1334 2855 per
1355 2779 1402 2858 ju·

132 2895 218 2949 ratos
242 2891 386 2964 civitatis,
411 2892 443 2950 in
467 2889 601 2950 secundo
625 2905 701 2949 vero
723 2890 874 2948 maiorem
898 2905 1011 2963 penam
1035 2890 1205 2963 pacientur.

240 3013 327 3086 Item,
351 3014 484 3087 quilibet
506 3015 602 3071 homo
626 3028 716 3071 veras
739 3028 900 3070 mensuras
923 3013 1011 3085 signo
1033 3012 1264 3070 communitatis
1288 3017 1318 3069 et
1351 3008 1399 3087 ju·

137 3116 213 3176 dicis
237 3119 322 3178 illius
345 3121 416 3179 anni
452 3122 654 3193 consignatas,
677 3119 825 3178 videlicet
859 3118 1028 3176 bladorum
1062 3126 1091 3176 et
1119 3119 1273 3190 vinorum,
1310 3124 1402 3192 puta:

136 3225 276 3284 medium
300 3227 459 3298 eubulum,
495 3227 637 3300 quartale
671 3227 787 3298 eubuli,
815 3231 910 3299 prout
940 3226 1064 3300 lapidea
1094 3240 1239 3283 mensura
1268 3226 1402 3284 civitatis
1471 3273 1474 3279 .

136 3331 335 3405 demonstrat,
383 3335 459 3392 Item
493 3332 629 3391 mediam
664 3334 729 3391 vini
761 3349 816 3391 seu
848 3334 976 3407 plntam,
999 3338 1051 3389 aut
1076 3331 1227 3406 quartale,
1249 3330 1346 3406 justas
1369 3337 1400 3390 et

137 3452 225 3496 veras
247 3454 372 3497 servare
396 3444 563 3512 teneantur,
588 3441 647 3498 sub
671 3439 871 3497 ammissione
894 3455 1001 3498 rerum
1023 3444 1096 3496 tunc
1118 3438 1287 3496 venalium.

239 3561 326 3635 Item,
349 3564 455 3622 nullus
478 3565 642 3623 hominum
665 3565 696 3623 in
719 3565 851 3623 circuitu
875 3565 1008 3622 civitatis
1031 3568 1061 3620 et
1093 3578 1192 3637 prope
1223 3577 1259 3619 ac
1291 3563 1402 3620 subtus

137 3684 262 3727 murum
286 3669 426 3730 eiusdem
448 3670 582 3730 civitatis
605 3677 722 3729 terram
743 3687 798 3729 seu
821 3671 967 3744 argillam
991 3670 1056 3728 fodi
1079 3668 1181 3727 facere
1196 3675 1401 3743 presummat,

136 3780 165 3832 et
186 3776 213 3833 si
236 3776 298 3849 qui,
322 3776 374 3835 vel
397 3779 493 3836 homo
516 3778 739 3851 cuiuscumque
755 3777 945 3836 condicionis
962 3778 992 3834 in
1009 3777 1124 3834 talibus
1138 3781 1282 3850 repertus
1298 3774 1401 3848 luerit,

135 3880 166 3939 in
187 3882 293 3956 primo
315 3884 475 3957 sexaginta
498 3882 641 3942 denarios
665 3899 724 3957 pro
747 3899 827 3958 pena
856 3884 966 3954 solvat,
997 3884 1030 3941 in
1063 3880 1199 3939 secundo
1234 3896 1310 3939 vero
1335 3887 1398 3940 tres

135 4002 246 4061 pensas
280 3995 310 4046 et
340 3989 371 4046 in
404 3991 500 4048 tercio
535 3990 647 4048 maiori
677 4005 758 4064 pena
781 3996 873 4064 prout
896 3991 928 4047 in
949 3989 1117 4063 privilegio
1141 3987 1274 4055 civitatis
1298 3988 1397 4047 conti·

137 4100 235 4166 netur,
258 4096 416 4169 punietur.

239 4219 326 4291 Item,
350 4219 457 4278 nullus
479 4220 642 4278 hominum
666 4220 842 4294 spurcicias,
865 4220 962 4293 vulgo
985 4224 1086 4291 zmety
1110 4218 1217 4289 dictas,
1241 4219 1272 4276 in
1306 4217 1401 4277 domo

137 4330 278 4398 scopatas
301 4341 357 4383 nec
378 4325 478 4384 eciam
501 4325 655 4384 lavatoria
678 4326 894 4384 scultellarum
919 4325 971 4383 vel
987 4326 1120 4383 aliarum
1136 4324 1399 4383 inmundiciarum

137 4429 304 4490 fetidarum
315 4432 492 4506 speciaIIter
514 4433 662 4504 cinerum,
687 4433 859 4506 vulgariter
880 4433 992 4506 parilo,
1015 4439 1045 4490 et
1069 4431 1222 4506 poplathy
1245 4430 1401 4488 dictorum

133 4535 171 4594 ad
193 4538 316 4611 plateas
338 4552 520 4597 communes
543 4539 633 4598 nullo
656 4538 751 4597 modo
785 4541 925 4613 proicere
959 4544 1012 4597 aut
1042 4537 1172 4596 fundere
1207 4539 1401 4611 presummat

132 4658 187 4705 nec
208 4644 271 4703 sint
293 4645 361 4704 ausi
382 4644 478 4704 modo
501 4646 639 4721 aliquali.
675 4646 737 4720 Qui
760 4652 865 4705 autem
899 4646 1037 4717 iecerint,
1067 4645 1144 4704 tales
1176 4644 1207 4703 in
1241 4642 1401 4714 sexagInta

131 4747 264 4811 omnis
285 4750 319 4810 in
342 4750 447 4826 prino
469 4752 701 4823 convincantur,
724 4753 756 4812 in
779 4753 915 4812 secundo
937 4753 970 4812 in
992 4752 1094 4811 tribus
1117 4751 1229 4824 pensis,
1252 4749 1285 4808 in
1305 4746 1401 4807 tercio

131 4870 205 4917 vero
225 4858 381 4917 sudorem
403 4871 518 4932 penam
541 4859 712 4933 pacientur.

1292 4978 1311 5035 4
