3278 5348
462 376 537 436 Doc.
561 388 629 433 22ι.
653 388 724 432 222.
748 387 817 450 223.
843 405 883 417 -
907 372 962 432 An.
987 367 1206 450 1461-1462.
1394 372 1451 430 281

784 584 862 651 221

294 677 377 726 Anno
397 676 473 740 1461.

294 805 669 866 Cassatorio·cessionales
699 806 731 864 in
760 804 898 879 capitulo
920 803 1111 878 zagrabiensi
1137 801 1318 872 celebratae,
1343 800 1457 874 quibus

186 912 397 971 mediantibus
428 912 538 971 fratres
566 912 693 971 claustri
721 912 751 970 b.
778 911 899 969 Nicolai
928 908 1121 981 confessoris,
1151 906 1269 966 ordinis
1296 905 1455 964 Praedica-

186 1025 293 1077 torum
308 1017 460 1090 Zagrabie
475 1018 604 1091 fundati,
620 1018 735 1077 virtute
750 1017 842 1076 isthic
862 1018 1050 1077 insertarum
1075 1014 1193 1074 ordinis
1215 1014 1264 1072 sui
1280 1013 1310 1072 P.
1326 1012 1455 1070 Provin-

184 1124 275 1184 cialis
306 1124 619 1199 plenipotentialium,
649 1125 737 1183 litem
768 1124 853 1197 ipsos
883 1124 963 1182 inter
995 1129 1025 1181 et
1056 1121 1226 1180 claustrum
1251 1119 1454 1179 Paulinorum

189 1232 397 1290 Remethense
430 1231 543 1290 intuitu
567 1231 768 1306 possessionis
784 1230 889 1289 Blizna
905 1228 1097 1300 ventilatam,
1120 1242 1269 1284 unacum
1293 1224 1457 1298 quibusvis

186 1337 364 1396 literalibus
386 1338 598 1396 instrumentis
627 1338 660 1396 in
681 1338 741 1396 hoc
763 1337 875 1395 merito
898 1335 1048 1394 emanatio
1071 1332 1227 1403 cassando,
1250 1332 1352 1405 ipsam
1384 1344 1456 1403 pos·

184 1444 355 1502 sessionem
380 1443 520 1518 praefato
544 1444 746 1502 Paulinorum
770 1444 905 1503 claustro
928 1447 1079 1516 perpetuo
1103 1437 1322 1514 possidendam
1338 1435 1456 1494 cedunt.

295 1580 357 1632 Act.
385 1582 457 1632 Mon.
484 1582 604 1632 Remete.
630 1581 704 1630 Fasc.
724 1582 776 1632 111.
797 1597 832 1629 nr.
857 1592 896 1631 12.
921 1581 953 1628 In
971 1578 1067 1629 archiv.
1086 1577 1158 1641 regui
1177 1575 1262 1626 Croat.
1282 1573 1350 1625 Slav.
1371 1571 1456 1622 Dalrn.

783 1809 867 1875 222.

295 1898 375 1947 Anno
397 1897 471 1961 ¹4⁶¹·

304 2029 486 2102 Appellatio
502 2028 627 2086 nomine
651 2027 888 2087 Kamenslrensis
912 2037 940 2085 et
966 2027 1178 2085 Remethensis
1193 2024 1311 2084 ordinis
1326 2039 1351 2082 s.
1368 2022 1456 2080 Pauli

192 2136 213 2194 t.
237 2135 407 2193 heremitae
430 2135 648 2208 claustrorum,
671 2140 778 2193 contra
798 2134 1010 2193 Winnandum
1035 2134 1181 2191 abbatem
1205 2129 1384 2189 monasterii
1408 2144 1456 2185 za·

195 2242 370 2316 grabiensis
400 2246 531 2315 propter
561 2241 749 2299 sentenciam
778 2240 934 2299 interdicti
963 2248 993 2298 et
1023 2239 1252 2313 aggravationis
1283 2238 1313 2294 in
1346 2234 1457 2293 iratres

191 2346 438 2406 Kamenslrenses
455 2347 619 2420 illegitime
630 2347 742 2418 latam;
756 2348 901 2406 similiter
917 2356 947 2405 et
961 2353 1067 2405 contra
1084 2345 1246 2403 canonicos
1265 2341 1452 2401 cathedralis

187 2454 338 2512 ecclesiae
359 2454 565 2526 zagrabiensis
581 2455 666 2511 velut
690 2454 857 2527 sacrilegos
873 2455 904 2511 in
923 2455 1088 2527 quospiam
1104 2452 1215 2509 fratres
1239 2449 1457 2507 Remethenses

187 2561 348 2618 invasores
364 2575 434 2617 cum
451 2560 631 2634 interposita
655 2561 875 2634 protestatione
890 2575 995 2618 coram
1012 2561 1139 2634 publico
1152 2558 1272 2617 notario
1294 2554 1455 2613 adsedem

187 2666 395 2740 apostolicam
421 2666 508 2724 sacta.

292 2803 355 2853 Act.
381 2804 445 2852 Mon
480 2804 599 2855 Remete.
628 2805 700 2853 Fusc.
726 2805 769 2852 ΙΙΙ
797 2820 834 2852 nr.
857 2816 895 2866 13.
916 2805 946 2851 Iu
966 2803 1061 2853 archiv.
1082 2804 1154 2868 regul
1174 2804 1260 2854 Croat.
1280 2800 1348 2851 Slav.
1369 2800 1455 2852 Dalm.

784 3052 869 3118 223.

294 3193 375 3242 Anno
397 3193 471 3256 1462,
494 3207 532 3255 tt).
552 3195 621 3246 maii.
641 3195 779 3244 Remethe.

187 3320 344 3389 Antonius,
366 3322 494 3378 vicarius
514 3323 645 3395 fratrum
669 3323 883 3382 Rcrrretcrrsium.
907 3324 1071 3392 assentitur,
1086 3332 1120 3380 rt!
1133 3324 1293 3398 Dionysius
1316 3320 1456 3401 Vodoprja

185 3430 254 3487 civis
277 3426 374 3497 vineat,
396 3447 484 3501 quum
507 3430 537 3485 r'rt
560 3429 731 3487 rnorraslerr'i
753 3428 924 3486 liconiensis
947 3431 1092 3487 territorio
1110 3430 1184 3499 ertn'l,
1199 3431 1372 3487 momrstm'u
1388 3429 1455 3486 obli·

701 3543 789 3607 gatus
804 3536 941 3610 fruatur.

295 3677 400 3734 Frater
431 3677 616 3755 Anthonius‚
640 3678 773 3735 vicarius
805 3678 936 3736 fratrum
962 3680 1192 3737 Heremitarum
1216 3680 1342 3737 claustri
1367 3680 1455 3738 beate

187 3785 285 3842 llarie
302 3783 432 3854 virginis
457 3783 495 3841 de
511 3785 725 3856 promontorio
742 3785 944 3859 zagrabiensi,
962 3791 1106 3858 totusque
1123 3792 1292 3843 conventus
1316 3786 1453 3844 eiusdem

186 3889 373 3947 monasterii
408 3890 557 3948 Memorie
590 3889 825 3949 commedamus
860 3895 964 3949 tenore
1000 3893 1193 3964 presencium
1236 3892 1453 3964 significantes,

187 3995 303 4069 quibus
331 3996 456 4068 expedit
488 3996 655 4065 universis,
680 3998 764 4071 quod
789 3998 940 4072 providus
964 4004 994 4056 et
1016 3999 1162 4056 honestus
1186 3999 1234 4055 vir
1260 3998 1454 4069 Valenthych

187 4107 325 4172 vocatus,
347 4116 406 4175 pro
429 4110 501 4159 tunc
515 4100 610 4177 judex
626 4104 760 4161 civitatis
775 4106 890 4162 montis
913 4104 1093 4162 Greczensis
1116 4104 1156 4160 ab
1181 4117 1249 4173 una,
1274 4110 1362 4175 parte
1379 4117 1454 4160 vero

186 4209 227 4266 ab
249 4206 349 4266 altera
371 4208 515 4266 similiter
536 4210 586 4267 vir
603 4210 754 4283 providus
777 4216 808 4268 et
827 4212 973 4268 honestus
996 4210 1162 4281 Dionysius
1187 4207 1340 4282 Vodopya
1368 4210 1453 4282 apel·

186 4314 276 4386 latus,
308 4314 385 4373 civis
416 4314 454 4373 de
486 4312 594 4374 eadem
618 4322 723 4375 monte
746 4316 843 4374 Grecz
867 4332 972 4375 coram
996 4317 1088 4373 nobis
1112 4314 1316 4389 personaliter
1342 4315 1453 4372 consti·

187 4421 253 4491 tuti,
284 4436 341 4495 per
371 4421 504 4479 eundem
536 4422 731 4495 Valenthych
765 4422 940 4481 contessum
971 4423 1071 4480 extitit
1103 4422 1219 4495 pariter
1249 4428 1279 4477 et
1302 4421 1452 4479 relatum:

186 4525 272 4601 quod
293 4526 361 4599 ipse
383 4526 540 4600 quandam
564 4529 688 4586 vineam
711 4544 800 4587 suam
826 4530 856 4587 in
880 4530 1035 4587 territorio
1059 4532 1166 4585 nostro
1191 4527 1269 4584 inter
1294 4526 1371 4583 duas
1388 4528 1454 4585 vias

185 4630 331 4706 publicas
353 4631 392 4690 de
414 4631 555 4707 predicto
578 4633 715 4693 claustro
740 4650 849 4693 versus
865 4634 1050 4706 Zagrabianr
1072 4633 1240 4704 tendentes,
1263 4634 1454 4703 existentem,

185 4750 258 4796 cttm
282 4737 419 4811 quadam
443 4739 595 4814 particula
611 4740 690 4798 silve
712 4756 807 4815 penes
829 4741 960 4799 eandem
976 4740 1099 4798 vineam
1124 4740 1237 4809 habite,
1261 4739 1362 4797 eidem
1379 4740 1452 4798 Dio-

184 4842 284 4918 nysio,
315 4843 471 4920 Vodopya
497 4851 616 4920 vocato,
640 4845 679 4905 de
702 4853 808 4907 monte
831 4846 938 4921 Greca,
961 4851 992 4907 et
1013 4862 1070 4925 per
1092 4861 1166 4905 eurn
1188 4846 1252 4906 suis
1274 4844 1452 4920 heredibus,
