3278 5348
307 421 368 479 aab
731 422 803 479 Doc.
827 417 896 498 163.
918 453 962 464 —
985 421 1156 499 Art1452.

302 637 419 694 civium
442 642 472 694 et
495 636 669 695 incolarum
691 652 726 696 ac
749 638 995 696 inhabitatorum
1018 638 1157 697 eiusdem
1190 639 1325 698 civitatis
1354 642 1470 700 montis
1493 641 1562 701 Gre

301 743 400 801 censis
421 759 478 818 per
502 744 604 801 virum
628 745 796 817 providum
813 744 978 804 Nicolaum
994 750 1141 817 sutorem,
1157 745 1260 804 filium
1275 746 1424 805 similiter
1439 738 1562 819 Nicolai,

301 847 430 908 Cheblro
453 849 582 921 dictum,
606 851 848 909 inhabitatorem
880 851 1025 910 suburbii
1048 850 1128 910 dicte
1152 852 1294 924 civitatis,
1318 867 1379 926 pro
1401 853 1493 912 certis
1516 854 1562 911 de·

301 956 373 1014 bitis
397 957 468 1026 suis,
493 957 607 1029 quibus
629 958 691 1015 sibi
715 957 852 1032 prefatus
871 957 1003 1016 condam
1020 957 1174 1032 Georgius
1188 958 1363 1031 Prawdych
1380 958 1488 1032 dictus,
1504 961 1561 1019 vita

298 1062 360 1119 sibi
382 1064 495 1120 comite
517 1069 647 1138 propter
669 1071 769 1123 certos
792 1079 935 1122 excessus
958 1079 1039 1134 suos,
1062 1079 1117 1122 seu
1140 1065 1249 1138 culpas
1280 1080 1360 1136 suas,
1392 1065 1560 1125 debitorem

299 1170 378 1227 iusto
402 1171 497 1229 modo
520 1172 730 1245 obligabatur,
753 1171 876 1231 luerunt
891 1178 1022 1230 arestate
1038 1187 1092 1229 seu
1107 1178 1249 1244 arestata,
1264 1170 1387 1248 justicia
1404 1173 1559 1239 mediante,

298 1275 419 1350 prelato
443 1276 572 1336 Nicolao
595 1293 655 1336 avo
679 1284 708 1337 et
731 1278 856 1337 domine
871 1278 1040 1336 Katberine
1057 1279 1149 1336 matri
1165 1278 1307 1352 ipsorum
1323 1280 1429 1350 Marci,
1446 1279 1560 1338 Nicolai

297 1388 326 1439 et
349 1381 477 1457 Georgii
499 1385 530 1442 in
554 1386 692 1458 personis
716 1384 898 1442 eorumdem
921 1385 1026 1456 Marci,
1061 1384 1183 1442 Nicolai
1216 1391 1246 1442 et
1280 1383 1409 1458 Georgii
1443 1387 1559 1444 racione

296 1490 520 1562 persolucionis
542 1491 696 1549 dictorum
720 1491 897 1549 debitorum
921 1492 1019 1565 ipsius
1043 1491 1164 1550 Nicolai
1187 1493 1300 1550 sutoris
1317 1490 1447 1549 Chehlro
1463 1492 1558 1550 eidem

296 1593 426 1654 Nicolao
449 1599 547 1655 sutori
571 1597 698 1656 i‘hehko
723 1598 814 1670 dicto,
838 1615 894 1671 per
917 1599 1022 1672 ipsum
1046 1582 1178 1656 condam
1193 1597 1365 1670 Georgium
1389 1597 1557 1672 Prawdych

295 1704 411 1776 partim
434 1703 581 1762 videlicet
598 1710 754 1777 -quantum
779 1704 819 1762 ad
843 1712 904 1763 tres
928 1704 1060 1763 florenos
1083 1705 1152 1763 auri
1175 1703 1286 1762 eodem
1306 1703 1444 1778 Georgio
1460 1705 1558 1763 Praw·

296 1808 377 1881 dych
401 1810 501 1868 adbuc
524 1812 648 1868 vivente
681 1811 769 1882 datis,
805 1813 919 1885 partim
950 1816 1054 1869 autem
1089 1816 1239 1884 quantum
1273 1808 1313 1867 ad
1348 1809 1556 1870 residuitatem

293 1916 433 1989 ipsorum
458 1916 636 1975 debitorum
658 1919 756 1993 ipsius
780 1918 900 1976 Nicolai
923 1917 1050 1976 Chebko
1074 1917 1175 1976 eidem
1199 1917 1329 1976 Nicolao
1353 1916 1483 1976 Cbeblro
1503 1931 1555 1993 pro

293 2038 382 2095 nune,
405 2039 458 2081 seu
483 2024 585 2095 modo,
609 2040 665 2098 per
687 2026 792 2099 ipsum
816 2024 981 2082 Nicolaum
1004 2039 1098 2082 avum
1128 2022 1310 2081 eorumdem
1342 2022 1484 2082 filiorum
1514 2025 1555 2096 ip·
1617 2000 1625 2023 ’

292 2129 355 2186 sius
379 2129 510 2187 condam
533 2130 660 2204 Georgii
683 2130 865 2202 Prawdych,
889 2137 959 2204 post
982 2136 1117 2188 mortem
1141 2128 1280 2189 eiusdem
1304 2128 1434 2203 Georgii
1457 2130 1555 2189 Praw·

293 2234 375 2308 dych
398 2237 436 2293 de
460 2238 597 2312 propriis
620 2239 777 2311 peccuniis
800 2236 940 2295 eiusdem
963 2235 1092 2308 Nicolai,
1117 2235 1176 2294 filii
1199 2234 1381 2307 Sebastiam,
1404 2237 1457 2295 avi
1479 2237 1554 2311 ipso·

292 2358 372 2413 rum,
396 2343 537 2402 filiorum
562 2343 635 2403 dicti
659 2343 791 2402 condam
815 2343 942 2416 Georgii
965 2342 1137 2415 Prawdycb
1160 2343 1224 2401 iam
1247 2342 1388 2415 plenarie
1424 2341 1501 2402 facte
1527 2348 1553 2400 et

237 2446 245 2456 “
292 2450 457 2523 complete.
481 2451 673 2523 integraliter
695 2457 725 2508 et
749 2450 814 2507 sine
837 2451 922 2507 omni
946 2448 1068 2531 deiectu
1091 2447 1332 2507 extradederunt
1354 2453 1386 2507 et
1408 2450 1549 2507 manibus

291 2556 474 2614 eorumdem
498 2557 619 2616 Nicolai
643 2557 695 2615 avi
717 2562 747 2614 et
770 2556 895 2615 domine
928 2537 1095 2614 Katberine
1119 2556 1227 2614 matris
1251 2556 1394 2630 ipsorum
1418 2555 1552 2615 filiorum

290 2663 440 2737 sepedicti
464 2663 596 2722 condam
619 2663 747 2736 Georgii
770 2663 944 2735 Prawdycb
968 2662 1106 2721 totaliter
1129 2669 1159 2720 et
1174 2661 1299 2721 realiter
1313 2663 1552 2736 assignaverunt.

290 2769 339 2826 Ob
375 2771 433 2827 hoc
463 2772 530 2844 ipse
561 2771 706 2829 Nicolaus
744 2772 821 2828 civis
855 2777 885 2827 et
920 2769 1002 2827 dicta
1025 2770 1195 2828 Katberina
1221 2774 1320 2826 mater
1343 2767 1550 2843 sepefatorum

289 2874 428 2934 filiorum
450 2877 564 2949 prefati
587 2877 719 2935 condam
743 2876 870 2949 Georgii
901 2867 1075 2949 Prawdych
1105 2877 1283 2934 nominibus
1307 2881 1337 2934 et
1359 2876 1392 2934 in
1416 2876 1552 2949 personis

288 2982 479 3056 eorumdem,
495 2983 632 3058 prefatos
654 2982 798 3058 judicem,
821 2981 947 3058 juratos,
970 2983 1163 3041 consiliarios
1186 2989 1216 3039 et
1238 2982 1400 3040 universos
1414 2982 1498 3039 cives
1520 2996 1552 3038 ac

288 3094 385 3147 totam
402 3092 655 3148 communitatem
672 3089 854 3147 eorumdem
870 3089 986 3146 ciuium
1003 3094 1032 3146 et
1054 3089 1229 3146 incolarum
1251 3103 1287 3144 ac
1309 3088 1552 3145 inhabitatorum

287 3195 420 3254 civitatis
445 3198 557 3255 montis
581 3196 742 3255 Grecensis
765 3194 942 3268 supradicte
965 3209 1000 3252 ac
1021 3199 1200 3252 annotatum
1217 3192 1383 3251 Nicolaum
1406 3200 1551 3264 sutorem,

287 3300 415 3360 Chehlro
441 3303 567 3373 dietum,
592 3304 622 3360 in
648 3301 775 3359 heredes
797 3300 947 3358 heredum
971 3308 1001 3358 et
1025 3308 1166 3375 posteros
1190 3299 1483 3381 eorumguniversos
1506 3313 1551 3356 ra·

285 3407 372 3464 cione
396 3415 426 3465 et
449 3416 591 3481 pretextu
617 3408 827 3482 predictarum
851 3407 993 3464 omnium
1016 3406 1192 3464 litterarum
1216 3411 1245 3462 et
1269 3406 1455 3478 quorumvis
1471 3405 1550 3464 litte·

284 3513 399 3570 ralium
422 3515 708 3601 instrumentorum·
722 3514 819 3586 ipsius
846 3512 976 3569 condam
1000 3511 1126 3584 Georgii
1150 3510 1333 3583 Prawdycb,
1365 3511 1442 3585 ipsis
1465 3510 1550 3569 vide·

284 3620 355 3677 licet
379 3621 508 3678 Nicolao
533 3636 592 3678 aro
617 3627 646 3678 et
669 3621 793 3678 domine
818 3621 985 3679 Katberine
1009 3620 1102 3686 matri
1136 3616 1387 3692 supradictorum
1411 3616 1550 3675 filiorum

283 3725 421 3783 eiusdem
445 3727 576 3784 condam
601 3726 729 3799 Georgii
754 3727 929 3798 Prawdych
966 3742 1021 3799 per
1056 3724 1182 3783 eosdem
1217 3724 1370 3806 Jacobum
1405 3722 1548 3799 judicem,

281 3830 461 3905 juratosque
487 3839 515 3890 et
539 3834 730 3890 consiliarios
754 3849 789 3890 ac
814 3834 974 3891 universos
998 3834 1081 3889 cives
1113 3847 1148 3888 ac
1173 3836 1269 3888 totam
1293 3832 1548 3888 communitatem

282 3938 406 4008 civium,
431 3940 606 3996 incolarum
631 3948 659 3995 et
682 3939 924 3998 inhabitatorum
949 3938 1104 4012 sepedicte
1127 3937 1261 3995 civitatis
1296 3936 1389 4011 plene
1420 3943 1451 3993 et
1473 3937 1546 4021 inte·

280 4046 408 4116 graliter
438 4055 466 4103 et
497 4047 622 4103 realiter
654 4048 717 4104 sine
753 4049 837 4105 omni
863 4047 992 4118 deiectu,
1017 4053 1050 4103 ut
1073 4044 1238 4119 prefertur,
1262 4042 1495 4101 extradatarum
1518 4049 1547 4100 et

279 4152 423 4208 manibus
447 4153 587 4225 ipsorum
614 4155 749 4210 totaliter
773 4156 999 4226 assignatarum
1023 4168 1075 4209 seu
1094 4152 1320 4224 assignatorum
1336 4148 1545 4218 reddiderunt,

279 4258 499 4315 commiserunt
523 4265 553 4316 et
577 4261 769 4332 reliquerunt
793 4275 897 4317 coram
929 4259 1019 4316 nobis
1057 4259 1177 4331 quietos
1213 4256 1278 4314 iore
1313 4255 1545 4329 et·expeditos,

277 4344 424 4435 pacificos
448 4371 477 4421 et
500 4365 678 4422 omnimode
702 4366 869 4422 absolutos.
902 4366 1023 4422 Harum
1053 4370 1231 4422 nostrarum
1262 4363 1371 4436 vigore
1402 4368 1432 4419 et
1464 4360 1543 4420 testi·

277 4471 381 4527 monio
405 4472 580 4528 litterarum
605 4472 766 4529 mediante.
791 4473 907 4528 Datum
931 4471 1009 4529 feria
1032 4469 1166 4528 secunda
1182 4469 1327 4545 proxima
1341 4446 1416 4542 post
1430 4467 1541 4525 festum
1629 4458 1631 4464 ’

275 4585 378 4634 sancte
402 4577 570 4634 Trinitatis.
598 4580 685 4635 rinno
702 4577 827 4643 ,domini
858 4579 1028 4636 millesimo
1061 4575 1366 4650 quadringentesimo
1391 4575 1542 4649 quinqua·

274 4685 392 4756 gesimo
415 4684 557 4742 secunde.

379 4823 512 4884 Originaie
532 4824 557 4869 in
577 4822 671 4877 charta,
692 4839 706 4870 a
726 4830 797 4885 tergo
816 4816 953 4884 vestigium
973 4825 1091 4888 impressi
1110 4821 1198 4885 sigilli.
1226 4823 1259 4869 Id
1283 4818 1399 4869 archivio
1425 4815 1473 4867 lib.
1489 4831 1538 4878 reg.

272 4910 341 4961 civit.
361 4912 461 4975 zagrab.
