3278 5348
618 423 694 482 Doc.
719 418 793 480 208.
818 455 860 465 -
882 422 939 484 An.
962 419 1054 500 1458.
1397 425 1458 504 2⁶9

189 637 301 695 mitem
335 637 415 696 Cilie
449 642 505 696 etc.
533 637 613 696 facte
647 644 677 696 et
713 644 823 713 expost
858 655 921 698 non
956 641 1129 698 voluntarie
1165 640 1219 698 sed
1242 656 1299 715 per
1321 640 1455 699 eundem

188 743 323 801 condam
348 743 489 802 Vlricum
513 745 660 802 comitem
683 752 714 803 et
737 744 906 804 familiares
929 762 1001 805 suos
1024 753 1054 804 et
1077 746 1116 804 ad
1140 747 1245 821 ipsum
1269 748 1458 821 pertinentes

184 849 342 924 compulsi
373 855 404 908 et
433 851 564 908 coactati
595 850 753 909 nobilibus
777 859 807 909 et
838 852 966 910 alterius
990 854 1126 911 cuiusvis
1149 859 1247 911 status
1270 853 1449 912 hominibus

188 956 461 1030 qualitercumque
491 957 675 1029 intulissent,
706 958 786 1015 intra
809 958 861 1015 vel
884 963 971 1015 extra
995 955 1154 1033 judicium,
1184 959 1355 1017 secundum
1374 959 1458 1033 quod

185 1060 333 1120 dominus
356 1078 411 1120 rex
435 1062 598 1121 Ladislaus
615 1063 818 1137 predecessor
834 1070 939 1122 noster
961 1065 1025 1122 suis
1041 1066 1153 1123 litteris
1177 1066 1297 1138 quietos
1321 1071 1351 1123 et
1366 1081 1458 1140 expe·

183 1165 267 1225 ditos
293 1167 471 1227 reddiderat
495 1173 526 1227 et
541 1170 765 1242 commisserat,
781 1169 824 1227 ita
839 1176 870 1228 et
892 1185 949 1228 nos
973 1170 1166 1229 reddidimus
1189 1178 1220 1230 et
1243 1172 1459 1230 commisimus

183 1274 384 1347 presencium
415 1276 524 1348 vigore
548 1282 577 1333 et
601 1276 778 1333 testimonio
802 1275 968 1334 mediante.
991 1277 1110 1334 Datum
1132 1277 1218 1335 Bude
1241 1277 1374 1336 sabbato
1389 1283 1459 1336 ante

184 1377 300 1437 festum
331 1388 435 1438 sancte
470 1381 638 1440 Trinitatis.
673 1383 765 1439 Anno
796 1380 915 1439 domini
950 1382 1120 1441 millesimo
1151 1383 1458 1457 quadringentesimo

186 1485 447 1559 quinquagesimo
470 1493 587 1545 octavo.

292 1603 426 1667 Originsle
444 1606 472 1654 in
490 1606 645 1664 membrana,
664 1607 692 1655 in
710 1607 825 1670 margine
843 1604 959 1653 inferiori
972 1605 1125 1669 impressum
1138 1614 1177 1656 est
1191 1606 1317 1671 sigillum.
1336 1608 1369 1655 In
1388 1606 1458 1655 arch·

186 1673 235 1725 lib.
255 1690 309 1739 reg.
328 1676 376 1728 civ.
395 1675 497 1740 zagrab.

775 1855 862 1922 208.

292 1977 374 2026 Anno
395 1978 470 2043 1458,
491 1989 532 2040 30.
551 1979 621 2030 maii.
641 1979 737 2030 Budas.

193 2067 300 2126 Caram
332 2068 454 2127 Mathia
487 2089 571 2144 rege,
605 2072 813 2130 communitatis
846 2072 972 2129 civitatis
1006 2073 1117 2146 legatas
1144 2071 1179 2130 de
1208 2073 1321 2148 injuna
1357 2074 1456 2145 Ulrici,

186 2158 296 2215 comitt's
324 2157 423 2227 ciliae,
453 2177 512 2232 qua
542 2159 649 2216 multae
681 2161 806 2218 civitatis
830 2162 1024 2234 passessaancs
1047 2161 1077 2217 in
1101 2161 1214 2219 alt'cnas
1237 2180 1340 2220 manus
1358 2170 1456 2236 petve-

698 2257 811 2319 nmmt,
834 2256 953 2306 recusat.

293 2371 357 2429 Nos
388 2373 520 2431 Mathias
551 2373 602 2431 dei
631 2375 735 2447 gracia
766 2390 821 2433 rex
853 2375 1018 2447 Hungarie,
1054 2375 1224 2447 Dalmacie,
1249 2375 1377 2434 Croacie
1400 2383 1454 2435 etc.

186 2479 336 2537 Memorie
359 2481 614 2540 commendamus
638 2499 693 2556 per
715 2489 881 2558 presentes,
906 2482 991 2556 quod
1013 2484 1135 2540 Marcus
1159 2482 1198 2540 de
1228 2482 1353 2554 Chawa,
1385 2499 1456 2556 per·

183 2586 334 2643 sonaliter
356 2592 498 2649 nostram
520 2589 647 2646 veniens
670 2590 701 2647 in
724 2588 917 2662 presenciam
940 2589 972 2646 in
994 2602 1049 2646 sna
1073 2603 1108 2645 ac
1130 2585 1250 2660 judicis,
1272 2586 1455 2662 juratorum,

184 2695 422 2766 ceterorumque
452 2693 568 2751 civium
598 2701 629 2752 et
660 2696 758 2753 tocius
792 2694 1021 2753 communitatis
1053 2694 1186 2752 civitatis
1210 2699 1313 2751 nostre
1338 2695 1451 2752 montis

185 2794 349 2856 Grecensis
384 2797 423 2855 de
457 2800 543 2857 iuxta
578 2799 772 2873 Zagrabiam,
807 2801 956 2874 personis,
981 2816 1037 2873 per
1056 2800 1187 2857 modum
1218 2801 1453 2874 protestacionis

183 2903 276 2961 nobis
299 2903 474 2975 significare
496 2907 619 2964 curavit
651 2921 686 2964 eo
719 2906 822 2977 modo,
860 2906 1019 2979 quomodo
1054 2906 1132 2963 allas
1161 2904 1294 2964 condam
1330 2906 1455 2964 Vlricus

184 3023 289 3066 comes
313 3009 391 3067 Cilie
414 3016 469 3069 etc.
493 3012 594 3084 ipsam
619 3013 775 3070 civitatem
799 3020 935 3071 nostram
960 3014 1073 3071 montis
1097 3011 1257 3070 Grecensis
1282 3019 1392 3070 eotunc
1422 3014 1454 3071 in

184 3115 329 3172 manibus
344 3117 408 3174 suis
424 3117 573 3190 habitam,
585 3119 808 3177 nonnullorum
832 3120 999 3194 hospitum,
1024 3121 1139 3178 civium
1162 3120 1299 3194 predicte
1322 3120 1455 3177 civitatis

183 3227 288 3279 nostre
321 3223 434 3280 montis
468 3223 630 3281 Grecensis
662 3226 869 3298 possessiones
898 3223 1126 3300 jobagionales‚
1159 3233 1222 3283 tam
1253 3225 1454 3284 hereditarias

186 3342 283 3399 quam
308 3328 580 3402 impignoraticias‚
605 3346 721 3388 necnon
740 3331 859 3403 domos,
883 3332 1069 3403 molendina,
1093 3332 1205 3401 vineas,
1223 3332 1336 3401 senilia,
1356 3339 1453 3405 prata,

184 3439 280 3503 ortos,
304 3441 402 3492 terras
426 3436 559 3495 arabiles
583 3445 612 3494 et
636 3438 733 3494 silvas
757 3439 798 3494 ab
821 3437 936 3496 eisdem
961 3438 1082 3496 civibus
1107 3438 1208 3495 minus
1224 3436 1303 3514 juste
1322 3443 1352 3494 et
1370 3437 1454 3495 inde·

185 3540 250 3598 bite
282 3541 471 3616 occupando,
503 3543 690 3616 quibusdam
722 3544 792 3602 aliis
822 3545 1001 3601 hominibus
1034 3543 1260 3614 distribuisset,
1286 3545 1452 3618 ipsamque

183 3649 440 3705 communitatem
463 3648 540 3706 adeo
563 3656 730 3708 coartasset
754 3654 784 3708 et
807 3650 1007 3718 astrinxisset,
1039 3658 1072 3707 ut
1103 3648 1211 3706 eadem
1249 3650 1454 3706 communitas

185 3753 302 3810 civium
334 3770 428 3829 super
458 3755 636 3813 huiusmodi
668 3772 722 3813 sua
746 3756 882 3814 indebita
913 3761 944 3812 et
967 3756 1102 3813 violenta
1127 3756 1333 3828 occupacione
1356 3763 1385 3812 et
1409 3755 1454 3813 di·

185 3859 374 3917 stribucione
398 3861 515 3919 litteras
537 3862 596 3919 sub
619 3862 724 3934 sigillo
748 3862 845 3935 ipsius
869 3862 1100 3919 communitatis
1124 3862 1249 3931 civium,
1280 3876 1337 3934 pro
1366 3867 1453 3934 parte

184 3965 305 4037 talium,
329 3967 443 4039 quibus
467 3967 645 4025 huiusmodi
668 3968 877 4042 possessiones
902 3974 932 4026 et
954 3969 1015 4025 alia
1040 3969 1120 4025 bona
1152 3968 1366 4041 prenominata
1398 3982 1453 4040 per

184 4071 288 4145 ipsum
313 4072 455 4131 Vlricum
479 4075 626 4131 comitem
651 4074 817 4133 distributa
841 4081 949 4146 essent,
981 4075 1117 4130 emanari
1151 4072 1279 4139 fecisset,
1311 4073 1452 4146 potencia

185 4177 349 4250 mediante,
385 4181 415 4236 in
445 4180 584 4253 ipsorum
610 4181 726 4238 civium
759 4188 936 4238 nostrorum
967 4178 1044 4253 juris
1075 4194 1171 4251 grave
1195 4177 1399 4251 preiudicium
1424 4183 1453 4233 et

184 4283 373 4355 derogamen
405 4300 441 4342 ac
474 4285 647 4358 dampnum
680 4288 754 4343 satis
787 4287 901 4355 ingens.
935 4286 967 4342 In
999 4285 1086 4342 cuius
1117 4282 1349 4356 protestacionis
1370 4282 1452 4339 testi·

185 4390 327 4447 monium
360 4398 517 4465 presentes
556 4392 675 4449 litteras
709 4397 828 4449 nostras
864 4397 1002 4465 patentes
1038 4389 1153 4446 eisdem
1185 4388 1306 4445 civibus
1340 4389 1452 4444 nostris

185 4497 333 4556 duximus
356 4498 578 4557 concedendas.
602 4499 718 4556 Datum
742 4498 826 4556 Bude
859 4497 936 4555 feria
961 4496 1054 4554 tercia
1079 4496 1222 4568 proxima
1244 4498 1315 4550 ante
1339 4492 1452 4550 festum

183 4604 384 4662 sacratissimi
415 4604 555 4679 corporis
579 4603 702 4661 Christi.
728 4606 816 4662 Anno
840 4603 979 4661 eiusdem
1013 4601 1185 4659 millesimo
1216 4598 1452 4672 quadringente·

185 4710 266 4768 simo
288 4711 546 4786 quinquagesimo
570 4715 688 4769 octavo.

292 4828 426 4894 Originale
445 4831 473 4879 in
491 4829 591 4879 charta.
610 4831 640 4877 ln
662 4829 775 4889 margine
794 4829 910 4878 inferiori
929 4830 1082 4892 impressum
1095 4834 1133 4875 est
1147 4825 1268 4889 sigillum.
1288 4827 1319 4873 In
1338 4824 1451 4874 archivio

188 4897 243 4950 lib..
263 4915 314 4964 reg.
334 4901 403 4953 civit.
422 4900 595 4965 zagrabiensis
