3278 5348
190 464 248 505 ara
595 443 669 502 Doc.
694 454 761 519 154„
786 474 828 486 -
852 443 910 500 An.
935 453 1025 519 1450.

186 659 356 735 judiciaria,
373 659 581 717 mediantibus
603 660 714 717 litteris
736 659 868 717 illustris
892 657 1042 731 principis
1062 656 1181 714 domini
1197 657 1298 714 Vlrici
1320 660 1374 714 etc.
1388 655 1438 713 nati

186 768 284 824 nostri
297 767 457 838 carissimi,
466 765 697 825 adiudicatoriis
709 766 856 824 exhibere
868 770 1101 838 assumpturum
1109 770 1264 834 emanata,
1272 762 1438 837 pronuncia·

187 881 270 931 retur
292 878 322 930 et
338 883 371 930 ut
391 874 488 930 moris
511 879 556 930 est
579 873 744 946 tripliciter
767 873 960 947 proclamata
985 871 1100 943 fuisset,
1118 871 1180 946 ipsi
1194 869 1300 947 judex,
1316 868 1405 945 jurati
1416 873 1439 924 et

186 980 322 1037 universi
339 981 431 1050 cives,
447 979 546 1037 immo
561 995 617 1037 nec
632 986 816 1054 procurator
828 978 1011 1037 eorumdem
1027 978 1067 1035 ad
1091 977 1306 1036 dilaniandam
1322 974 1440 1034 eandem

187 1085 305 1143 ibidem
321 1101 501 1159 comparere
517 1086 712 1159 aliquatenus
736 1088 915 1158 valuissent,
938 1102 1013 1144 mox
1037 1085 1233 1159 procuratori
1250 1084 1326 1142 dicti
1340 1080 1441 1155 egregii

187 1192 362 1264 llennyngh
386 1193 471 1250 iuxta
495 1193 576 1250 sedis
600 1195 697 1267 ipsius
725 1193 979 1252 consvetudinem
1003 1194 1070 1268 ipsa
1093 1192 1198 1251 littera
1220 1189 1376 1267 judicialis
1397 1201 1443 1262 per

187 1299 342 1355 notarium
365 1299 445 1356 dicte
468 1297 549 1356 sedis
582 1300 736 1372 assignata
767 1299 893 1369 fuisset;
918 1299 1084 1370 statimque
1117 1298 1261 1354 Matheus
1299 1296 1442 1354 litteratus

187 1410 371 1477 procurator
394 1413 423 1462 et
446 1407 584 1463 notarius
608 1405 688 1467 dicte
700 1407 833 1465 civitatis
850 1405 1066 1479 zagrabiensis,
1083 1404 1185 1461 adhuc
1208 1402 1321 1461 eodem
1345 1417 1443 1476 procu·

186 1516 289 1566 ratore
313 1509 386 1567 dicti
412 1511 585 1584 Helrnyngh
602 1512 720 1569 ibidem
743 1513 900 1583 existente,
917 1510 956 1568 ad
978 1511 1129 1585 premissa
1158 1509 1358 1584 respondere,
1382 1523 1443 1582 pre·

187 1617 336 1689 scriptam
360 1616 458 1673 eciam
482 1618 618 1675 litteram
653 1616 833 1692 judicialem
869 1616 1018 1675 dilaniare
1052 1632 1088 1674 ac
1123 1616 1298 1689 birsagium
1334 1617 1361 1674 si
1395 1615 1445 1688 ipsi

187 1723 269 1779 cives
293 1722 415 1779 racione
440 1723 547 1795 previa
571 1725 601 1781 in
622 1725 729 1797 aliquo
752 1725 885 1782 convicti
908 1724 1080 1782 extitissent
1104 1723 1260 1797 deponere
1285 1729 1442 1797 promptus

187 1828 287 1886 iuerat
318 1835 347 1886 et
382 1836 517 1901 paratus.
564 1829 753 1903 Quiquidem
789 1838 982 1905 procurator,
1015 1836 1050 1887 ut
1084 1830 1288 1904 premittitur,
1318 1826 1447 1886 annotati

186 1936 360 2007 Hennyngh
384 1952 440 2009 per
456 1936 626 2009 Georgium
651 1939 830 2010 ltlarethych
846 1936 980 2013 judicem
997 1937 1152 1994 nobilium
1179 1935 1219 1993 ad
1236 1917 1462 2009 deponendam

186 2049 216 2098 et
240 2040 460 2099 restituendam
484 2042 613 2099 eandem
638 2043 774 2100 litteram
798 2043 889 2101 etad
913 2041 1126 2116 recipiendum
1152 2042 1259 2115 ipsum
1280 2040 1447 2112 birsagium

186 2148 339 2220 legittime
362 2149 525 2220 amonitus,
550 2150 703 2222 premissa
726 2149 827 2207 facere
850 2151 979 2207 minime
1012 2149 1165 2206 voluisset
1189 2148 1220 2205 in
1243 2146 1446 2220 preludicium

186 2254 341 2311 dictorum
361 2252 480 2329 judicis,
504 2253 678 2331 juratorum
702 2262 731 2313 et
755 2257 871 2314 civium
907 2257 1125 2313 universorum
1161 2253 1257 2311 valde
1293 2267 1447 2326 magnum,

186 2378 224 2418 ex
249 2367 336 2434 parte
358 2363 444 2418 cuius
467 2363 533 2436 ipse
567 2364 708 2420 Matheus
744 2363 899 2421 litteratus
934 2364 964 2420 in
999 2377 1054 2420 sua
1089 2375 1208 2418 necnon
1231 2367 1445 2418 annotatorum

185 2466 305 2542 judicis,
328 2465 503 2542 juratorum
526 2476 555 2526 et
578 2471 695 2528 civium
718 2471 852 2528 civitatis
876 2470 1014 2543 predicte
1049 2468 1198 2541 personis,
1235 2482 1295 2540 per
1328 2482 1387 2524 nos
1419 2467 1448 2523 in

186 2575 345 2646 premissis
369 2575 428 2632 sibi
451 2573 600 2648 judicium
625 2584 654 2633 et
678 2574 833 2650 justiciam
856 2577 950 2651 peciit
965 2576 1114 2649 inpertiri.
1128 2573 1250 2648 Quibus
1267 2575 1311 2632 sic
1336 2574 1447 2631 habitis

186 2687 216 2735 et
240 2681 402 2753 perceptis,
427 2681 498 2739 licet
521 2683 694 2756 prescripta
717 2683 821 2740 littera
843 2680 996 2757 judicialis
1019 2681 1172 2755 premisso
1197 2679 1301 2751 modo,
1326 2682 1446 2738 racione

185 2784 307 2842 modice
330 2788 472 2843 absencie
494 2789 634 2860 ipsorum
658 2788 777 2864 judicis,
800 2788 974 2864 juratorum
998 2794 1028 2845 et
1058 2787 1175 2845 civium
1196 2785 1277 2844 dicte
1316 2786 1448 2844 civitatis

186 2888 285 2946 eidem
318 2894 510 2963 procuratori
532 2894 606 2952 dicti
630 2896 805 2968 Hennyngh
828 2911 883 2968 per
906 2894 1038 2952 eundem
1074 2894 1229 2951 notarium
1261 2893 1344 2950 dicte
1371 2893 1449 2952 sedis

186 2995 225 3051 sit
248 2997 409 3067 assignata,
433 3004 535 3057 tamen
560 3002 632 3073 quia
648 3003 715 3075 ipse
732 3007 916 3075 procurator
931 3001 1005 3058 dicti
1021 3000 1196 3072 Hennyngh
1213 3014 1270 3073 per
1294 2999 1449 3074 prefatum

186 3109 417 3172 procuratorem
443 3105 597 3164 dictorum
621 3090 748 3183 iudicis,
772 3107 946 3184 juratorum
982 3114 1012 3165 et
1047 3107 1163 3165 civium
1198 3106 1281 3164 dicte
1315 3107 1448 3165 civitatis

185 3205 302 3263 ibidem
325 3218 492 3280 preventus
515 3221 544 3269 et
567 3230 623 3286 per
646 3216 751 3288 ipsum
775 3213 909 3290 judicem
925 3214 1079 3272 nobilium
1095 3213 1135 3271 ad
1152 3212 1323 3271 levandum
1346 3214 1447 3288 ipsum

186 3312 356 3383 birsagium
386 3331 503 3374 necnon
526 3319 565 3375 ad
588 3320 781 3393 recipiendos
805 3322 904 3379 dictos
938 3338 993 3379 sex
1023 3320 1150 3391 solidos,
1184 3319 1337 3392 legittime
1366 3334 1448 3378 amo·

184 3418 273 3488 nitus,
299 3423 447 3491 premissa
473 3423 572 3482 facere
595 3428 722 3484 minime
746 3429 904 3499 voluisset,
935 3427 1005 3485 ideo
1039 3442 1095 3485 nos
1131 3441 1266 3483 unacum
1302 3425 1448 3498 predictis

184 3524 343 3581 nobilibus
367 3530 528 3587 nobiscum
552 3533 581 3588 in
605 3531 721 3607 judicio
744 3536 946 3592 existentibus
971 3533 1142 3609 judicantes
1166 3531 1364 3590 decrevimus
1380 3548 1448 3606 pre·

185 3629 284 3686 fatum
307 3644 540 3704 procuratorem
565 3638 639 3696 dicti
663 3642 778 3712 egregii
801 3643 976 3714 llennyngh
999 3656 1060 3697 non
1092 3641 1233 3697 obstante
1254 3641 1447 3697 extraccione

184 3743 213 3792 et
237 3741 408 3796 contumaci
433 3741 610 3801 detencione
636 3746 715 3803 dicte
729 3748 830 3804 littere
847 3745 1012 3821 judicialis,
1028 3746 1069 3803 ad
1094 3747 1245 3820 premissa
1259 3746 1448 3817 respondere

184 3843 364 3916 litterasque
387 3854 416 3902 et
440 3848 585 3906 litteralia
610 3852 821 3923 instrumenta,
846 3855 872 3910 si
898 3870 958 3926 que
981 3855 1047 3926 ipse
1065 3852 1239 3924 llennyngh
1262 3867 1296 3909 se
1319 3853 1352 3909 in
1369 3852 1448 3910 facto

185 3948 259 4006 dicti
283 3952 390 4009 tributi
413 3954 528 4012 habere
565 3959 767 4028 pretenderet‚
804 3960 937 4017 eundem
972 3960 1147 4031 llennyngh
1177 3959 1264 4015 iuxta
1287 3974 1380 4016 suum
1402 3973 1447 4016 as·

183 4062 344 4129 sumptum
366 4065 418 4116 aut
443 4060 558 4117 dictum
585 4071 818 4134 procuratorem
842 4081 932 4122 suum
957 4072 1062 4123 contra
1086 4065 1170 4138 ipsos
1193 4063 1277 4122 cives
1302 4066 1448 4123 exhibere

184 4170 213 4219 et
236 4162 407 4235 producere
432 4166 554 4237 debere,
588 4170 750 4242 ipsamque
786 4172 923 4228 litteram
956 4171 1144 4247 judicialem,
1178 4171 1298 4228 nullius
1331 4173 1446 4244 vigoris

183 4270 313 4326 existere
336 4288 391 4328 nec
416 4274 445 4329 in
471 4275 576 4345 aliqua
598 4276 744 4333 firmitate
768 4293 952 4351 permanere
977 4278 1099 4347 debere,
1123 4278 1235 4333 harum
1267 4284 1445 4335 nostrarum

182 4377 290 4448 vigore
314 4384 343 4432 et
367 4379 541 4435 testimonio
565 4380 740 4438 litterarum
761 4383 924 4443 mediante.
937 4382 1022 4456 Quas
1042 4382 1147 4455 sigillo
1171 4383 1288 4455 egregii
1312 4382 1445 4456 Georgii,

182 4483 241 4541 filii
258 4484 391 4541 Farcasii
414 4483 451 4540 de
476 4485 579 4555 Ebres,
604 4489 724 4545 comitis
747 4491 845 4547 nostri
868 4490 1085 4561 zagrabiensis,
1109 4488 1240 4546 fecimus
1264 4489 1444 4562 consignari.

182 4591 298 4647 Datum
322 4589 473 4661 Zagrabie
497 4591 648 4663 vigesimo
672 4593 721 4650 die
746 4601 928 4653 octavarum
953 4597 1173 4669 predictarum.
1208 4598 1299 4654 Anno
1327 4593 1444 4654 domini

181 4697 350 4754 millesimo
375 4697 679 4769 quadringentesimo
703 4701 969 4774 quinquagesimo.

287 4832 420 4894 Originnle
440 4834 466 4881 iu
485 4834 579 4883 charta.
610 4835 636 4882 A
662 4845 734 4899 tergo
761 4838 899 4899 vestigium
925 4840 1043 4904 impressi
1063 4838 1151 4902 sigilli.
1186 4839 1219 4886 In
1245 4836 1361 4886 archivio
1385 4833 1440 4885 incl.

180 4903 264 4953 Acad.
284 4904 380 4956 Scient.
393 4904 491 4957 Slavor.
504 4908 595 4955 mend.
