3278 5348
321 637 469 710 magistro
492 637 671 708 Laurencio,
700 647 819 694 necnon
842 633 918 707 ipsis
941 631 1071 690 Nicolao
1093 637 1124 690 et
1146 631 1325 691 Cristoforo
1348 635 1514 708 preposito
1535 633 1584 692 rite

315 728 409 802 iactis
432 741 594 815 confectas,
611 743 727 801 tenoris
750 725 975 813 subsequentis,
991 739 1172 812 supplicans
1187 737 1290 797 eidem
1307 739 1513 812 Sigismundo
1527 741 1583 811 regi

319 848 430 906 exinde
452 849 630 907 nominibus
653 848 768 923 quibus
792 860 887 919 supra
910 844 1073 903 humiliter
1094 850 1125 902 et
1147 843 1268 914 devote,
1293 853 1329 903 ut
1352 845 1483 904 easdem
1500 853 1581 915 ratae,

320 960 424 1026 gratas
446 961 476 1012 et
492 962 634 1030 acceptas
649 953 804 1024 habendo,
821 953 947 1026 suisque
962 952 1075 1010 litteris
1090 951 1345 1024 privilegialibus
1360 953 1425 1010 sub
1440 953 1582 1026 premisso

320 1060 431 1119 maiori
454 1075 536 1118 novo
559 1061 701 1136 dupplici
724 1060 966 1132 authenticoque
989 1058 1095 1130 sigillo
1125 1072 1182 1115 suo
1204 1058 1400 1116 verbotenus
1431 1045 1524 1118 inseri
1544 1058 1581 1116 fa·

319 1165 436 1235 ciendo,
453 1182 511 1240 pro
526 1168 602 1241 ipsis
617 1168 734 1225 scilicet
751 1165 889 1237 Nicolao,
905 1162 1100 1222 christoforo
1122 1171 1153 1221 et
1167 1163 1319 1245 Johanne,
1343 1165 1581 1238 eorumdemque

319 1273 467 1355 Johannis
489 1278 520 1331 et
543 1272 663 1331 Nicolai
679 1271 846 1330 heredibus
857 1270 1043 1340 innovando,
1061 1276 1211 1343 perpetuo
1228 1270 1398 1330 vallituras
1414 1271 1582 1345 dignaretur

319 1377 513 1437 confirmare.
538 1378 678 1452 Quarum
702 1394 763 1436 una
779 1378 897 1436 scilicet
914 1377 1018 1434 littera
1033 1376 1131 1449 ipsius
1148 1374 1269 1434 domini
1291 1375 1489 1449 sigismundi
1511 1378 1582 1451 regis

320 1483 422 1542 littera
444 1484 663 1553 donacionalis‚
685 1484 833 1557 Strigonii
856 1482 906 1541 die
930 1482 1086 1540 dominico
1110 1482 1256 1554 proximo
1279 1487 1354 1555 post
1368 1481 1487 1542 festum
1509 1484 1582 1540 beati

320 1589 460 1648 Barnabe
482 1591 626 1665 apostoli,
643 1606 723 1649 anno
739 1590 859 1648 domini
874 1589 1045 1647 millesimo
1058 1589 1274 1647 trecentesimo
1288 1591 1496 1663 nonagesimo
1510 1604 1582 1648 nono

320 1696 457 1755 confecta
493 1699 697 1771 exprimebat
728 1696 812 1771 quod
847 1711 1041 1769 quamquam
1074 1693 1157 1753 idem
1191 1694 1339 1753 dominus
1370 1695 1583 1769 sigismundus

320 1819 384 1874 rex,
408 1804 485 1861 alias
509 1803 549 1862 ad
579 1805 775 1878 importunas
806 1818 914 1876 preces
935 1800 1077 1859 fidelium
1109 1815 1239 1858 suorum
1268 1799 1392 1876 judicis,
1416 1801 1583 1877 juratorum

320 1918 350 1965 et
374 1909 488 1966 civium
513 1911 647 1968 civitatis
668 1926 722 1967 sue
747 1910 860 1967 montis
883 1908 1045 1967 Grecensis
1069 1906 1229 1981 quandam
1254 1909 1367 1965 villam
1392 1925 1448 1966 seu
1473 1924 1585 1983 posses·

320 2016 440 2073 sionem
465 2017 647 2088 Petroucyna
672 2017 749 2073 alias
782 2015 1007 2073 Zenth·Pether
1031 2020 1183 2084 vocatam,
1207 2029 1268 2086 que
1291 2020 1365 2072 tunc
1389 2014 1431 2072 ad
1455 2024 1585 2074 castrum

320 2136 410 2177 suum
434 2123 539 2194 regule
570 2121 666 2193 Selyn
700 2108 847 2179 vocatum
871 2122 901 2178 in
934 2120 1016 2178 dicto
1040 2120 1186 2177 comitatu
1221 2120 1419 2192 zagrabiensi
1443 2122 1586 2179 situatum

320 2227 501 2299 pertinebat,
524 2229 565 2286 ab
588 2228 697 2286 eodem
721 2235 822 2286 castro
845 2242 902 2285 suo
925 2225 1099 2299 separando
1120 2225 1237 2283 eisdem
1261 2226 1385 2284 civibus
1409 2236 1441 2284 et
1464 2226 1588 2301 populis

321 2334 384 2390 suis
408 2333 489 2392 dicte
512 2335 645 2392 civitatis
668 2351 722 2391 sue
746 2334 860 2392 montis
880 2331 1042 2390 Grecensis
1064 2347 1135 2389 cum
1152 2332 1298 2390 omnibus
1315 2333 1379 2391 suis
1403 2332 1587 2391 utilitatibus

320 2446 350 2495 et
382 2439 577 2511 pertinenciis
608 2440 715 2512 vigore
743 2440 875 2497 aliarum
912 2438 1087 2496 litterarum
1120 2452 1246 2495 suarum
1276 2436 1346 2512 jure
1370 2438 1587 2513 perhempnali

328 2543 544 2603 dinoscebatur
569 2547 744 2604 contulisse.
777 2545 895 2603 Tamen
925 2545 998 2617 quia
1022 2543 1103 2602 idem
1128 2543 1273 2602 dominus
1295 2542 1517 2616 sigismundus
1537 2559 1588 2603 rex

322 2648 441 2706 dudum
460 2650 634 2724 predictum
651 2659 788 2710 castrum
811 2650 906 2723 Selyn
926 2658 1083 2721 vocaturn,
1107 2650 1145 2707 ad
1170 2649 1254 2723 quod
1277 2650 1422 2725 predicta
1439 2651 1588 2725 possessio

320 2755 503 2829 Petrowyna
538 2759 616 2815 alias
651 2758 873 2816 Zenth·Pether
908 2757 989 2815 dicta
1020 2758 1174 2831 pertinere
1208 2755 1439 2828 dinoscebatur,
1463 2756 1587 2831 prefatis

330 2864 485 2935 magistris
509 2866 677 2924 laurencio
700 2875 731 2923 et
757 2866 895 2937 Nicola0‚
913 2880 1032 2923 necnon
1047 2865 1174 2922 domino
1197 2862 1395 2921 christoforo
1421 2865 1585 2938 preposito,

320 2970 394 3027 filiis
429 2972 561 3029 condam
592 2973 713 3030 Nicolai
749 2973 823 3030 dieti
850 2972 931 3030 Toth
965 2971 1004 3029 de
1039 2969 1247 3041 Zomzedwar,
1271 2984 1330 3043 pro
1355 2969 1537 3029 multifariis
1558 2977 1586 3028 et

319 3078 485 3136 meritoriis
505 3081 644 3137 serviciis
669 3079 852 3137 eorumdem
886 3079 1104 3150 magistrorum
1129 3077 1290 3135 Laurencii
1314 3085 1345 3133 et
1368 3074 1502 3149 Nicolai,
1526 3092 1585 3134 me

319 3182 476 3241 diantihus
507 3186 576 3242 aliis
608 3186 719 3243 litteris
753 3186 815 3242 suis
846 3182 1013 3258 superinde
1037 3182 1194 3253 confectis,
1224 3196 1304 3239 nove
1329 3197 1384 3240 sue
1410 3182 1586 3241 donacionis

320 3290 411 3347 titulo
435 3307 505 3347 cum
530 3293 676 3349 omnibus
700 3293 762 3348 suis
786 3291 984 3364 pertinenciis
1007 3296 1037 3346 et
1053 3290 1238 3347 utilitatibus
1263 3289 1357 3361 pleno
1379 3287 1450 3364 jure
1472 3291 1505 3349 iu
1521 3304 1584 3363 per·

320 3404 448 3468 petuum
473 3399 663 3456 meminisset
694 3407 723 3455 et
755 3398 910 3455 retulisset
934 3396 1057 3455 dedisse
1081 3404 1112 3454 et
1137 3394 1276 3466 donasse,
1299 3403 1331 3451 et
1354 3398 1522 3467 presertim
1544 3404 1585 3453 at·

319 3502 446 3560 tendens
467 3512 497 3560 et
529 3503 768 3578 preponderans,
800 3503 883 3576 quod
919 3503 1059 3577 predicta
1089 3502 1248 3576 separacio
1279 3501 1361 3559 dicte
1384 3503 1585 3576 possessionis

318 3611 359 3665 ab
382 3611 490 3667 eodem
504 3616 605 3668 castro
622 3610 702 3668 facta
717 3611 854 3668 notabile
870 3611 1077 3684 preiudicium
1092 3609 1210 3667 eisdem
1233 3608 1391 3681 magistris
1415 3608 1584 3668 Laurencio

318 3724 348 3773 et
364 3716 492 3774 Nicolao
508 3727 537 3774 et
550 3717 744 3775 christoforo
759 3723 928 3789 generaret,
944 3716 1075 3789 ideoque
1092 3714 1175 3772 idem
1198 3713 1344 3772 dominus
1367 3698 1584 3787 sigismundus

317 3839 372 3880 rex
396 3831 517 3880 matura
539 3823 705 3897 superinde
728 3824 892 3896 prehabita
916 3821 1153 3890 deliberacione,
1179 3834 1256 3878 sano
1279 3820 1379 3878 eciam
1403 3820 1494 3879 adid
1519 3836 1584 3895 pre

318 3929 453 3985 latorum
477 3936 507 3987 et
530 3931 684 3988 baronum
705 3945 833 3988 suorum
857 3929 1019 3988 accedente
1043 3928 1183 3999 consilio,
1203 3925 1360 4001 prefatam
1382 3927 1584 3986 donacionem

319 4035 464 4108 predictis
487 4037 608 4094 civibus
630 4046 661 4094 et
684 4037 811 4110 populis
843 4037 907 4094 suis
930 4036 1044 4093 montis
1076 4033 1239 4092 Grecensis
1262 4048 1319 4107 per
1340 4033 1448 4106 ipsum
1473 4032 1586 4092 factam

318 4156 353 4197 ac
388 4143 506 4199 litteras
541 4143 707 4217 superinde
737 4142 891 4201 mnfectas
920 4151 949 4199 et
981 4142 1085 4200 omnia
1107 4139 1219 4198 exinde
1241 4146 1346 4197 secuta
1369 4155 1410 4197 ex
1433 4141 1536 4199 causis
1556 4147 1586 4198 et

318 4248 494 4304 nacionibus
518 4248 555 4304 ad
588 4249 619 4306 id
653 4250 793 4306 animum
826 4264 916 4305 suurn
951 4247 1150 4305 moventibus
1179 4244 1352 4317 cassandas,
1386 4244 1588 4316 revocandas,

318 4353 521 4411 annullandas
537 4370 573 4412 ac
588 4356 691 4412 irritas
708 4364 737 4411 et
752 4356 879 4412 innanes
894 4352 1095 4423 decernendo,
1113 4350 1242 4425 prefatis
1263 4351 1388 4409 civibus
1402 4357 1437 4410 et
1459 4352 1587 4426 populis

318 4458 381 4514 suis
389 4473 425 4515 ac
433 4461 661 4518 successoribus
671 4460 862 4532 eorumdem,
874 4466 1059 4533 perpetuum
1071 4458 1235 4516 silencium
1247 4455 1448 4531 imponendo,
1456 4455 1588 4517 eandem

319 4565 543 4637 possessionem
579 4567 764 4638 Petrowyna
798 4566 875 4623 alias
909 4565 1134 4624 Zenth-Pether
1168 4563 1372 4638 appellatam,
1405 4563 1472 4622 suis
1495 4562 1589 4638 regiis

319 4670 471 4740 manibus,
496 4688 610 4744 sueque
642 4672 842 4745 disposicioni
864 4681 1063 4730 reannectens
1096 4678 1128 4730 et
1148 4670 1361 4744 incorporatos,
1384 4668 1589 4729 consideratis

317 4773 521 4834 fidelitatibus
544 4786 573 4834 et
595 4777 739 4835 fidelium
760 4779 984 4852 obsequiorum
1008 4776 1102 4836 laude
1124 4776 1228 4850 dignis
1247 4774 1367 4835 merids
1389 4773 1589 4850 prefatorum

319 4881 542 4957 magistrorum
571 4883 742 4956 Laurencii,
774 4881 893 4943 Nicolai
922 4890 953 4943 et
985 4883 1180 4957 Christofori,
1202 4881 1343 4943 filiorum
1366 4880 1492 4943 utuntai
1512 4882 1591 4949 dieti
