3278 5348
627 467 702 525 Doc.
727 463 794 524 116.
816 500 860 510 —
884 469 939 525 An.
965 463 1056 546 1438.
1408 486 1466 545 147

200 681 275 739 libet
301 698 359 756 per
381 697 479 740 unum
495 681 648 741 florenum
664 683 732 741 auri
748 689 900 756 emptum,
924 683 1068 741 undecim
1085 690 1208 741 troncos
1223 700 1329 758 apum,
1353 699 1468 743 novem

201 788 384 859 lintiamina,
409 789 547 862 quinque
568 790 714 847 camisias
736 789 909 847 muliebres
941 790 1117 863 superiores
1140 790 1170 846 in
1194 791 1279 861 wlgo
1303 790 1388 847 surla
1413 804 1467 847 vo·

197 901 287 967 natas,
312 901 344 953 et
366 894 474 953 decem
498 895 642 954 camisias
675 896 829 954 mulibres
861 894 1030 965 inferiores,
1066 895 1195 968 ligones,
1223 911 1353 967 secures,
1385 895 1469 953 ferra

196 1002 291 1059 aratri
314 1016 351 1058 ac
374 1016 481 1059 omnes
506 1017 556 1059 res
579 1007 610 1059 et
632 1003 715 1059 bona
739 1002 879 1075 ipsorum
908 1001 1071 1058 hominurn
1095 1001 1126 1059 in
1150 1000 1259 1058 eadem
1282 1002 1361 1060 villa
1384 1017 1468 1059 com·
1565 1017 1571 1030 ·

195 1108 390 1166 morancium
413 1108 579 1181 recepisset
603 1114 633 1166 et
656 1108 697 1166 ad
720 1109 825 1181 ipsum
849 1114 986 1164 castrum
1009 1107 1130 1165 Medwe
1160 1106 1348 1177 deduxisset,
1381 1109 1466 1182 ipsos

195 1214 338 1272 homines
360 1214 392 1272 in
415 1213 525 1272 eadem
548 1214 628 1272 villa
656 1219 885 1272 commorantes
920 1214 1106 1286 captivasset
1128 1220 1158 1271 et
1179 1221 1286 1287 captos
1317 1214 1357 1271 ad
1380 1214 1466 1273 idem

195 1325 332 1377 castrum
357 1317 546 1390 adduxisset,
570 1326 600 1377 et
623 1318 662 1376 de
686 1319 828 1392 quolibet
858 1319 998 1393 ipsorum
1022 1325 1085 1375 tres
1114 1317 1247 1376 florenos
1271 1319 1339 1377 auri
1363 1327 1467 1393 pacta·

197 1425 259 1482 tive
283 1425 458 1498 recepisset,
491 1424 646 1498 quosdam
680 1440 756 1483 vero
792 1440 885 1497 super
916 1424 1110 1483 fideiussoria
1143 1426 1287 1483 caucione
1318 1427 1463 1485 similiter

195 1536 336 1603 pactatos
360 1530 535 1589 dimisisset.
567 1531 617 1589 Ad
642 1530 726 1605 quod
757 1529 871 1605 prefati
895 1537 1112 1605 procuratores
1141 1534 1278 1590 annotati
1301 1533 1464 1605 Vylhelmi

195 1636 445 1711 respondissent:
470 1638 554 1711 quod
577 1638 644 1712 ipse
660 1638 848 1710 Vylhelmus
865 1638 895 1695 in
911 1637 1092 1696 huiusmodi
1108 1638 1285 1696 accionibus
1308 1638 1464 1698 dictorum

195 1743 313 1802 civium
349 1744 493 1801 innocens
528 1750 608 1802 esset
631 1750 660 1802 et
683 1744 845 1814 immunis;
879 1743 1008 1818 prefatis
1042 1743 1132 1801 Petro
1156 1750 1187 1801 et
1207 1743 1311 1802 Blasio
1341 1746 1464 1803 civibus

193 1865 225 1907 se
250 1850 308 1907 hec
338 1851 562 1909 nonnullorum
597 1851 771 1924 proborum
806 1851 946 1908 virorum
981 1850 1233 1908 attestacionibus
1264 1850 1410 1909 veridicis
1433 1856 1464 1910 et

193 1955 263 2012 aliis
287 1955 507 2029 probabilibus
532 1957 726 2015 documentis
757 1957 788 2014 in
811 1958 954 2030 partibus
976 1955 1140 2014 Sclauonie
1169 1963 1198 2014 et
1222 1957 1252 2014 in
1276 1957 1357 2014 dicta
1388 1958 1463 2015 civi·

193 2066 254 2119 late
277 2067 384 2120 nostra
407 2063 543 2136 probare
575 2077 667 2136 posse
702 2064 921 2134 asserentibus,
952 2062 1066 2137 prefati
1100 2064 1173 2120 bani
1206 2063 1305 2121 nostri
1328 2078 1462 2121 unacum

192 2167 282 2226 dictis
305 2183 414 2226 eorum
437 2170 645 2227 assessoribus
677 2169 715 2227 de
738 2170 880 2243 parcium
912 2169 1073 2226 voluntate
1104 2184 1199 2243 super
1220 2169 1380 2242 premissis
1404 2170 1461 2227 bu·

194 2273 328 2333 iusmodi
349 2274 570 2348 probacionem
606 2290 712 2333 coram
745 2274 895 2333 fidelibus
918 2275 1039 2346 nostris,
1073 2272 1231 2347 Stephano
1253 2273 1392 2332 Biczkeie
1423 2274 1461 2333 de

192 2379 353 2439 Zelnawar
388 2395 425 2438 ac
455 2381 597 2464 Johanne
629 2381 732 2440 Thoth
766 2381 806 2438 de
830 2379 1049 2450 Zwmzedwar,
1085 2394 1203 2437 necnon
1235 2377 1388 2452 Gregorio
1422 2380 1461 2438 de

195 2485 342 2545 Vmouch
365 2493 396 2544 et
417 2487 509 2546 Petro
533 2487 571 2546 de
594 2486 812 2560 Schytaryeua,
836 2487 1016 2545 hominibus
1046 2487 1158 2543 nostris
1183 2502 1239 2560 per
1262 2501 1318 2544 nos
1340 2486 1380 2543 ad
1403 2487 1461 2545 hec

192 2593 371 2666 specialiter
394 2593 558 2668 deputatis,
593 2593 744 2666 Zagrabie
775 2594 928 2667 premisso
959 2599 1069 2651 octavo
1093 2592 1143 2649 die
1167 2590 1236 2649 festi
1260 2592 1374 2649 Pasche
1405 2592 1460 2650 do·

195 2700 270 2757 mini
294 2699 364 2757 fieri
387 2699 501 2758 debere
525 2699 721 2759 admisissent
736 2706 767 2758 et
783 2700 974 2758 distulissent
995 2700 1113 2757 taliter:
1137 2698 1221 2771 quod
1237 2697 1352 2772 prefati
1375 2699 1458 2758 cives

193 2807 326 2865 civitatis
362 2806 502 2881 predicte
525 2823 561 2865 ac
595 2808 736 2866 homines
766 2808 796 2866 in
832 2807 914 2866 dicta
937 2806 1078 2866 Gradsan
1114 2809 1342 2863 commorantes
1365 2804 1459 2862 docu-

191 2921 296 2972 menta
320 2918 350 2971 et
373 2915 588 2973 attestaciones
604 2929 713 2973 eorum
729 2930 823 2988 super
839 2914 999 2988 premissis
1016 2912 1203 2970 necessarias
1219 2927 1324 2969 coram
1341 2911 1459 2970 eisdem

188 3019 370 3077 hominibus
392 3021 506 3078 nostris
528 3020 700 3095 producere
724 3025 892 3092 teneantur,
915 3021 1038 3093 ipsique
1055 3019 1178 3076 Vlricus
1202 3033 1305 3076 comes
1328 3023 1358 3075 et
1381 3019 1457 3090 Vyl-

190 3126 314 3185 helmus
345 3126 510 3186 huiumodi
545 3129 796 3186 attestacionibus
828 3128 950 3198 habitis,
975 3127 1060 3188 iuxta
1091 3125 1239 3183 iudicium
1275 3123 1457 3182 eorumdem

190 3239 369 3291 nostrorum
392 3234 556 3291 hominum
580 3233 669 3292 dictis
692 3234 818 3308 populis
840 3235 871 3290 in
895 3232 1005 3290 eadem
1021 3231 1163 3290 Gradsan
1187 3232 1455 3289 commorantibus

189 3353 284 3413 super
319 3340 472 3398 universis
507 3355 616 3398 eorum
650 3340 793 3415 dampnis
823 3338 999 3397 satisfacere
1033 3344 1216 3396 tenerentur.
1251 3338 1337 3409 Item,
1372 3336 1458 3410 quod

187 3442 263 3502 feria
287 3446 397 3518 quinta
420 3447 566 3520 proxima
588 3453 658 3504 ante
681 3446 796 3504 festum
818 3447 902 3504 beati
918 3446 1038 3503 Thome
1061 3445 1203 3518 apostoli,
1221 3444 1363 3518 proxime
1387 3460 1457 3517 pre·

188 3552 323 3622 teritum,
353 3552 495 3610 homines
518 3557 548 3610 et
582 3552 751 3610 familiares
787 3557 1004 3610 annotatorum
1038 3551 1138 3608 Vlrici
1173 3550 1293 3608 comitis
1325 3557 1354 3607 et
1378 3551 1457 3624 Vyl-

186 3657 284 3716 helmi
309 3658 471 3716 castellani
501 3658 638 3716 eiusdem
670 3658 709 3716 ad
733 3658 843 3716 domos
867 3674 920 3716 seu
944 3658 1067 3715 stabula
1098 3657 1214 3714 civium
1237 3657 1450 3730 predictorum

189 3779 285 3837 penes
309 3765 417 3822 vineas
441 3765 622 3823 eorumdem
647 3766 762 3823 civium
783 3765 918 3823 civitatis
941 3763 1079 3838 predicte
1097 3765 1261 3821 existentes
1285 3770 1314 3821 et
1338 3764 1457 3836 habita,

191 3869 352 3942 irruentes,
375 3885 394 3927 a
416 3869 644 3943 Bartholomeo,
664 3872 780 3929 Thatar
803 3871 894 3942 dicto,
919 3877 1051 3944 quatuor
1076 3870 1180 3941 boves,
1198 3886 1291 3927 unam
1317 3886 1453 3942 vaccam,

189 3990 286 4034 unum
310 3976 454 4050 pallium,
479 3992 574 4034 unum
608 3976 760 4035 florenum
790 3978 857 4036 auri
892 3977 1056 4046 valentem,
1091 3992 1185 4033 unam
1209 3977 1353 4045 tunicam,
1389 3986 1450 4034 tres

185 4096 298 4155 pensas
321 4082 477 4140 valentem
501 4089 531 4140 et
554 4083 731 4156 quindecim
754 4085 891 4157 ligones;
925 4084 998 4140 item
1023 4082 1141 4140 ibidem
1174 4098 1270 4139 unum
1295 4082 1454 4140 hominem

185 4187 353 4246 detinendo
373 4188 414 4245 ab
437 4188 547 4246 eodem
572 4190 709 4263 quinque
732 4206 803 4247 cum
829 4188 930 4247 media
951 4204 1062 4264 pensas
1077 4188 1276 4246 denariorum
1300 4203 1455 4258 vyennen·

181 4294 272 4365 sium,
296 4293 464 4352 biccellum
500 4311 571 4353 cum
606 4296 739 4368 cingulo,
773 4311 880 4353 arcum
912 4311 983 4352 cum
1014 4296 1133 4367 sagittis
1165 4309 1200 4349 ac
1224 4293 1368 4364 tunicam,
1393 4309 1452 4367 pro

185 4401 287 4458 tribus
310 4400 415 4474 pensis
436 4406 584 4475 emptam,
600 4406 631 4460 et
653 4403 807 4476 capicium
831 4417 889 4475 pro
913 4402 1118 4475 quadraginta
1142 4400 1275 4457 denariis
1299 4406 1453 4472 emptum,

186 4507 383 4579 recepissent.
418 4504 539 4579 Quibus
562 4507 676 4566 auditis
710 4509 823 4582 prefati
852 4515 1069 4582 procuratores
1104 4512 1320 4564 annotatorum
1354 4507 1453 4565 Vlrici

185 4613 308 4671 comitis
331 4616 362 4669 et
384 4612 555 4686 Vylhelmi,
571 4612 687 4689 judicio
710 4615 922 4689 predictorum
945 4614 1094 4688 Stephani
1118 4612 1281 4686 Bychkele,
1303 4613 1452 4696 Johannis

183 4717 275 4789 loth,
300 4716 443 4792 Gregorii
467 4718 506 4777 de
529 4719 690 4779 Wrnouch
715 4728 746 4779 et
772 4722 855 4780 Petri
878 4721 916 4780 de
947 4720 1167 4793 Schytaryeuo,
1190 4717 1345 4795 jamdictis
1360 4720 1452 4778 Petro

185 4828 217 4883 et
240 4823 345 4883 Blasio
368 4825 490 4884 civibus
512 4828 784 4899 consencientibus,
807 4826 895 4903 juxta
918 4827 1101 4885 eorumdem
1126 4827 1244 4885 civium
1267 4827 1452 4899 comproba·

184 4931 290 4990 ciones
314 4932 490 5006 legittimas,
514 4932 626 5007 fiend0,
649 4935 871 4993 submisissent.
894 4935 981 5007 Item,
1006 4934 1090 5008 quod
1113 4934 1144 4991 in
1165 4934 1273 5006 vigilia
1289 4933 1359 4991 festi
1381 4949 1451 4992 con·

1345 5033 1363 5073 s
