3278 5348
603 426 676 488 Dor.
694 422 773 503 308.
799 459 840 469 -
863 426 919 484 An.
944 437 1030 504 1477.
1385 431 1423 504 38
1429 445 1446 503 3

184 642 237 702 die
260 647 443 701 octavarum
466 642 537 702 iesti
560 642 645 701 beati
661 642 821 700 Michaelis
837 643 1023 715 archangeli,
1039 656 1174 700 unacum
1189 642 1347 718 nonnullis
1362 644 1451 718 regni

182 748 346 807 nobilibus
369 764 428 823 pro
451 747 594 807 iaciendo
618 746 812 807 moderatiro
834 746 951 824 judicio
974 749 1167 807 causantium
1190 749 1317 808 insede
1345 756 1451 809 nostra

184 852 348 930 judiciaria
377 854 553 913 constitutis
576 860 607 912 et
636 855 846 927 existentibus,
869 854 1020 913 Martinus
1044 854 1082 912 de
1104 853 1216 912 Edeles
1239 869 1297 929 pro
1319 857 1451 916 honora·

179 960 246 1019 hili
269 961 408 1035 capitulo
430 961 559 1021 ecclesie
581 961 791 1033 zagrabiensis
814 976 886 1019 cum
916 960 1138 1035 procuratoriis
1169 961 1281 1019 litteris
1311 963 1451 1022 eiusdem

185 1066 272 1125 iuxta
295 1068 520 1126 continenciam
542 1067 717 1126 litterarum
740 1072 918 1126 nostrarum
943 1066 1228 1140 prorogatoriarum
1243 1083 1279 1125 ac
1295 1069 1452 1142 magnifici

184 1172 322 1232 ladislai
346 1174 385 1232 de
407 1175 573 1248 Egerwara
596 1189 763 1247 regnorum
788 1174 958 1245 Dalmacie,
982 1173 1110 1232 Croacie
1126 1181 1156 1231 et
1173 1175 1271 1233 tocius
1287 1173 1451 1235 Sclauonie

184 1281 259 1339 bani
279 1280 585 1352 adiudicatoriarum,
608 1281 931 1353 transmissionalium,
948 1281 980 1339 in
1003 1280 1104 1354 figura
1127 1282 1222 1339 nostri
1247 1281 1353 1341 iudicii
1368 1297 1452 1343 com·

185 1386 325 1460 parendo
355 1392 463 1446 contra
493 1389 667 1470 Johannem
697 1385 912 1460 Soldynarych
942 1385 1087 1463 judicem,
1118 1394 1297 1460 ceterosque
1326 1389 1451 1462 iuratos,

184 1494 269 1552 cives
301 1499 332 1552 et
362 1494 584 1553 inhabitatores
615 1499 645 1551 et
675 1497 773 1552 totam
805 1493 1060 1553 communitatem
1083 1493 1215 1552 civitatis
1238 1494 1353 1553 montis
1375 1495 1453 1568 Gre·

185 1601 286 1657 censis
321 1600 359 1657 de
391 1616 485 1674 supra
518 1599 704 1673 Zagrabiam
732 1600 845 1671 habite,
881 1615 939 1673 pro
962 1600 1076 1673 quibus
1098 1599 1260 1658 ladislaus
1282 1600 1321 1659 de
1343 1601 1452 1660 Zenth-

184 1706 268 1764 lazlo
291 1722 363 1764 cum
386 1706 608 1780 procuratoriis
631 1707 742 1764 litteris
766 1706 948 1764 eorumdem
971 1721 1075 1763 coram
1100 1706 1190 1763 nobis
1213 1707 1343 1779 astabat,
1366 1710 1452 1769 exhi·

182 1812 341 1870 hicionem
364 1813 608 1887 prescriptorum
629 1813 802 1872 litterarum
827 1813 940 1886 prefati
964 1794 1101 1870 Ladisiai
1124 1812 1163 1870 de
1186 1813 1351 1884 Egerwara
1375 1815 1450 1875 bani

184 1918 500 1977 transmissionalium
520 1920 638 1993 pariter
667 1927 697 1977 et
724 1919 1020 1977 adiudicatoriarum
1035 1917 1135 1975 eidem
1152 1918 1285 2000 Johanni
1301 1917 1453 1993 Soldyna·

183 2025 263 2098 rych
279 2027 308 2082 in
332 2026 450 2083 octavis
474 2024 543 2084 festi
560 2026 642 2083 beati
654 2025 781 2099 Georgii
805 2026 941 2083 martiris
962 2025 1104 2098 proxime
1127 2025 1276 2097 preteriti,
1293 2026 1324 2082 in
1341 2041 1377 2084 eo
1394 2029 1452 2098 sci,-

183 2131 270 2201 licet:
284 2131 368 2206 quod
392 2132 472 2190 cirea
496 2131 610 2190 festum
632 2132 832 2189 sacratissimi
855 2132 994 2204 corporis
1018 2130 1132 2187 Christi
1156 2130 1186 2188 in
1210 2145 1290 2190 anno
1313 2133 1452 2192 eiusdem

185 2238 356 2296 millesimo
372 2237 676 2310 quadringentesimo
691 2237 919 2311 septuagesimo
935 2235 1069 2293 secundo
1085 2236 1325 2310 circumspectus
1341 2239 1453 2301 Valenv

185 2346 280 2416 tinus,
306 2351 378 2402 tunc
400 2342 504 2418 judex,
528 2345 755 2419 prescriptique
778 2344 832 2401 alii
855 2344 938 2400 cives
970 2348 999 2400 et
1022 2342 1244 2400 inhabitatores
1267 2342 1387 2416 prefate
1411 2347 1452 2404 ci·

185 2451 291 2509 vitatis
313 2451 458 2519 universi,
483 2450 690 2523 possessiones
714 2450 789 2507 dicti
814 2449 943 2523 capituli
958 2448 1092 2521 agentis:
1119 2448 1311 2520 Kralyowcz,
1336 2450 1452 2526 Czerye

184 2573 257 2615 cum
285 2557 403 2614 tributo
427 2556 545 2614 ibidem
569 2557 651 2629 exigi
674 2556 774 2626 solitu,
797 2570 915 2613 necnon
939 2553 1114 2626 Kobylyak,
1138 2553 1283 2627 Zwybye,
1308 2562 1339 2614 et
1354 2558 1453 2617 Narth

187 2673 321 2735 vocatas,
346 2663 378 2720 in
401 2663 549 2720 comitatu
572 2663 764 2734 zagrabiensi
786 2662 917 2732 habitas,
933 2660 1027 2718 simul
1051 2675 1121 2717 cum
1139 2660 1256 2717 cunctis
1272 2663 1452 2729 earumdem

185 2770 373 2829 utilitatibus
396 2775 426 2826 et
450 2768 646 2841 pertinenciis
669 2768 862 2841 quibuslibet
885 2781 902 2823 a
927 2767 1071 2823 manibus
1087 2766 1184 2838 ipsius
1201 2767 1332 2840 capituli
1350 2770 1452 2828 minus

184 2875 266 2953 juste
289 2881 319 2933 et
341 2874 477 2933 indebite
499 2888 558 2948 pro
580 2889 612 2932 se
633 2875 709 2947 ipsis
731 2887 793 2930 non
816 2878 1026 2945 occupassent.
1051 2877 1279 2945 occupatosque
1302 2889 1359 2946 per
1382 2876 1452 2948 plu·

185 2983 266 3041 rima
290 2988 432 3054 tempora
456 2995 517 3038 uon
541 2985 783 3049 conservassent,
807 2993 842 3036 ac
866 2977 904 3035 de
928 2976 1044 3034 eisdem
1068 2977 1228 3033 universas
1250 2982 1279 3034 et
1295 2979 1451 3050 quaslibet

185 3089 337 3146 utilitates
360 3095 389 3144 et
412 3085 531 3144 fructus
547 3084 727 3143 earumdem
750 3100 812 3143 non
827 3084 1015 3156 recepissent
1031 3083 1170 3157 potencia
1189 3085 1352 3157 mediante,
1367 3085 1453 3143 iuxta

186 3195 311 3267 vigores
335 3192 467 3250 duarum
490 3193 665 3250 litterarum
689 3190 971 3265 inquisicionalium
996 3188 1033 3245 ad
1059 3195 1131 3246 tunc
1148 3204 1203 3261 per
1219 3197 1454 3263 procuratorem

186 3299 261 3358 dicti
285 3299 413 3373 capituli
437 3300 468 3356 in
492 3314 623 3372 persona
642 3297 779 3355 eiusdem
803 3296 1038 3371 productarum,
1062 3296 1320 3368 quinquagesimo
1344 3313 1377 3354 se
1392 3298 1454 3356 sibi

185 3405 401 3464 consimilibus
425 3404 546 3463 civibus
568 3404 704 3462 aliarum
726 3404 889 3461 civitatum
912 3407 965 3459 aut
988 3400 1157 3474 opidorum
1175 3401 1226 3457 vel
1243 3402 1404 3460 nobilibus
1420 3409 1451 3462 et

186 3527 249 3570 nou
271 3512 381 3569 ineolis
416 3510 497 3569 dicte
525 3510 659 3568 civitatis
690 3509 877 3580 Greczensis,
911 3523 957 3578 eo,
981 3506 1064 3581 quod
1088 3507 1148 3582 ipsi
1172 3523 1264 3565 causa
1287 3509 1318 3566 in
1341 3508 1451 3568 eadem

186 3618 406 3676 universaliter
435 3617 467 3676 in
498 3631 623 3674 causam
654 3617 777 3674 attracti
808 3615 918 3686 forent,
948 3613 1159 3690 juramentum
1182 3613 1389 3686 adiudicasse;
1415 3615 1454 3674 de

187 3740 250 3799 quo
274 3723 402 3797 quidem
425 3720 541 3798 judicio
564 3723 670 3780 banali
694 3723 822 3780 minime
854 3727 1014 3779 contentus
1050 3720 1132 3778 idem
1163 3719 1318 3801 Johannes
1350 3721 1452 3794 iudex,

187 3846 313 3889 causam
344 3829 474 3888 eandem
505 3845 543 3886 ex
574 3844 611 3887 eo
642 3829 787 3901 maxime,
819 3827 902 3903 quod
927 3827 1136 3902 prescriptum
1160 3826 1369 3883 iuramentum
1391 3842 1454 3885 non

187 3937 264 4011 ipse,
297 3935 351 3994 sed
383 3933 525 4010 prefatus
558 3933 749 4007 Valentinus,
781 3939 854 3993 tunc
885 3933 987 4004 iudex,
1019 3946 1080 3990 non
1110 3947 1181 3988 cum
1205 3931 1276 3989 aliis
1300 3933 1453 3990 extraneis

188 4042 448 4112 coniuratoribus,
472 4040 526 4098 sed
550 4040 660 4098 incolis
685 4048 714 4099 et
737 4040 1000 4099 inhabitatoribus
1024 4038 1104 4095 dicte
1135 4036 1268 4095 civitatis
1299 4036 1454 4112 deponere

188 4148 324 4220 deberet,
348 4162 407 4223 pro
431 4147 660 4206 deliberacione
681 4147 916 4221 premissorum,
948 4146 978 4202 in
1009 4145 1127 4201 curiam
1158 4144 1285 4216 regiam,
1315 4153 1454 4201 nostram

187 4255 306 4313 scilicet
328 4255 360 4312 in
383 4255 586 4328 presenciam,
618 4268 676 4327 per
706 4255 810 4329 ipsum
840 4251 929 4325 regni
959 4249 1122 4308 Sclauonie
1146 4250 1263 4308 barrum
1287 4248 1456 4308 transmitti

188 4360 375 4435 postulasse,
398 4362 565 4435 ipsumque
587 4360 674 4433 regni
699 4358 861 4418 Sclauonie
881 4359 1006 4427 barrum,
1038 4371 1164 4413 causam
1187 4355 1316 4414 eandem
1339 4355 1381 4413 ad
1404 4371 1453 4413 oc·

187 4472 276 4526 taras
311 4466 383 4527 festi
419 4468 502 4527 beati
536 4467 645 4552 Jacobi
679 4467 814 4542 apostoli
844 4471 917 4523 tunc
951 4468 1097 4521 venturas
1130 4464 1302 4522 incuriam
1326 4463 1454 4536 regiam,

186 4579 327 4634 nostram
350 4573 467 4633 scilicet
491 4575 522 4632 in
545 4573 747 4648 presenciam,
770 4587 829 4647 pro
852 4571 1081 4630 deliberacione
1104 4571 1327 4644 premissorum
1356 4574 1455 4628 trans·

187 4679 308 4738 misisse
332 4678 561 4738 declarandam.
578 4678 697 4737 Tamen
719 4679 787 4753 ipse
810 4678 960 4737 Martinus
983 4677 1024 4735 de
1046 4676 1166 4749 Edeles,
1190 4691 1285 4750 quam
1315 4675 1455 4750 prefatus

186 4785 352 4844 Ladislaus
388 4786 428 4844 de
451 4785 641 4855 Zenthlazlo,
673 4791 890 4860 procuratores
925 4784 1065 4858 parcium
1103 4782 1284 4842 earumdem
1319 4798 1376 4857 per
1398 4797 1455 4841 nos

187 4891 305 4951 eisdem
336 4893 368 4951 in
399 4894 560 4967 premissis
591 4891 814 4950 discussionem
844 4898 875 4949 et
904 4890 1166 4948 deliberacionem
1199 4890 1325 4964 preberi
1349 4895 1455 4963 postu·
