3278 5348
510 424 772 509 Doc.184.185.
799 463 837 472 —-
862 431 919 491 An.
942 427 1157 509 1455-1456.
1388 449 1448 509 24⁷

778 642 860 708 184„

287 803 368 852 Anno
390 812 465 868 1455,
487 813 530 865 31.
546 800 700 852 decembris.
719 799 868 864 Zagrabise.

181 929 341 1003 Sponsores
363 928 484 1004 quoiam
505 929 539 987 ob
562 935 713 1002 argentum
737 928 836 986 datum
859 929 948 987 Petro
970 935 999 987 ct
1022 928 1174 987 Benedicto
1204 929 1368 1004 aurifabris
1391 936 1451 1002 pro

317 1035 397 1093 theca
420 1035 463 1093 ad
481 1034 707 1094 conservandum
721 1036 815 1109 pueri
835 1036 992 1093 innocentis
1013 1044 1124 1110 corpus,
1148 1036 1322 1109 quietantur.

296 1182 359 1240 Nos
394 1181 567 1256 capitulum
597 1182 725 1239 ecclesie
757 1182 973 1254 zagrabiensis.
1008 1182 1158 1240 Memorie
1194 1179 1451 1239 commendamus

186 1306 244 1365 per
269 1293 436 1363 presentes,
460 1288 544 1362 quod
567 1287 641 1363 licet
664 1287 789 1363 providi
805 1288 874 1356 viri,
897 1288 1043 1346 videlicet
1059 1287 1250 1358 Valentinus,
1272 1286 1357 1345 filius
1380 1302 1451 1345 con·

182 1395 256 1454 dam
280 1395 450 1466 Michaelis,
465 1393 623 1466 Sarouych
648 1393 732 1466 dicti,
763 1394 909 1453 Nicolaus
932 1394 1090 1453 aurifaber
1113 1409 1148 1452 ac
1171 1394 1304 1452 condam
1328 1393 1451 1464 Paulus,

181 1501 335 1576 Walpoth
357 1500 466 1573 dictus,
491 1500 575 1559 cives
598 1501 732 1558 civitatis
755 1501 870 1558 montis
886 1499 1071 1558 Grechensis
1094 1500 1132 1558 de
1153 1497 1240 1575 juxta
1256 1499 1454 1572 Zagrabiam,

186 1608 311 1666 racione
334 1605 495 1665 cuiusdam
520 1607 639 1680 argenti
670 1608 777 1678 nostri,
811 1606 931 1664 scilicet
966 1607 1077 1679 viginti
1111 1612 1244 1680 quatuor
1274 1620 1451 1671 marcamm

186 1714 435 1787 hungaricalium
460 1718 490 1772 et
521 1721 664 1788 quartam
700 1713 864 1772 dimidiam
898 1714 985 1771 uncis
1019 1712 1058 1770 ad
1092 1712 1321 1788 preparandam
1352 1718 1451 1770 tecam

187 1821 226 1880 ad
253 1819 456 1878 deferendum
480 1825 511 1878 et
541 1819 787 1878 conservandum
823 1826 965 1878 sanctum
996 1820 1199 1890 innocentem,
1222 1834 1280 1892 per
1303 1818 1452 1891 providos

185 1928 271 1986 viros
298 1927 430 1984 Paulum
456 1933 486 1984 et
509 1925 707 1984 Benedictum
736 1926 920 1998 aurifabros,
951 1927 1034 1985 cives
1066 1924 1145 1982 dicte
1175 1924 1308 1983 civitatis
1339 1925 1453 1983 montis

188 2032 384 2104 Grechensis,
419 2033 472 2106 qui
503 2031 633 2090 eandem
664 2038 763 2090 tecam
798 2033 990 2102 laborarunt,
1019 2030 1216 2088 fideiussores
1247 2030 1337 2088 nobis
1361 2031 1452 2089 exsti·

183 2140 290 2199 tissent
315 2146 345 2198 et
368 2141 400 2198 in
424 2140 521 2197 robur
536 2138 716 2197 huiusmodi
733 2138 925 2197 fideiussoris
941 2138 1094 2195 caucionis
1111 2137 1187 2194 certi
1202 2137 1317 2194 tenoris
1333 2136 1452 2194 litteras

183 2246 242 2304 sub
266 2246 373 2320 sigillo
404 2246 537 2304 civitatis
566 2246 681 2303 montis
716 2244 900 2303 Grechensis
934 2243 1071 2318 predicte
1106 2243 1196 2300 nobis
1229 2242 1452 2315 assignassent;

184 2368 260 2425 quas
284 2352 404 2410 litteras
428 2368 483 2425 per
507 2351 714 2424 negligentem
750 2351 922 2409 custodiam
955 2358 986 2408 et
1019 2349 1286 2407 conservacionem
1319 2348 1451 2406 condam

183 2458 377 2517 honorabilis
400 2458 462 2516 viri
486 2457 626 2530 magistri
651 2458 810 2515 Michaelis
841 2456 880 2515 de
903 2457 1070 2529 Thosaycz,
1102 2457 1177 2514 socii
1200 2461 1230 2513 et
1253 2455 1450 2514 concanonici

185 2566 291 2637 nostri,
315 2564 530 2636 cognoscimus
555 2562 622 2621 tore
647 2563 840 2638 deperditas;
867 2563 936 2621 ideo
961 2577 1025 2634 nos,
1060 2567 1221 2620 annotatos
1241 2561 1451 2631 Valentinum,

183 2670 347 2728 Nicolaum
372 2676 402 2728 et
425 2669 557 2728 condam
575 2670 706 2727 Paulum
724 2669 884 2743 Walpoth,
907 2670 1031 2727 racione
1053 2667 1234 2726 huiusmodi
1256 2666 1448 2725 fideiussorle

184 2778 337 2835 caucionis
361 2778 488 2850 quietos,
524 2776 670 2850 pacificos
693 2782 723 2834 et
746 2776 848 2834 modis
869 2777 1015 2834 omnibus
1038 2774 1200 2833 absolutos
1219 2768 1447 2852 (reddidimus),

183 2885 281 2943 immo
316 2882 477 2942 reddimus
510 2889 541 2941 et
575 2883 809 2954 committimus,
832 2883 951 2940 litteras
975 2883 1068 2940 etiam
1092 2881 1310 2951 fideiussorias‚
1334 2880 1378 2937 sic
1401 2895 1450 2937 ca-

183 2991 311 3050 sualiter
343 2989 529 3064 deperditas,
566 3004 670 3059 vanas,
705 3005 807 3047 cassas
841 2997 870 3047 et
901 2989 1021 3047 viribus
1054 2987 1261 3061 relinquimus
1293 2987 1450 3059 carituras,

184 3098 282 3157 immo
316 3098 433 3170 ubique
454 3097 628 3154 litterarum
652 3096 820 3154 exhibitori
851 3095 1032 3154 earumdem
1056 3095 1218 3152 nocituras.
1253 3093 1374 3150 Harum
1397 3108 1451 3150 no·

183 3212 319 3262 strarum
344 3202 451 3275 vigore
474 3209 504 3260 et
527 3203 703 3260 testimonio
721 3203 896 3260 litterarum
914 3200 1075 3259 mediante.
1100 3200 1215 3257 Datum
1240 3199 1316 3256 teria
1339 3205 1450 3272 quarta

183 3311 328 3385 proxima
351 3312 421 3366 ante
453 3308 565 3366 festum
590 3309 842 3366 Circumcisionis
875 3307 1000 3365 domini.
1037 3309 1126 3364 Anno
1150 3305 1289 3364 eiusdem
1313 3305 1450 3364 llCCCC

184 3416 442 3490 quinquagesimo
467 3417 582 3488 quinto,

290 3570 369 3619 Liber
387 3570 482 3618 rubeus
501 3585 549 3617 ven
577 3568 683 3634 capituli
703 3569 763 3620 eccl,
791 3569 972 3632 zagrabiensis
993 3572 1024 3617 In
1043 3568 1137 3619 archiv.
1167 3566 1230 3618 incl.
1249 3567 1333 3618 Acad.
1360 3567 1441 3616 scient

186 3658 253 3709 Slav.
275 3658 363 3708 merid.

778 3835 858 3900 185.

289 3998 371 4045 Anno
393 3994 467 4060 1456,
490 4008 511 4044 l.
531 3994 691 4059 septembris.
709 3995 818 4044 Romae.

184 4126 212 4181 A
240 4125 348 4181 (blisto
378 4122 438 4182 Ill.
464 4130 548 4199 papa
567 4129 696 4194 potestas
725 4121 833 4178 rluobus
862 4124 1003 4178 cunum'cr's
1034 4121 1157 4199 cugrcrb.
1182 4121 1277 4187 datur,
1300 4127 1333 4176 rd
1354 4138 1447 4176 omncs

185 4231 313 4288 hemines
334 4229 472 4297 scelestos,
502 4230 531 4285 si
553 4227 747 4301 possessiones
770 4229 941 4286 neutrrrstcreb
964 4247 984 4285 s.
1011 4228 1136 4295 llsr'culrri,
1160 4227 1269 4283 orcle'm's
1293 4225 1449 4282 Praedica-

428 4342 521 4391 torum
543 4341 654 4407 ereptas
677 4353 733 4390 non
757 4334 939 4401 reddiderint,
963 4333 1208 4390 excommemicerd.

290 4480 425 4537 Calistus
449 4480 745 4553 episcopusservus
770 4494 932 4537 servorum
957 4479 1014 4535 dei.
1039 4477 1168 4534 Dilectis
1184 4475 1259 4533 filiis
1276 4458 1451 4533 Matheasso

184 4586 222 4644 de
245 4585 398 4643 Chulchet
435 4593 465 4643 et
487 4585 605 4668 Jacobo
640 4585 677 4641 de
701 4585 865 4657 Placentia,
900 4584 1053 4642 canonicis
1084 4582 1210 4640 ecclesie
1241 4580 1449 4654 zagabriensis

184 4693 318 4751 salutem
354 4700 384 4749 et
419 4691 622 4766 apostolicam
659 4691 912 4750 benedictionem.
955 4689 1174 4764 significarunt
1214 4689 1304 4746 nobis
1345 4687 1451 4744 dilecti

184 4798 243 4857 filii
266 4799 353 4874 prior
383 4804 412 4856 et
449 4798 558 4856 tratres
591 4798 703 4855 domus
737 4799 835 4856 sancti
869 4797 990 4856 Nicolai
1025 4804 1112 4854 extra
1149 4811 1255 4854 muros
1290 4793 1450 4869 Zagabrie,

184 4904 303 4965 ordinis
332 4903 575 4977 Predicatorum,
610 4903 695 4978 quod
725 4904 867 4963 nonnulli
901 4903 1072 4977 iniquitatis
1106 4902 1174 4974 filii,
1211 4916 1289 4974 quos
1323 4914 1451 4975 prorsus
