3278 5348
179 402 256 468 '266
559 406 630 464 Doc.
652 419 724 482 2⁰4·
747 415 817 479 205.
839 438 883 448 -
907 404 961 461 Aa
987 399 1077 480 1458.

192 617 286 667 Salasd
311 633 365 668 can.
391 617 453 668 eccl.
478 617 578 681 zagrab.
605 633 638 668 nr.
664 634 689 682 p.
718 618 776 680 Ego
801 615 931 665 Gerardus
949 615 982 663 de
1001 614 1084 663 Patalr
1103 630 1157 665 can.
1177 613 1240 665 eccl.
1260 613 1363 677 zagrab.
1382 628 1415 663 un
1431 627 1451 676 p.

192 710 250 770 Ego
269 706 372 755 Blasius
390 707 423 755 de
441 706 624 770 Nemesburgh
643 722 699 755 can.
725 705 845 754 similiter
869 704 967 769 prefate
986 702 1048 753 eccl.
1069 719 1124 754 can.
1142 718 1175 752 m.
1196 718 1221 767 p.
1251 704 1311 765 Ego
1331 702 1451 750 Martinus

191 796 224 844 de
244 797 345 858 Rstges
363 796 395 843 de
415 794 547 859 Reyiinicz
572 811 626 846 cau.
652 794 713 844 eccl.
741 793 841 857 zagrab.
861 808 894 844 m.
914 808 939 857 p.
958 808 999 841 me
1020 792 1168 857 subscripsi.
1197 793 1256 855 Ego
1275 790 1409 856 Johunnes
1425 790 1452 838 de

191 885 334 932 Martinecz
352 900 406 933 can.
426 883 527 946 zagrab.
546 883 594 932 hec
613 900 645 933 rn.
666 899 690 947 p.
712 898 732 931 s.
752 884 810 945 Ego
829 882 986 938 Demetrius,
1005 881 1165 930 decretorum
1177 881 1276 937 doctor,
1290 894 1347 930 cun.
1360 878 1450 942 ragrab.

192 973 218 1022 iu
239 987 347 1036 persona
375 973 489 1034 magistri
518 971 621 1020 Nicolai
649 971 681 1019 de
709 971 853 1020 Zabothiua
882 971 998 1018 canonici
1026 969 1199 1032 zagrabiensis
1225 968 1274 1016 hec
1293 968 1385 1032 scripsi
1402 967 1452 1030 ipso

195 1068 313 1125 presente
332 1068 357 1108 et
376 1060 520 1115 mandante,
541 1059 703 1122 presentibus
722 1059 833 1107 dominis
858 1058 890 1106 de
913 1056 1027 1121 capitulo
1047 1065 1072 1105 et
1091 1056 1247 1106 videntibus.
1278 1057 1337 1120 Ego
1357 1055 1450 1104 Blasius

193 1149 226 1196 de
245 1148 386 1197 Glannicza
406 1163 459 1197 can.
480 1147 542 1195 eccl.
561 1147 660 1211 zagrab.
680 1147 723 1197 hic
742 1163 782 1196 nie
802 1163 834 1197 m.
855 1162 878 1209 p.
900 1146 1049 1210 subscripsi.

296 1325 374 1373 Liber
394 1325 487 1372 rubeus
508 1340 564 1374 ven.
584 1325 667 1388 Capit,
690 1324 790 1386 zagrsb.
813 1325 844 1371 ln
862 1320 957 1371 archiv.
977 1320 1037 1371 incl.
1058 1321 1141 1371 Acad.
1162 1320 1250 1369 Scient
1279 1320 1349 1371 Slav.
1369 1319 1450 1369 merid.

773 1606 864 1671 204.

295 1800 375 1847 Anno
398 1800 471 1863 1458,
495 1812 533 1850 12,
553 1798 650 1863 aprilis.
672 1798 820 1861 Zagrabiae.

196 1926 359 2000 (intitulant
383 1928 528 1984 constituit
549 1935 576 1983 ct
597 1926 737 1999 insignat,
761 1934 794 1982 ut
816 1927 947 1982 canonici
968 1927 1081 1998 aegroti
1101 1943 1163 1982 curn
1194 1924 1275 1980 sanis
1309 1928 1450 1997 quaestum

614 2052 799 2123 sigillationis
821 2052 1032 2108 communicent.

294 2212 383 2267 Anno
408 2210 525 2268 domini
549 2211 712 2270 MCCCCL
728 2218 848 2282 octavo,
866 2210 940 2269 feria
958 2219 1068 2284 quarta
1085 2210 1229 2284 proxima
1252 2215 1324 2266 ante
1342 2207 1448 2265 festum

187 2317 269 2374 beati
293 2317 431 2374 Tiburcii
463 2320 607 2387 martiris,
641 2319 783 2390 proxime
813 2326 952 2388 ventura,
978 2332 1085 2374 omnes
1108 2316 1227 2373 domini
1251 2315 1291 2373 de
1314 2314 1446 2388 capitulo

188 2438 245 2496 pro
269 2427 341 2479 tunc
365 2426 396 2480 in
419 2424 611 2495 sigillacione
633 2433 789 2498 presentes
813 2424 958 2481 concordi
981 2431 1010 2481 et
1035 2423 1173 2481 unanimi
1197 2426 1271 2480 voto
1296 2422 1450 2480 concluse·

187 2537 259 2587 runt
283 2539 312 2586 et
335 2530 468 2588 firmiter
492 2531 638 2604 deinceps
662 2532 824 2589 observari
846 2535 1027 2600 statuerunt,
1052 2529 1134 2602 quod
1159 2543 1268 2586 omnes
1291 2529 1392 2600 egroti
1415 2543 1449 2584 ex

188 2635 321 2694 dominis
345 2644 374 2694 et
398 2637 579 2695 infirmitate
604 2638 736 2695 notabili
760 2637 918 2710 depressi,
943 2636 997 2708 qui
1019 2635 1135 2693 scilicet
1158 2636 1274 2692 intrare
1297 2634 1338 2691 ad
1371 2632 1450 2706 sigil-

190 2741 339 2800 lacionem
364 2758 425 2800 non
443 2750 576 2817 possent,
598 2743 812 2801 nonobstante
834 2758 942 2800 eorum
958 2742 1109 2809 absencia,
1133 2755 1221 2814 quos·
1234 2746 1340 2798 tamen
1357 2739 1449 2797 racio·

188 2849 302 2905 nabilis
327 2858 450 2906 excusat
475 2850 627 2920 molestia,
652 2856 800 2923 tanquam
824 2849 855 2907 in
890 2847 1082 2920 sigillacione
1111 2850 1271 2920 presentes
1305 2846 1448 2903 omnibus

186 2954 281 3026 sigilli
314 2957 520 3027 proventibus
552 2955 793 3014 misericorditer
825 2955 995 3027 pociantur,
1028 2953 1110 3025 quod
1144 2952 1304 3025 perpetuis
1336 2965 1448 3009 succes·

185 3060 260 3117 sivis
283 3061 477 3133 temporibus
494 3061 751 3132 irrefragabiliter
767 3062 959 3130 observetur,
983 3068 1016 3115 ut
1041 3073 1077 3115 eo
1101 3057 1195 3116 modo
1211 3057 1324 3115 caritas
1347 3063 1449 3114 mutua

185 3166 224 3222 ad
251 3166 435 3222 alterutrum
461 3167 624 3223 radicetur.

291 3352 368 3400 Liber
388 3353 481 3400 rubeus
501 3369 549 3403 ven
579 3355 662 3417 Capit.
683 3355 783 3416 zagrab.
804 3358 834 3403 In
854 3354 949 3403 archiv.
969 3352 1029 3402 incl.
1050 3353 1133 3401 Acad.
1154 3352 1242 3400 Scient
1271 3351 1341 3402 Slnv.
1362 3349 1446 3400 merid.

771 3637 857 3701 205.

289 3827 369 3875 Anno
392 3832 465 3892 1458,
487 3829 510 3877 b.
531 3831 599 3877 muii.
621 3830 766 3891 Zagrabiae.

189 3964 291 4020 Coram
315 3968 440 4038 capitolo
463 3968 647 4040 zagrabionsi
668 3970 853 4024 continentias
876 3970 1000 4026 civitatis
1022 3969 1247 4026 intercessionem
1256 3969 1339 4043 socii
1352 3974 1446 4025 contra

334 4074 488 4130 oll'colounr
512 4075 707 4147 arorn‘abnnn,
727 4077 797 4147 quoa
813 4075 957 4149 jariicianz
981 4077 1106 4131 civitatis
1129 4076 1299 4147 contempsit.

288 4235 350 4291 Nos
366 4238 537 4309 capitulum
551 4239 678 4294 ecclesie
702 4238 916 4308 zagrabiensis.
941 4238 1089 4294 Memorie
1113 4236 1370 4295 commendamus
1393 4253 1445 4311 per

181 4347 344 4413 presentes,
376 4343 457 4414 quod
490 4343 613 4415 providi
639 4351 667 4401 et
699 4345 913 4416 circumspecti
937 4345 997 4400 viri
1020 4342 1181 4400 Conradus
1203 4342 1344 4416 Rawsar,
1369 4344 1442 4400 alias

180 4443 289 4520 judex,
314 4454 342 4503 et
367 4448 502 4505 Thomas
527 4449 669 4520 Croacus,
695 4451 777 4506 cives
801 4450 934 4506 civitatis
959 4450 1072 4507 montis
1097 4448 1259 4506 Grecensis
1292 4448 1331 4506 de
1363 4450 1445 4507 iuxta

181 4551 373 4624 Zagrabiam,
408 4556 438 4611 in
462 4556 603 4627 ipsorum
625 4572 741 4613 necnon
764 4555 883 4630 judicis,
906 4556 1087 4632 juratorum,
1111 4561 1349 4628 ceterorumque
1381 4556 1444 4614 uni·

181 4673 343 4715 versorum
368 4660 483 4717 civium
510 4676 545 4717 ac
572 4663 814 4720 inhabitatorum
841 4670 870 4720 et
900 4664 1080 4732 incolarum,
1110 4664 1270 4735 tociusque
1303 4677 1441 4721 commu·

181 4764 285 4821 nitatis
317 4765 450 4823 civitatis
481 4770 594 4824 montis
625 4768 786 4826 Grecensis
817 4770 953 4842 predicte
984 4771 1162 4827 nominibus
1189 4777 1219 4826 et
1249 4769 1281 4827 in
1310 4768 1446 4843 personis

181 4876 318 4928 nostram
343 4873 517 4945 specialiter
543 4874 696 4931 venientes
719 4874 751 4932 in
774 4877 965 4949 presenciam
983 4893 1038 4950 per
1062 4875 1192 4934 modum
1208 4875 1443 4950 protestacionis
